    <!DOCTYPE html>
    <html lang="en">
    
    <head>
        <meta charset="UTF-8">
        <meta http-equiv="X-UA-Compatible" content="IE=edge">
        <meta name="viewport" content="width=device-width, initial-scale=1.0">
        <title>IaSmarKet Products</title>
        <style>
            body {
                background-color: black;
                color: white;
            }
    
            .datetime {
                text-align: center;
                color: gray;
            }
    
            .date, .time {
                font-size: 48px;
            }
    
            .container {
                display: flex;
                flex-wrap: wrap;
                justify-content: center;
                align-items: center;
                min-height: calc(100vh - 7cm);
            }
    
            .product {
                width: calc(100% / 4);
                margin-bottom: 20px;
                text-align: center;
                border: 1px solid red;
                border-radius: 10px;
                overflow: hidden;
                padding: 10px;
                display: flex;
                flex-direction: column;
                background-color: black;
                color: white;
            }
    
            .product .content {
                height: 200px;
                overflow: hidden;
            }
    
            .product img {
                width: 100%;
                height: 200px; /* Ajuste la hauteur selon tes besoins */
                object-fit: cover; /* Ajuste l'image pour qu'elle remplisse le conteneur */
            }
    
            .product .description {
                margin-top: 10px;
            }
    
            .product .more-link {
                margin-top: 5px;
                cursor: pointer;
                color: blue;
            }
    
            .pagination {
                text-align: center;
                margin: 20px 0;
            }
    
            .pagination a {
                color: white;
                padding: 8px 16px;
                text-decoration: none;
                background-color: gray;
                margin: 0 4px;
                border-radius: 4px;
            }
    
            .pagination a:hover {
                background-color: #575757;
            }
    
            @media (min-width: 768px) and (max-width: 991px) {
                .product {
                    width: calc(100% / 3);
                }
            }
    
            @media (max-width: 767px) {
                .product {
                    width: 100%;
                }
            }
    
            /* Style pour le bouton flottant */
            .floating-button {
                position: fixed;
                bottom: 20px;
                right: 20px;
                background-color: red;
                color: white;
                border: none;
                border-radius: 50%;
                width: 60px;
                height: 60px;
                text-align: center;
                font-size: 18px;
                cursor: pointer;
                z-index: 1000;
                box-shadow: 0 4px 8px rgba(0, 0, 0, 0.2);
            }
        </style>
    </head>
    
    <body>
        <div class="datetime">
            <div class="date" id="comment"></div>
            <div class="date" id="date"></div>
            <div class="time" id="time"></div>
        </div>
    
        <div class="container">
          
            

<div class="product"><a href="https://www.amazon.com/dp/B0000AXNO5?tag=eloabder-20&linkCode=osi&th=1&psc=1"><img src="https://m.media-amazon.com/images/I/411lu8hpsTL._SL500_.jpg" alt="Product Image"></a><p>SIMPLE GREEN ndustrial Cleaner and Degreaser, 1 US GALLON</p><p> -49% 0FF </p><p>$12.79 ($0.10 / Fl Oz)</p><a href="https://www.amazon.com/dp/B0000AXNO5?tag=eloabder-20&linkCode=osi&th=1&psc=1">View Product</a></div><div class="product"><a href="https://www.amazon.com/dp/B0B6HNYPD1?tag=eloabder-20&linkCode=osi&th=1&psc=1"><img src="https://m.media-amazon.com/images/I/51EInWKBX1L._SL500_.jpg" alt="Product Image"></a><p>String Mop for Floor Cleaning - Heavy Duty Industrial Commercial Mop with Extra Replacement Mop Head , 59inch Mop Handle, Wet Mop for Home,Garage,Office, Workshop, Warehouse Floor Cleaning</p><p> -22% 0FF </p><p>$28.98</p><a href="https://www.amazon.com/dp/B0B6HNYPD1?tag=eloabder-20&linkCode=osi&th=1&psc=1">View Product</a></div><div class="product"><a href="https://www.amazon.com/dp/B09V5FV7H8?tag=eloabder-20&linkCode=osi&th=1&psc=1"><img src="https://m.media-amazon.com/images/I/41GFVuDbcUL._SL500_.jpg" alt="Product Image"></a><p>VELCRO Brand Industrial Strength Fasteners | Extreme Outdoor Weather Conditions | Heavy Duty Strength Holds up to 15 lbs | 4 x 2 inch Strips, 3 Sets, Black (VEL-30758-USA)</p><p> -30% 0FF </p><p>$5.27</p><a href="https://www.amazon.com/dp/B09V5FV7H8?tag=eloabder-20&linkCode=osi&th=1&psc=1">View Product</a></div><div class="product"><a href="https://www.amazon.com/dp/B00006RSP1?tag=eloabder-20&linkCode=osi&th=1&psc=1"><img src="https://m.media-amazon.com/images/I/41oE--c0W-L._SL500_.jpg" alt="Product Image"></a><p>VELCRO Brand Heavy Duty Tape with Adhesive | 15 Ft x 2 In | Holds 10 lbs, Black | Industrial Strength Roll, Cut Strips to Length | Strong Hold for Indoor or Outdoor Use, 15ft x 2in</p><p> -50% 0FF </p><p>$20.24</p><a href="https://www.amazon.com/dp/B00006RSP1?tag=eloabder-20&linkCode=osi&th=1&psc=1">View Product</a></div><div class="product"><a href="https://www.amazon.com/dp/B0BDLFSZR4?tag=eloabder-20&linkCode=osi&th=1&psc=1"><img src="https://m.media-amazon.com/images/I/41tLbo5s0BL._SL500_.jpg" alt="Product Image"></a><p>KeFanta Commercial Mop Heavy Duty Industrial Mop with Long Handle,60" Looped-End String Wet Cotton Mops for Floor Cleaning,Home,Kitchen,Office,Garage and Concrete/Tile Floor</p><p> -5% 0FF </p><p>$19.97</p><a href="https://www.amazon.com/dp/B0BDLFSZR4?tag=eloabder-20&linkCode=osi&th=1&psc=1">View Product</a></div>
<div class="product"><a href="https://www.amazon.com/dp/B0CTJ4Y52T?tag=eloabder-20&linkCode=osi&th=1&psc=1"><img src="https://m.media-amazon.com/images/I/410DrBVMpwL._SL500_.jpg" alt="Product Image"></a><p>Ernst Manufacturing Wrench Pro Wrench Storage for 20 Wrenches - Hi-Viz</p><p> -5% 0FF </p><p>$16.10</p><a href="https://www.amazon.com/dp/B0CTJ4Y52T?tag=eloabder-20&linkCode=osi&th=1&psc=1">View Product</a></div><div class="product"><a href="https://www.amazon.com/dp/B011BDWS5Y?tag=eloabder-20&linkCode=osi&th=1&psc=1"><img src="https://m.media-amazon.com/images/I/31vzNsRYhkL._SL500_.jpg" alt="Product Image"></a><p>Tower Manufacturing 30434009 Auto-Reset 15 AMP Right Angle GFCI Plug, Black</p><p> -6% 0FF </p><p>$16.96</p><a href="https://www.amazon.com/dp/B011BDWS5Y?tag=eloabder-20&linkCode=osi&th=1&psc=1">View Product</a></div><div class="product"><a href="https://www.amazon.com/dp/B0CTJ78V81?tag=eloabder-20&linkCode=osi&th=1&psc=1"><img src="https://m.media-amazon.com/images/I/41NufwoDLiL._SL500_.jpg" alt="Product Image"></a><p>Ernst Manufacturing Wrench Pro - Modular Wrench Organizer for 40 Tools with Magnetic Base (Hi-Viz) - Made in the USA</p><p> -5% 0FF </p><p>$37.95</p><a href="https://www.amazon.com/dp/B0CTJ78V81?tag=eloabder-20&linkCode=osi&th=1&psc=1">View Product</a></div><div class="product"><a href="https://www.amazon.com/dp/B075XZPMHX?tag=eloabder-20&linkCode=osi&th=1&psc=1"><img src="https://m.media-amazon.com/images/I/41YihmHjGFL._SL500_.jpg" alt="Product Image"></a><p>PURELL Brand CLEAN RELEASE Technology (CRT) HEALTHY SOAP Naturally Clean Foam, Fragrance Free, 1200 mL Refill for PURELL ES6 Automatic Soap Dispenser (Pack of 2) - 6470-02-Manufactured by GOJO, Inc.</p><p> -14% 0FF </p><p>$51.86 ($1.28 / Fl Oz)</p><a href="https://www.amazon.com/dp/B075XZPMHX?tag=eloabder-20&linkCode=osi&th=1&psc=1">View Product</a></div><div class="product"><a href="https://www.amazon.com/dp/B012IMWAXW?tag=eloabder-20&linkCode=osi&th=1&psc=1"><img src="https://m.media-amazon.com/images/I/41jdAol8VML._SL500_.jpg" alt="Product Image"></a><p>Schaeffer Manufacturing Co. 0191-012S Micron Moly Racing Engine Oil 20W-50, 1-Quart Bottle</p><p> -8% 0FF </p><p>$10.48</p><a href="https://www.amazon.com/dp/B012IMWAXW?tag=eloabder-20&linkCode=osi&th=1&psc=1">View Product</a></div><div class="product"><a href="https://www.amazon.com/dp/B09F8CM69J?tag=eloabder-20&linkCode=osi&th=1&psc=1"><img src="https://m.media-amazon.com/images/I/41Ok3l4S+nL._SL500_.jpg" alt="Product Image"></a><p>Boka Fluoride Free Toothpaste- Nano Hydroxyapatite, Remineralizing, Sensitive Teeth, Whitening - Dentist Recommended for Adult, Kids Oral Care- Lemon Lavender Flavor, 4 Fl Oz 1Pk US Manufactured</p><p> -19% 0FF </p><p>$12.99 ($3.25 / Ounce)</p><a href="https://www.amazon.com/dp/B09F8CM69J?tag=eloabder-20&linkCode=osi&th=1&psc=1">View Product</a></div><div class="product"><a href="https://www.amazon.com/dp/B0060BFYHM?tag=eloabder-20&linkCode=osi&th=1&psc=1"><img src="https://m.media-amazon.com/images/I/41oFKMzBXIL._SL500_.jpg" alt="Product Image"></a><p>Ernst Manufacturing 3/8-Inch Dura-Pro Twist Lock Socket Clips, 15-Pack, Black - 8441</p><p> -25% 0FF </p><p>$7.99</p><a href="https://www.amazon.com/dp/B0060BFYHM?tag=eloabder-20&linkCode=osi&th=1&psc=1">View Product</a></div>
<div class="product"><a href="https://www.amazon.com/dp/B0094KPK70?tag=eloabder-20&linkCode=osi&th=1&psc=1"><img src="https://m.media-amazon.com/images/I/31gFDiqADHL._SL500_.jpg" alt="Product Image"></a><p>Miss Jessie's Pillow Soft Curls Unisex Lotion 8.5 oz</p><p> -11% 0FF </p><p>$21.97 ($2.58 / Fl Oz)</p><a href="https://www.amazon.com/dp/B0094KPK70?tag=eloabder-20&linkCode=osi&th=1&psc=1">View Product</a></div><div class="product"><a href="https://www.amazon.com/dp/B000052YCL?tag=eloabder-20&linkCode=osi&th=1&psc=1"><img src="https://m.media-amazon.com/images/I/41LCxmzicBL._SL500_.jpg" alt="Product Image"></a><p>biot√®ne Oral Rinse Mouthwash for Dry Mouth, Breath Freshener and Dry Mouth Treatment, Fresh Mint, 16 fl oz</p><p> -15% 0FF </p><p>$6.79 ($0.42 / Fl Oz)</p><a href="https://www.amazon.com/dp/B000052YCL?tag=eloabder-20&linkCode=osi&th=1&psc=1">View Product</a></div><div class="product"><a href="https://www.amazon.com/dp/B006ZUW070?tag=eloabder-20&linkCode=osi&th=1&psc=1"><img src="https://m.media-amazon.com/images/I/311iQ7u1zvS._SL500_.jpg" alt="Product Image"></a><p>Method Antibacterial Toilet Bowl Cleaner, Spearmint, Kills 99.9% of Household Germs, 24 Fl Oz</p><p> -58% 0FF </p><p>$4.39 ($0.18 / Fl Oz)</p><a href="https://www.amazon.com/dp/B006ZUW070?tag=eloabder-20&linkCode=osi&th=1&psc=1">View Product</a></div><div class="product"><a href="https://www.amazon.com/dp/B002KAOAZ4?tag=eloabder-20&linkCode=osi&th=1&psc=1"><img src="https://m.media-amazon.com/images/I/41MXc4FkUXL._SL500_.jpg" alt="Product Image"></a><p>biot√®ne Oral Rinse Mouthwash for Dry Mouth, Breath Freshener and Dry Mouth Treatment, Fresh Mint - 33.8 fl oz</p><p> -22% 0FF </p><p>$10.98 ($0.32 / Fl Oz)</p><a href="https://www.amazon.com/dp/B002KAOAZ4?tag=eloabder-20&linkCode=osi&th=1&psc=1">View Product</a></div><div class="product"><a href="https://www.amazon.com/dp/B002L13EK4?tag=eloabder-20&linkCode=osi&th=1&psc=1"><img src="https://m.media-amazon.com/images/I/41WL7dl9L-L._SL500_.jpg" alt="Product Image"></a><p>Core Products Soft Comfort CorPak, No Frost Hot and Cold Therapy Pack - 10" x 13", Made in The USA</p><p> -17% 0FF </p><p>$14.98 ($14.98 / Count)</p><a href="https://www.amazon.com/dp/B002L13EK4?tag=eloabder-20&linkCode=osi&th=1&psc=1">View Product</a></div>
<div class="product"><a href="https://www.amazon.com/dp/B0CRNSYY12?tag=eloabder-20&linkCode=osi&th=1&psc=1"><img src="https://m.media-amazon.com/images/I/41CCImE12+L._SL500_.jpg" alt="Product Image"></a><p>Pvilub UFO LED High Bay Light 200W 2 Pack, 5000K Dimmable High Bay LED Light Fixture with US Plug 5' Cable, 28000LM IP65 Waterproof High Bay Lights for Workshop Factory Barn Warehouse</p><p> -50% 0FF </p><p>$44.99 ($22.50 / Count)</p><a href="https://www.amazon.com/dp/B0CRNSYY12?tag=eloabder-20&linkCode=osi&th=1&psc=1">View Product</a></div><div class="product"><a href="https://www.amazon.com/dp/B0CXX9R85C?tag=eloabder-20&linkCode=osi&th=1&psc=1"><img src="https://m.media-amazon.com/images/I/415nSzRaRzL._SL500_.jpg" alt="Product Image"></a><p>Sud Factory Dissolve X2 Upgraded Paint Hard Water Spot & Stain Remover for Cars, Trucks, Boats, Motorcycle, RVs, Homes & More - 16oz</p><p> -5% 0FF </p><p>$31.32 ($1.96 / Fl Oz)</p><a href="https://www.amazon.com/dp/B0CXX9R85C?tag=eloabder-20&linkCode=osi&th=1&psc=1">View Product</a></div><div class="product"><a href="https://www.amazon.com/dp/B0CYQ6YG8V?tag=eloabder-20&linkCode=osi&th=1&psc=1"><img src="https://m.media-amazon.com/images/I/415R2W7EePL._SL500_.jpg" alt="Product Image"></a><p>4-Pack UFO LED High Bay Light 200W, High Bay LED Shop Lights 6500K 30000LM Daylight UL Listed with US Plug 5' Cable, Hanging Hook, LED UFO High Bay Lights for Warehouse Workshop Garage Factory Barn</p><p> -32% 0FF </p><p>$129.99</p><a href="https://www.amazon.com/dp/B0CYQ6YG8V?tag=eloabder-20&linkCode=osi&th=1&psc=1">View Product</a></div><div class="product"><a href="https://www.amazon.com/dp/B00T3Z6VG0?tag=eloabder-20&linkCode=osi&th=1&psc=1"><img src="https://m.media-amazon.com/images/I/41HMtL8drLL._SL500_.jpg" alt="Product Image"></a><p>Lifefactory 20-Ounce Indoor/Outdoor Protective Silicone Sleeve Beverage Glass, 4 Count (Pack of 1), Orange, Grass Green, Cobalt, Huckleberry</p><p> -20% 0FF </p><p>$39.99 ($10.00 / Count)</p><a href="https://www.amazon.com/dp/B00T3Z6VG0?tag=eloabder-20&linkCode=osi&th=1&psc=1">View Product</a></div><div class="product"><a href="https://www.amazon.com/dp/B0CYQ2W7YR?tag=eloabder-20&linkCode=osi&th=1&psc=1"><img src="https://m.media-amazon.com/images/I/41zMwlG6vaL._SL500_.jpg" alt="Product Image"></a><p>6 Packs UFO LED High Bay Light - 200W High Bay LED Shop Lights, 6500K 30000LM UFO Lights with US Plug 5ft Cable, Hanging Hook, Commercial Bay Lighting Daylight for Warehouse Factory Shop - UL Listed</p><p> -36% 0FF </p><p>$179.99 ($30.00 / Count)</p><a href="https://www.amazon.com/dp/B0CYQ2W7YR?tag=eloabder-20&linkCode=osi&th=1&psc=1">View Product</a></div><div class="product"><a href="https://www.amazon.com/dp/B08Y2J4C4C?tag=eloabder-20&linkCode=osi&th=1&psc=1"><img src="https://m.media-amazon.com/images/I/41T83Y3drrL._SL500_.jpg" alt="Product Image"></a><p>Factory Direct Partners 10368-BK 16" School Stack Chair, Stacking Student Seat with Chromed Steel Legs and Nylon Swivel Glides for in-Home Learning or Classroom - Black (6-Pack)</p><p> -21% 0FF </p><p>$240.05 ($40.01 / Count)</p><a href="https://www.amazon.com/dp/B08Y2J4C4C?tag=eloabder-20&linkCode=osi&th=1&psc=1">View Product</a></div><div class="product"><a href="https://www.amazon.com/dp/B0D6X64LWH?tag=eloabder-20&linkCode=osi&th=1&psc=1"><img src="https://m.media-amazon.com/images/I/41MQiiwVEsL._SL500_.jpg" alt="Product Image"></a><p>White Knight M12x1.25 Lug Nuts for Select Nissan and Infiniti, Factory Style Chrome Med Mag with Washer - 5306-20AM (20 Pack)</p><p> -16% 0FF </p><p>$20.88</p><a href="https://www.amazon.com/dp/B0D6X64LWH?tag=eloabder-20&linkCode=osi&th=1&psc=1">View Product</a></div>
<div class="product"><a href="https://www.amazon.com/dp/B0CKWZTJTL?tag=eloabder-20&linkCode=osi&th=1&psc=1"><img src="https://m.media-amazon.com/images/I/51x2qwWd-3L._SL500_.jpg" alt="Product Image"></a><p>VEVOR 4pcs Machinery Mover, 8T Machinery Skate Dolly, 17637lbs Machinery Moving Skate, Machinery Mover Skate w/ 360¬∞ Rotation Cap and 4 Rollers, Heavy Duty Industrial Moving Equipment, Yellow</p><p> -5% 0FF </p><p>$142.49</p><a href="https://www.amazon.com/dp/B0CKWZTJTL?tag=eloabder-20&linkCode=osi&th=1&psc=1">View Product</a></div><div class="product"><a href="https://www.amazon.com/dp/B0CB8VNTLN?tag=eloabder-20&linkCode=osi&th=1&psc=1"><img src="https://m.media-amazon.com/images/I/41PG7e4nerL._SL500_.jpg" alt="Product Image"></a><p>VEVOR Machinery Skate Dolly, 13,200 LBS/6T Industrial Machinery Mover, Heavy Duty Carbon Steel Machinery Moving Skate with 4 PU Wheels and 360¬∞ Rotation Non-Slip Cap for Warehouse, Workshop, Factory</p><p> -26% 0FF </p><p>$29.69</p><a href="https://www.amazon.com/dp/B0CB8VNTLN?tag=eloabder-20&linkCode=osi&th=1&psc=1">View Product</a></div><div class="product"><a href="https://www.amazon.com/dp/B0BG5HT6VK?tag=eloabder-20&linkCode=osi&th=1&psc=1"><img src="https://m.media-amazon.com/images/I/419hHIpihrL._SL500_.jpg" alt="Product Image"></a><p>VEVOR Machinery Skate Dolly, 6614 LBS/3T Industrial Machinery Mover with Handle, Carbon Steel Machinery Moving Skate with 3 360¬∞ Swivel PU Wheels, 360¬∞ Rotation Non-Slip Cap for Warehouse, Workshop</p><p> -9% 0FF </p><p>$99.99</p><a href="https://www.amazon.com/dp/B0BG5HT6VK?tag=eloabder-20&linkCode=osi&th=1&psc=1">View Product</a></div>
<div class="product"><a href="https://www.amazon.com/dp/B07R71PYPH?tag=eloabder-20&linkCode=osi&th=1&psc=1"><img src="https://m.media-amazon.com/images/I/51xY0A0dj6L._SL500_.jpg" alt="Product Image"></a><p>NEENCA Professional Knee Brace for Pain Relief, Medical Knee Support with Patella Pad & Side Stabilizers, Compression Knee Sleeve for Meniscus Tear, ACL, Joint Pain, Runner, Workout - FSA/HSA Eligible</p><p> -15% 0FF </p><p>$22.07</p><a href="https://www.amazon.com/dp/B07R71PYPH?tag=eloabder-20&linkCode=osi&th=1&psc=1">View Product</a></div><div class="product"><a href="https://www.amazon.com/dp/B0D8KQ4349?tag=eloabder-20&linkCode=osi&th=1&psc=1"><img src="https://m.media-amazon.com/images/I/41E0E-DrOiL._SL500_.jpg" alt="Product Image"></a><p>Rechargeable EMF Meter, 5 Level LED Portable Handheld Magnetic Field Detector for Ghost Hunting and Inspections in Home, Electromagnetic Paranormal Equipment Tester Up to 20 + MG</p><p> -17% 0FF </p><p>$14.99</p><a href="https://www.amazon.com/dp/B0D8KQ4349?tag=eloabder-20&linkCode=osi&th=1&psc=1">View Product</a></div><div class="product"><a href="https://www.amazon.com/dp/B08R6XRYVD?tag=eloabder-20&linkCode=osi&th=1&psc=1"><img src="https://m.media-amazon.com/images/I/31Oss0Gr+fL._SL500_.jpg" alt="Product Image"></a><p>99.9% Copper Dowsing Rods - 2PCS Divining Rods - for Ghost Hunting Tools, Divining Water, Treasure, Buried Items Etc</p><p> -30% 0FF </p><p>$13.99</p><a href="https://www.amazon.com/dp/B08R6XRYVD?tag=eloabder-20&linkCode=osi&th=1&psc=1">View Product</a></div>
<div class="product"><a href="https://www.amazon.com/dp/B0723914V1?tag=eloabder-20&linkCode=osi&th=1&psc=1"><img src="https://m.media-amazon.com/images/I/51A+d87r2aL._SL500_.jpg" alt="Product Image"></a><p>DEKOPRO 228 Piece Socket Wrench Auto Repair Tool Combination Package Mixed Tool Set Hand Tool Kit with Plastic Toolbox Storage Case</p><p> -20% 0FF </p><p>$79.99</p><a href="https://www.amazon.com/dp/B0723914V1?tag=eloabder-20&linkCode=osi&th=1&psc=1">View Product</a></div><div class="product"><a href="https://www.amazon.com/dp/B0105SSMRO?tag=eloabder-20&linkCode=osi&th=1&psc=1"><img src="https://m.media-amazon.com/images/I/313ovohBnZL._SL500_.jpg" alt="Product Image"></a><p>7-piece Workpro Pliers Set with Groove Joint, Long Nose, Slip Joint, Linesman, and Diagonal Pliers for DIY & Home Use</p><p> -20% 0FF </p><p>$19.99</p><a href="https://www.amazon.com/dp/B0105SSMRO?tag=eloabder-20&linkCode=osi&th=1&psc=1">View Product</a></div><div class="product"><a href="https://www.amazon.com/dp/B0BR8B8XKJ?tag=eloabder-20&linkCode=osi&th=1&psc=1"><img src="https://m.media-amazon.com/images/I/41fSDIgwWCL._SL500_.jpg" alt="Product Image"></a><p>2Pcs Heavy Duty Automatic Center Punch, 5'' Premium Steel Spring Loaded Center Hole Punch, Adjustable Spring Impact Center Marker Scriber Tool for Metel, Plastics, Wood, Glass by karmiero</p><p> -20% 0FF </p><p>$3.99</p><a href="https://www.amazon.com/dp/B0BR8B8XKJ?tag=eloabder-20&linkCode=osi&th=1&psc=1">View Product</a></div><div class="product"><a href="https://www.amazon.com/dp/B08YRLZCPJ?tag=eloabder-20&linkCode=osi&th=1&psc=1"><img src="https://m.media-amazon.com/images/I/51LIpo1iBZS._SL500_.jpg" alt="Product Image"></a><p>Egofine 46 Pieces 1/4 inch Drive Socket Ratchet Wrench Set, with Bit Socket Set Metric and Extension Bar for Auto Repairing and Household, with Storage Case</p><p> -23% 0FF </p><p>$19.87</p><a href="https://www.amazon.com/dp/B08YRLZCPJ?tag=eloabder-20&linkCode=osi&th=1&psc=1">View Product</a></div><div class="product"><a href="https://www.amazon.com/dp/B07WP4165D?tag=eloabder-20&linkCode=osi&th=1&psc=1"><img src="https://m.media-amazon.com/images/I/51TA+8eP4zL._SL500_.jpg" alt="Product Image"></a><p>Laser Level Line Tool, Multipurpose Laser Level Kit Standard Cross Line Laser leveler Beam Tool with Metric Rulers 8ft/2.5M for Picture Hanging cabinets Tile Walls by AikTryee.</p><p> -48% 0FF </p><p>$9.95</p><a href="https://www.amazon.com/dp/B07WP4165D?tag=eloabder-20&linkCode=osi&th=1&psc=1">View Product</a></div><div class="product"><a href="https://www.amazon.com/dp/B09TB7M842?tag=eloabder-20&linkCode=osi&th=1&psc=1"><img src="https://m.media-amazon.com/images/I/412U9M3sOcL._SL500_.jpg" alt="Product Image"></a><p>DEWALT 20V MAX XR Cut Off Tool, Brushless and Compact, Bare Tool Only (DCS438B)</p><p> -37% 0FF </p><p>$125.90</p><a href="https://www.amazon.com/dp/B09TB7M842?tag=eloabder-20&linkCode=osi&th=1&psc=1">View Product</a></div><div class="product"><a href="https://www.amazon.com/dp/B0BRPVRC77?tag=eloabder-20&linkCode=osi&th=1&psc=1"><img src="https://m.media-amazon.com/images/I/51DFLa11vEL._SL500_.jpg" alt="Product Image"></a><p>HORUSDY 16-Piece Punch and Chisel Set, Including Taper Punch, Cold Chisels, Pin Punch, Center Punch</p><p> -22% 0FF </p><p>$20.99</p><a href="https://www.amazon.com/dp/B0BRPVRC77?tag=eloabder-20&linkCode=osi&th=1&psc=1">View Product</a></div>
<div class="product"><a href="https://www.amazon.com/dp/B088M48Z3G?tag=eloabder-20&linkCode=osi&th=1&psc=1"><img src="https://m.media-amazon.com/images/I/51MV5+juS8L._SL500_.jpg" alt="Product Image"></a><p>anezus Self Healing Sewing Mat, 12inch x 18inch Rotary Cutting Mat Double Sided 5-Ply Craft Cutting Board for Sewing Crafts Hobby Fabric Precision Scrapbooking Project</p><p> -44% 0FF </p><p>$8.99</p><a href="https://www.amazon.com/dp/B088M48Z3G?tag=eloabder-20&linkCode=osi&th=1&psc=1">View Product</a></div><div class="product"><a href="https://www.amazon.com/dp/B0BX2BN5KQ?tag=eloabder-20&linkCode=osi&th=1&psc=1"><img src="https://m.media-amazon.com/images/I/31VTaTFWBXL._SL500_.jpg" alt="Product Image"></a><p>12 * 12 inch Packing Paper for Moving 100 Sheets Protecting Fragile China and Glasses,Small Wrapping Paper for Shipping and Moving Box Filler</p><p> -20% 0FF </p><p>$6.99 ($0.07 / Count)</p><a href="https://www.amazon.com/dp/B0BX2BN5KQ?tag=eloabder-20&linkCode=osi&th=1&psc=1">View Product</a></div>
<div class="product"><a href="https://www.amazon.com/dp/B0CMZZGXPX?tag=eloabder-20&linkCode=osi&th=1&psc=1"><img src="https://m.media-amazon.com/images/I/31YMA2qw31L._SL500_.jpg" alt="Product Image"></a><p>CREGEAR ABS Plastic Sheet 1/8 Inch Thick - 12" x 12", Black Plastic Sheet Rigid Thermoplastic Sheet, ABS Plastic Board for Sign, Craft, DIY Project, 2 Different Surfaces - Texture & Smooth, 1 Pack</p><p> -11% 0FF </p><p>$7.97</p><a href="https://www.amazon.com/dp/B0CMZZGXPX?tag=eloabder-20&linkCode=osi&th=1&psc=1">View Product</a></div>
<div class="product"><a href="https://www.amazon.com/dp/B0B293QNWQ?tag=eloabder-20&linkCode=osi&th=1&psc=1"><img src="https://m.media-amazon.com/images/I/41+feq08GCL._SL500_.jpg" alt="Product Image"></a><p>Metal Ice Scoop 6 OzÔºåKitchen Ice Scooper for Ice Maker, Small Food Scoops for Bar Party Wedding Pet Dog Food, Stainless Steel Silver</p><p> -30% 0FF </p><p>$6.99</p><a href="https://www.amazon.com/dp/B0B293QNWQ?tag=eloabder-20&linkCode=osi&th=1&psc=1">View Product</a></div><div class="product"><a href="https://www.amazon.com/dp/B07PXLJ9MP?tag=eloabder-20&linkCode=osi&th=1&psc=1"><img src="https://m.media-amazon.com/images/I/41YOR10YvIL._SL500_.jpg" alt="Product Image"></a><p>Fayleeko Wire Coat Hangers 40 Pack Strong Heavy Duty Stainless Steel Metal Ultra Thin Space Saving Clothes Hangers 16.5 Inch</p><p> -38% 0FF </p><p>$24.88 ($0.62 / Count)</p><a href="https://www.amazon.com/dp/B07PXLJ9MP?tag=eloabder-20&linkCode=osi&th=1&psc=1">View Product</a></div><div class="product"><a href="https://www.amazon.com/dp/B000H5W3PI?tag=eloabder-20&linkCode=osi&th=1&psc=1"><img src="https://m.media-amazon.com/images/I/21FCToLy5VL._SL500_.jpg" alt="Product Image"></a><p>K&S Sheet Metal Stock, Made in The USA,Stainless Steel/Silver</p><p> -14% 0FF </p><p>$6.47</p><a href="https://www.amazon.com/dp/B000H5W3PI?tag=eloabder-20&linkCode=osi&th=1&psc=1">View Product</a></div><div class="product"><a href="https://www.amazon.com/dp/B07GDDF5JB?tag=eloabder-20&linkCode=osi&th=1&psc=1"><img src="https://m.media-amazon.com/images/I/31dFxe1Df0L._SL500_.jpg" alt="Product Image"></a><p>HURRICANE 10 Inch Aviation Tin Snips, Heavy Duty Metal Cutter Shears for Cutting Sheet Metal, Straight Cut, Chrome Vanadium Steel</p><p> -30% 0FF </p><p>$13.99</p><a href="https://www.amazon.com/dp/B07GDDF5JB?tag=eloabder-20&linkCode=osi&th=1&psc=1">View Product</a></div>
<div class="product"><a href="https://www.amazon.com/dp/B0D95L6W5J?tag=eloabder-20&linkCode=osi&th=1&psc=1"><img src="https://m.media-amazon.com/images/I/41tbedSgDfL._SL500_.jpg" alt="Product Image"></a><p>Tandefio 40 Sticks Brazing Rods Bcup-5 Solder Phos Copper Brazing Alloys Flat Welding Rods Industry 0.050"x1/8"x10" for Air Conditioning Refrigerator Cold Storage HVAC Units (Phosphor Copper)</p><p> -5% 0FF </p><p>$20.99</p><a href="https://www.amazon.com/dp/B0D95L6W5J?tag=eloabder-20&linkCode=osi&th=1&psc=1">View Product</a></div>
<div class="product"><a href="https://www.amazon.com/dp/B0053KMAMI?tag=eloabder-20&linkCode=osi&th=1&psc=1"><img src="https://m.media-amazon.com/images/I/41f4ot2fnZL._SL500_.jpg" alt="Product Image"></a><p>Party Dimensions Plastic 300 Count Cutlery Combo Box, Clear, Combo Box, Clear 300 Count</p><p> -25% 0FF </p><p>$14.99</p><a href="https://www.amazon.com/dp/B0053KMAMI?tag=eloabder-20&linkCode=osi&th=1&psc=1">View Product</a></div><div class="product"><a href="https://www.amazon.com/dp/B0CCMNPWGW?tag=eloabder-20&linkCode=osi&th=1&psc=1"><img src="https://m.media-amazon.com/images/I/41k5QSXXF8L._SL500_.jpg" alt="Product Image"></a><p>6 Pack Black Plastic Sheets 8x12x0.04 in Flexible High Tensile Plastic Sheets,Plastic Sheet Hard Plastic Sheet Black Plastic Panel for DIY Materials Handicrafts Home Decoration</p><p> -22% 0FF </p><p>$6.99</p><a href="https://www.amazon.com/dp/B0CCMNPWGW?tag=eloabder-20&linkCode=osi&th=1&psc=1">View Product</a></div><div class="product"><a href="https://www.amazon.com/dp/B085T6685R?tag=eloabder-20&linkCode=osi&th=1&psc=1"><img src="https://m.media-amazon.com/images/I/41RbX0YJ2PL._SL500_.jpg" alt="Product Image"></a><p>POSATE Heavy Weight Plastic Forks, Clear Disposable, 100 Count</p><p> -47% 0FF </p><p>$13.80</p><a href="https://www.amazon.com/dp/B085T6685R?tag=eloabder-20&linkCode=osi&th=1&psc=1">View Product</a></div><div class="product"><a href="https://www.amazon.com/dp/B0C1JMKHL4?tag=eloabder-20&linkCode=osi&th=1&psc=1"><img src="https://m.media-amazon.com/images/I/51vGnsuo0GL._SL500_.jpg" alt="Product Image"></a><p>MOACOCK 200 Count Plastic Silverware, Heavy Weight Plastic Forks Spoons Disposable Utensils Cutlery Set for Wedding Party Supplies Everyday Use</p><p> -7% 0FF </p><p>$12.99</p><a href="https://www.amazon.com/dp/B0C1JMKHL4?tag=eloabder-20&linkCode=osi&th=1&psc=1">View Product</a></div><div class="product"><a href="https://www.amazon.com/dp/B0CZHZ4VYY?tag=eloabder-20&linkCode=osi&th=1&psc=1"><img src="https://m.media-amazon.com/images/I/41NCRYSzzPL._SL500_.jpg" alt="Product Image"></a><p>Dealusy 100 Count Extra Heavy Duty Clear Plastic Knives Disposable, BPA-Free, Heat Resistant, Solid and Durable Disposable Knives Bulk, Premium Plastic Knives heavy duty for Party Supply</p><p> -31% 0FF </p><p>$8.99</p><a href="https://www.amazon.com/dp/B0CZHZ4VYY?tag=eloabder-20&linkCode=osi&th=1&psc=1">View Product</a></div><div class="product"><a href="https://www.amazon.com/dp/B00I9J3ACY?tag=eloabder-20&linkCode=osi&th=1&psc=1"><img src="https://m.media-amazon.com/images/I/51W96ohIwyL._SL500_.jpg" alt="Product Image"></a><p>Hefty Party On Disposable Plastic Cups, Red, 18 Ounce, 50 Count</p><p> -27% 0FF </p><p>$5.84 ($0.12 / Count)</p><a href="https://www.amazon.com/dp/B00I9J3ACY?tag=eloabder-20&linkCode=osi&th=1&psc=1">View Product</a></div>
<div class="product"><a href="https://www.amazon.com/dp/B08ZX4PNGL?tag=eloabder-20&linkCode=osi&th=1&psc=1"><img src="https://m.media-amazon.com/images/I/41qtw-wXhWL._SL500_.jpg" alt="Product Image"></a><p>Soil Moist SAP Water Storing Crystals Polymer Small Granular_20-100 mesh (1), White</p><p> -18% 0FF </p><p>$12.99 ($0.81 / Ounce)</p><a href="https://www.amazon.com/dp/B08ZX4PNGL?tag=eloabder-20&linkCode=osi&th=1&psc=1">View Product</a></div><div class="product"><a href="https://www.amazon.com/dp/B099KS2PDW?tag=eloabder-20&linkCode=osi&th=1&psc=1"><img src="https://m.media-amazon.com/images/I/51JgOs5PnML._SL500_.jpg" alt="Product Image"></a><p>Polymaker PLA PRO Filament 1.75mm, Tough & High Rigidity Black PLA Filament 1.75mm 1kg Cardboard Spool - PolyLite PLA PRO 3D Printer Filament 1.75mm, Print with Most 3D Printers Using 3D Filament</p><p> -14% 0FF </p><p>$24.99 ($0.71 / Ounce)</p><a href="https://www.amazon.com/dp/B099KS2PDW?tag=eloabder-20&linkCode=osi&th=1&psc=1">View Product</a></div><div class="product"><a href="https://www.amazon.com/dp/B0CK9D7FYJ?tag=eloabder-20&linkCode=osi&th=1&psc=1"><img src="https://m.media-amazon.com/images/I/51lrOOPPi4L._SL500_.jpg" alt="Product Image"></a><p>Scrub Daddy Color Sponge - Scratch-Free Multipurpose Dish Sponge Color Variety Pack - BPA Free & Made with Polymer Foam - Stain & Odor Resistant Kitchen Sponge (3 Count, 2 Pack)</p><p> -12% 0FF </p><p>$19.30 ($3.22 / Count)</p><a href="https://www.amazon.com/dp/B0CK9D7FYJ?tag=eloabder-20&linkCode=osi&th=1&psc=1">View Product</a></div><div class="product"><a href="https://www.amazon.com/dp/B00XXOFV2M?tag=eloabder-20&linkCode=osi&th=1&psc=1"><img src="https://m.media-amazon.com/images/I/31DpBHBqqxL._SL500_.jpg" alt="Product Image"></a><p>Intertape Polymer Group K2525P293 Central 260 Medium Duty Reinforced Water Activated Tape, 3" Width, 450' Length, FRAGILE, Pack of 10</p><p> -12% 0FF </p><p>$89.16 ($8.92 / Count)</p><a href="https://www.amazon.com/dp/B00XXOFV2M?tag=eloabder-20&linkCode=osi&th=1&psc=1">View Product</a></div><div class="product"><a href="https://www.amazon.com/dp/B0C6DNQF1H?tag=eloabder-20&linkCode=osi&th=1&psc=1"><img src="https://m.media-amazon.com/images/I/51lbJOfwjFL._SL500_.jpg" alt="Product Image"></a><p>DIYMAG Ceramic Round Magnets for Crafts 35 Packs with Adhesive Backing. 0.98Inch (25mm) Small Magnets Perfect for Fridge, DIY, Building, Scientific, Craft, and Office.Ôºà0.98 * 0.2Inch-35pÔºâ</p><p> -13% 0FF </p><p>$6.99 ($0.20 / Count)</p><a href="https://www.amazon.com/dp/B0C6DNQF1H?tag=eloabder-20&linkCode=osi&th=1&psc=1">View Product</a></div>
<div class="product"><a href="https://www.amazon.com/dp/B001TK0DSY?tag=eloabder-20&linkCode=osi&th=1&psc=1"><img src="https://m.media-amazon.com/images/I/41sY5CJF40L._SL500_.jpg" alt="Product Image"></a><p>Chemical Guys CWS_301_16 Citrus Wash & Gloss Foaming Car Wash Soap (Works with Foam Cannons, Foam Guns or Bucket Washes) Safe for Cars, Trucks, Motorcycles, RVs & More, 16 fl oz, Citrus Scent</p><p> -17% 0FF </p><p>$9.97 ($0.62 / Fl Oz)</p><a href="https://www.amazon.com/dp/B001TK0DSY?tag=eloabder-20&linkCode=osi&th=1&psc=1">View Product</a></div><div class="product"><a href="https://www.amazon.com/dp/B00HK95ZZY?tag=eloabder-20&linkCode=osi&th=1&psc=1"><img src="https://m.media-amazon.com/images/I/41ztWGvZpCL._SL500_.jpg" alt="Product Image"></a><p>SmartSign - U9-1214-NA_7x10 "Danger - Chemical Storage Area, Authorized Personnel Only" Sign | 7" x 10" Aluminum Black/Red on White</p><p> -16% 0FF </p><p>$10.93</p><a href="https://www.amazon.com/dp/B00HK95ZZY?tag=eloabder-20&linkCode=osi&th=1&psc=1">View Product</a></div>
<div class="product"><a href="https://www.amazon.com/dp/B0916KZ598?tag=eloabder-20&linkCode=osi&th=1&psc=1"><img src="https://m.media-amazon.com/images/I/510bNE6qm3L._SL500_.jpg" alt="Product Image"></a><p>Gorilla Max Strength Clear Construction Adhesive, 2.5 Ounce Squeeze Tube, Clear, (Pack of 1)</p><p> -11% 0FF </p><p>$7.97 ($3.19 / Fl Oz)</p><a href="https://www.amazon.com/dp/B0916KZ598?tag=eloabder-20&linkCode=osi&th=1&psc=1">View Product</a></div><div class="product"><a href="https://www.amazon.com/dp/B0BM27YSBB?tag=eloabder-20&linkCode=osi&th=1&psc=1"><img src="https://m.media-amazon.com/images/I/41j2z0sRK8L._SL500_.jpg" alt="Product Image"></a><p>Gorilla Heavy Duty Construction Adhesive, 7 Ounce Squeeze Tube, White, (Pack of 1)</p><p> -5% 0FF </p><p>$9.47 ($1.35 / Fl Oz)</p><a href="https://www.amazon.com/dp/B0BM27YSBB?tag=eloabder-20&linkCode=osi&th=1&psc=1">View Product</a></div><div class="product"><a href="https://www.amazon.com/dp/B07VNSXY31?tag=eloabder-20&linkCode=osi&th=1&psc=1"><img src="https://m.media-amazon.com/images/I/31AwF4uloCL._SL500_.jpg" alt="Product Image"></a><p>EZlifego Double Sided Tape Heavy Duty, Extra Large Nano Double Sided Adhesive Tape, Clear Mounting Tape Picture Hanging Adhesive Strips,Removable Wall Tape Sticky Poster Tape Decor Carpet Tape(9.85FT)</p><p> -20% 0FF </p><p>$11.99</p><a href="https://www.amazon.com/dp/B07VNSXY31?tag=eloabder-20&linkCode=osi&th=1&psc=1">View Product</a></div><div class="product"><a href="https://www.amazon.com/dp/B0006HUJCQ?tag=eloabder-20&linkCode=osi&th=1&psc=1"><img src="https://m.media-amazon.com/images/I/511pTqChTCL._SL500_.jpg" alt="Product Image"></a><p>Loctite 1364076 Super Glue Easy Squeeze Gel, .14 oz, Super Glue Liquid</p><p> -45% 0FF </p><p>$3.64 ($26.00 / Fl Oz)</p><a href="https://www.amazon.com/dp/B0006HUJCQ?tag=eloabder-20&linkCode=osi&th=1&psc=1">View Product</a></div><div class="product"><a href="https://www.amazon.com/dp/B000BQYHSY?tag=eloabder-20&linkCode=osi&th=1&psc=1"><img src="https://m.media-amazon.com/images/I/41jVQXZlyKL._SL500_.jpg" alt="Product Image"></a><p>Liquid Nails LN-700 4-Ounce Small Projects and Repairs Adhesive</p><p> -22% 0FF </p><p>$3.98 ($1.00 / Fl Oz)</p><a href="https://www.amazon.com/dp/B000BQYHSY?tag=eloabder-20&linkCode=osi&th=1&psc=1">View Product</a></div>
<div class="product"><a href="https://www.amazon.com/dp/B0002UEPVI?tag=eloabder-20&linkCode=osi&th=1&psc=1"><img src="https://m.media-amazon.com/images/I/41VgMnT8V8L._SL500_.jpg" alt="Product Image"></a><p>Permatex 80050 Clear RTV Silicone Adhesive Sealant, 3 oz</p><p> -28% 0FF </p><p>$5.04 ($1.68 / Ounce)</p><a href="https://www.amazon.com/dp/B0002UEPVI?tag=eloabder-20&linkCode=osi&th=1&psc=1">View Product</a></div><div class="product"><a href="https://www.amazon.com/dp/B01NCSN5AS?tag=eloabder-20&linkCode=osi&th=1&psc=1"><img src="https://m.media-amazon.com/images/I/41u1Bk8aMML._SL500_.jpg" alt="Product Image"></a><p>Gorilla Waterproof Caulk & Seal 100% Silicone Sealant, White, 10oz Cartridge (Pack of 1)</p><p> -10% 0FF </p><p>$9.84 ($0.98 / Ounce)</p><a href="https://www.amazon.com/dp/B01NCSN5AS?tag=eloabder-20&linkCode=osi&th=1&psc=1">View Product</a></div><div class="product"><a href="https://www.amazon.com/dp/B0B8QPH3RW?tag=eloabder-20&linkCode=osi&th=1&psc=1"><img src="https://m.media-amazon.com/images/I/31FmC2PDnsL._SL500_.jpg" alt="Product Image"></a><p>GE All Purpose Silicone Caulk - 100% Waterproof Silicone Sealant, Stronger Adhesion, Freeze & Sun Proof - 10 oz Cartridge, Clear, Pack of 1</p><p> -22% 0FF </p><p>$6.98</p><a href="https://www.amazon.com/dp/B0B8QPH3RW?tag=eloabder-20&linkCode=osi&th=1&psc=1">View Product</a></div><div class="product"><a href="https://www.amazon.com/dp/B000XBDJWC?tag=eloabder-20&linkCode=osi&th=1&psc=1"><img src="https://m.media-amazon.com/images/I/31O8FwTY5WL._SL500_.jpg" alt="Product Image"></a><p>3M Marine Adhesive Sealant 4000 UV, PN06580, White, 295 mL Cartridge, 10 Fl Oz (Pack of 1)</p><p> -15% 0FF </p><p>$18.75 ($1.88 / Fl Oz)</p><a href="https://www.amazon.com/dp/B000XBDJWC?tag=eloabder-20&linkCode=osi&th=1&psc=1">View Product</a></div><div class="product"><a href="https://www.amazon.com/dp/B01MQW8AEM?tag=eloabder-20&linkCode=osi&th=1&psc=1"><img src="https://m.media-amazon.com/images/I/31gdoMW-i8L._SL500_.jpg" alt="Product Image"></a><p>Gorilla 8050002 Clear Silicone Sealant, 1-Pack</p><p> -10% 0FF </p><p>$9.84 ($0.98 / Fl Oz)</p><a href="https://www.amazon.com/dp/B01MQW8AEM?tag=eloabder-20&linkCode=osi&th=1&psc=1">View Product</a></div>

<div class="product"><a href="https://www.amazon.com/dp/B004UICH5O?tag=eloabder-20&linkCode=osi&th=1&psc=1"><img src="https://m.media-amazon.com/images/I/5123T4CVtTL._SL500_.jpg" alt="Product Image"></a><p>Dynarex DynaLube Lubricating Jelly, Water Soluble and Sterile Lubricant Jelly, Used for Body Orifices, Hinged Instruments and Medical Devices, 1 Box of 144 DynaLube Packets, 2.7g</p><p> -5% 0FF </p><p>$12.49 ($0.09 / Count)</p><a href="https://www.amazon.com/dp/B004UICH5O?tag=eloabder-20&linkCode=osi&th=1&psc=1">View Product</a></div><div class="product"><a href="https://www.amazon.com/dp/B087ZHPVRW?tag=eloabder-20&linkCode=osi&th=1&psc=1"><img src="https://m.media-amazon.com/images/I/51My23RlqsL._SL500_.jpg" alt="Product Image"></a><p>3-IN-ONE Professional Garage Door Lubricant with Smart Straw Sprays 2 Ways, 11 OZ Twin Pack, 100584, Clear</p><p> -20% 0FF </p><p>$15.96 ($7.98 / Count)</p><a href="https://www.amazon.com/dp/B087ZHPVRW?tag=eloabder-20&linkCode=osi&th=1&psc=1">View Product</a></div><div class="product"><a href="https://www.amazon.com/dp/B07K323XYQ?tag=eloabder-20&linkCode=osi&th=1&psc=1"><img src="https://m.media-amazon.com/images/I/41Stkw4geDL._SL500_.jpg" alt="Product Image"></a><p>McKesson Lubricating Jelly Sterile 4 oz. Tube 1 Each 16-8919</p><p> -63% 0FF </p><p>$5.48 ($0.11 / Ounce)</p><a href="https://www.amazon.com/dp/B07K323XYQ?tag=eloabder-20&linkCode=osi&th=1&psc=1">View Product</a></div><div class="product"><a href="https://www.amazon.com/dp/B00AF0ODGM?tag=eloabder-20&linkCode=osi&th=1&psc=1"><img src="https://m.media-amazon.com/images/I/418phnGj-VL._SL500_.jpg" alt="Product Image"></a><p>WD-40 Specialist Dry Lube with SMART STRAW SPRAYS 2 WAYS, 10 OZ</p><p> -6% 0FF </p><p>$7.98 ($0.80 / Ounce)</p><a href="https://www.amazon.com/dp/B00AF0ODGM?tag=eloabder-20&linkCode=osi&th=1&psc=1">View Product</a></div><div class="product"><a href="https://www.amazon.com/dp/B0081JE0OO?tag=eloabder-20&linkCode=osi&th=1&psc=1"><img src="https://m.media-amazon.com/images/I/31YRFZU58NL._SL500_.jpg" alt="Product Image"></a><p>Super Lube 92003 Silicone Lubricating Grease with PTFE, 3 oz Tube, Translucent White</p><p> -34% 0FF </p><p>$11.80 ($3.93 / Ounce)</p><a href="https://www.amazon.com/dp/B0081JE0OO?tag=eloabder-20&linkCode=osi&th=1&psc=1">View Product</a></div><div class="product"><a href="https://www.amazon.com/dp/B000UKUHXK?tag=eloabder-20&linkCode=osi&th=1&psc=1"><img src="https://m.media-amazon.com/images/I/31PHNtI4eWL._SL500_.jpg" alt="Product Image"></a><p>Super Lube 51004 Synthetic Oil with PTFE, High Viscosity, 4 oz Bottle,Translucent white(Packaging may vary)</p><p> -27% 0FF </p><p>$7.82 ($1.96 / Fl Oz)</p><a href="https://www.amazon.com/dp/B000UKUHXK?tag=eloabder-20&linkCode=osi&th=1&psc=1">View Product</a></div>

<div class="product"><a href="https://www.amazon.com/dp/B0BRPQW3G9?tag=eloabder-20&linkCode=osi&th=1&psc=1"><img src="https://m.media-amazon.com/images/I/51TpMRJpWeL._SL500_.jpg" alt="Product Image"></a><p>JEGONFRI High Hardness Wood Screws Assortment Kit, 209 pcs, Phillips Drive Flat Head, Wood Screws, Screws, Drywall Screws, Assorted Screws, Screws Set, 6 Sizes (2‚Äù,1-1/2‚Äù,1-1/4‚Äù,1‚Äù,3/4‚Äù,1/2‚Äù)</p><p> -20% 0FF </p><p>$7.96</p><a href="https://www.amazon.com/dp/B0BRPQW3G9?tag=eloabder-20&linkCode=osi&th=1&psc=1">View Product</a></div><div class="product"><a href="https://www.amazon.com/dp/B0BHNK23GJ?tag=eloabder-20&linkCode=osi&th=1&psc=1"><img src="https://m.media-amazon.com/images/I/51ZAmhP99TL._SL500_.jpg" alt="Product Image"></a><p>KURUI Drywall Screws Assortment Kit, #6 Black Wood Screws for Drywall,165pcs Coarse Thread Sheetrock Screws Set, Phillips Drive Self Tapping Dry Wall Screws 4 Sizes 1",1-1/4",1-5/8",2"</p><p> -24% 0FF </p><p>$7.59 ($0.05 / Count)</p><a href="https://www.amazon.com/dp/B0BHNK23GJ?tag=eloabder-20&linkCode=osi&th=1&psc=1">View Product</a></div><div class="product"><a href="https://www.amazon.com/dp/B0D3HVHPXW?tag=eloabder-20&linkCode=osi&th=1&psc=1"><img src="https://m.media-amazon.com/images/I/51boObkp+HL._SL500_.jpg" alt="Product Image"></a><p>GVAKMM Drywall Screws Assortment Kit,#7 Black Wood Screws Set,160pcsÔºå5 Sizes(3'',2'',1-3/8'',1'',5/8''),Coarse Thread Phillips Drive Bugle Head Sharp Point,Ideal for Wood,Sheetrock and More</p><p> -13% 0FF </p><p>$6.99 ($0.58 / Ounce)</p><a href="https://www.amazon.com/dp/B0D3HVHPXW?tag=eloabder-20&linkCode=osi&th=1&psc=1">View Product</a></div>
<div class="product"><a href="https://www.amazon.com/dp/B09KS23KQ6?tag=eloabder-20&linkCode=osi&th=1&psc=1"><img src="https://m.media-amazon.com/images/I/41ZHEcuqY-L._SL500_.jpg" alt="Product Image"></a><p>Mr. Pen- Bolts, Nuts, and Washer Assortment Kit, 113 pcs, Nuts and Bolts Assortment Kit, Assorted Nuts and Bolts, Nut Bolt and Washer Assortment, Bolt and Nut Assortment</p><p> -24% 0FF </p><p>$6.85</p><a href="https://www.amazon.com/dp/B09KS23KQ6?tag=eloabder-20&linkCode=osi&th=1&psc=1">View Product</a></div><div class="product"><a href="https://www.amazon.com/dp/B076CVQZWG?tag=eloabder-20&linkCode=osi&th=1&psc=1"><img src="https://m.media-amazon.com/images/I/51LutRS-fXL._SL500_.jpg" alt="Product Image"></a><p>Jackson Palmer 2201 Piece Hardware Assortment Kit with Screws, Nuts, Bolts & Washers (3 Trays)‚Ä¶</p><p> -24% 0FF </p><p>$37.99</p><a href="https://www.amazon.com/dp/B076CVQZWG?tag=eloabder-20&linkCode=osi&th=1&psc=1">View Product</a></div><div class="product"><a href="https://www.amazon.com/dp/B0BC24J6SS?tag=eloabder-20&linkCode=osi&th=1&psc=1"><img src="https://m.media-amazon.com/images/I/517eaNxBNaL._SL500_.jpg" alt="Product Image"></a><p>720 Pcs Nuts and Bolts Assortment Kit, M3 M4 M5 Carbon Steel Screws Bolts and Nuts and Washers Assortment Set, Assorted Cross Pan Head Machine Screws Nuts and Bolts, with Storage Case</p><p> -10% 0FF </p><p>$8.98</p><a href="https://www.amazon.com/dp/B0BC24J6SS?tag=eloabder-20&linkCode=osi&th=1&psc=1">View Product</a></div><div class="product"><a href="https://www.amazon.com/dp/B0CF8NNVKQ?tag=eloabder-20&linkCode=osi&th=1&psc=1"><img src="https://m.media-amazon.com/images/I/61oepk6Ti8L._SL500_.jpg" alt="Product Image"></a><p>FOLIV 907pcs Grade 8.8 Metric Bolt Assortment, M4 M5 M6 M8 Heavy Duty Bolts and Nuts Kit, Yellow Zinc Plated, Length from 12-30mm</p><p> -20% 0FF </p><p>$35.19</p><a href="https://www.amazon.com/dp/B0CF8NNVKQ?tag=eloabder-20&linkCode=osi&th=1&psc=1">View Product</a></div>
<div class="product"><a href="https://www.amazon.com/dp/B0CP7D6KP4?tag=eloabder-20&linkCode=osi&th=1&psc=1"><img src="https://m.media-amazon.com/images/I/51R0Yv5C8aL._SL500_.jpg" alt="Product Image"></a><p>Dianrui 187PCS Metric Hex Nuts Assortment Kit, 9 Size 304 Stainless Steel Hex Nut M2 M2.5 M3 M4 M5 M6 M10 M12 Hexnut Set Hardware Nuts</p><p> -22% 0FF </p><p>$6.99</p><a href="https://www.amazon.com/dp/B0CP7D6KP4?tag=eloabder-20&linkCode=osi&th=1&psc=1">View Product</a></div><div class="product"><a href="https://www.amazon.com/dp/B002SA36AG?tag=eloabder-20&linkCode=osi&th=1&psc=1"><img src="https://m.media-amazon.com/images/I/51cZlQGUFRL._SL500_.jpg" alt="Product Image"></a><p>Dorman 6110761 Lug Nut (M12 x 1.25 Thread Size)</p><p> -45% 0FF </p><p>$3.49</p><a href="https://www.amazon.com/dp/B002SA36AG?tag=eloabder-20&linkCode=osi&th=1&psc=1">View Product</a></div><div class="product"><a href="https://www.amazon.com/dp/B07WCSW7HR?tag=eloabder-20&linkCode=osi&th=1&psc=1"><img src="https://m.media-amazon.com/images/I/51uxWdeYcjL._SL500_.jpg" alt="Product Image"></a><p>ECCPP 20 Pieces Wheel Lug Nuts M12x1.25 12mmx1.25 Wheel Lug Bolts Shank Length 28mm fits for 2015-2022 for Renegade |2018-2022 for Compass |2014-2022 for Cherokee</p><p> -28% 0FF </p><p>$14.47</p><a href="https://www.amazon.com/dp/B07WCSW7HR?tag=eloabder-20&linkCode=osi&th=1&psc=1">View Product</a></div><div class="product"><a href="https://www.amazon.com/dp/B0D1Y5PQ4K?tag=eloabder-20&linkCode=osi&th=1&psc=1"><img src="https://m.media-amazon.com/images/I/51SyHC67C5L._SL500_.jpg" alt="Product Image"></a><p>Quacc 20pcs M8 Nyloc Steel Nuts, Nylon Locknuts for Fastener, Nylon Inserted Hex Lock Nuts, Silver 304 Stainless Steel Self Locking Nuts for Bolts</p><p> -19% 0FF </p><p>$3.79 ($0.19 / Ounce)</p><a href="https://www.amazon.com/dp/B0D1Y5PQ4K?tag=eloabder-20&linkCode=osi&th=1&psc=1">View Product</a></div>
<div class="product"><a href="https://www.amazon.com/dp/B0BZYSSWY8?tag=eloabder-20&linkCode=osi&th=1&psc=1"><img src="https://m.media-amazon.com/images/I/419sIfP-AJL._SL500_.jpg" alt="Product Image"></a><p>1/4" x 1" Stainless Fender Washer,18-8 (304) Stainless Steel Flat Washer,1/4" ID x 1" OD x 0.078" Thick(40Pcs)</p><p> -31% 0FF </p><p>$6.19</p><a href="https://www.amazon.com/dp/B0BZYSSWY8?tag=eloabder-20&linkCode=osi&th=1&psc=1">View Product</a></div><div class="product"><a href="https://www.amazon.com/dp/B0BFJMK5QW?tag=eloabder-20&linkCode=osi&th=1&psc=1"><img src="https://m.media-amazon.com/images/I/51D9Ij56zKL._SL500_.jpg" alt="Product Image"></a><p>Fender Washers for Screws ‚Äî 225Pcs Washers Assortment, Washers for Bolts in 15 Different Sizes (M2 M2.5 M3 M4 M5 M6 M8 M10 M12)‚ÄîStainless Steel Washers for Home & Industrial Usage</p><p> -9% 0FF </p><p>$20.87 ($0.09 / Count)</p><a href="https://www.amazon.com/dp/B0BFJMK5QW?tag=eloabder-20&linkCode=osi&th=1&psc=1">View Product</a></div><div class="product"><a href="https://www.amazon.com/dp/B07K8W71N1?tag=eloabder-20&linkCode=osi&th=1&psc=1"><img src="https://m.media-amazon.com/images/I/412HYFMiQBL._SL500_.jpg" alt="Product Image"></a><p>100 Qty #8 Stainless Steel Countersunk Finish Washers | 304 SS Finishing Cup (BCP574)</p><p> -30% 0FF </p><p>$7.49 ($0.07 / Count)</p><a href="https://www.amazon.com/dp/B07K8W71N1?tag=eloabder-20&linkCode=osi&th=1&psc=1">View Product</a></div>
<div class="product"><a href="https://www.amazon.com/dp/B09V32CKNJ?tag=eloabder-20&linkCode=osi&th=1&psc=1"><img src="https://m.media-amazon.com/images/I/41MtaPf4TNL._SL500_.jpg" alt="Product Image"></a><p>KURUI 28Pcs Heavy Duty Hollow Wall Anchors for Drywall Ceiling, Toggle Bolts and Wing Nut Kit, Metal Drywall Anchors and Screws Assortment Set, 3 Sizes Butterfly Anchors (1/8in, 3/16in, 1/4in)</p><p> -23% 0FF </p><p>$9.99</p><a href="https://www.amazon.com/dp/B09V32CKNJ?tag=eloabder-20&linkCode=osi&th=1&psc=1">View Product</a></div><div class="product"><a href="https://www.amazon.com/dp/B07VS5QKBC?tag=eloabder-20&linkCode=osi&th=1&psc=1"><img src="https://m.media-amazon.com/images/I/41MIrlAQ6nL._SL500_.jpg" alt="Product Image"></a><p>HongWay 370pcs Plastic Drywall Wall Anchors Kit with Screws, Includes 5 Different Assorted Size Anchors and Screws</p><p> -17% 0FF </p><p>$14.99</p><a href="https://www.amazon.com/dp/B07VS5QKBC?tag=eloabder-20&linkCode=osi&th=1&psc=1">View Product</a></div>
<div class="product"><a href="https://www.amazon.com/dp/B0CY2YK7ZG?tag=eloabder-20&linkCode=osi&th=1&psc=1"><img src="https://m.media-amazon.com/images/I/51kBI181CNL._SL500_.jpg" alt="Product Image"></a><p>Linkup 600pcs 15 Sizes Pop Rivets Assortment Kit,Aluminum Rivets, Silver pop rivet set including 3/32" 1/8" 5/32" 3/16" 1/4" blind rivets for metal Dome Head rivet kit</p><p> -31% 0FF </p><p>$21.99</p><a href="https://www.amazon.com/dp/B0CY2YK7ZG?tag=eloabder-20&linkCode=osi&th=1&psc=1">View Product</a></div><div class="product"><a href="https://www.amazon.com/dp/B08J2NZK4D?tag=eloabder-20&linkCode=osi&th=1&psc=1"><img src="https://m.media-amazon.com/images/I/51iH27ON2BL._SL500_.jpg" alt="Product Image"></a><p>ISPINNER 385pcs 8 Sizes Aluminum Blind Rivets, Pop Rivets Assortment Kit (Silver)</p><p> -21% 0FF </p><p>$13.59</p><a href="https://www.amazon.com/dp/B08J2NZK4D?tag=eloabder-20&linkCode=osi&th=1&psc=1">View Product</a></div><div class="product"><a href="https://www.amazon.com/dp/B0BZ7WKC3V?tag=eloabder-20&linkCode=osi&th=1&psc=1"><img src="https://m.media-amazon.com/images/I/51fSy2j6lSL._SL500_.jpg" alt="Product Image"></a><p>SATANTECH 200PCS Black Rivets Pop Rivets Assortment Kit, Large flange Aluminum Rivets(1/8" 3/16" 1/4") Assorted Blind Rivets with Case</p><p> -16% 0FF </p><p>$21.77</p><a href="https://www.amazon.com/dp/B0BZ7WKC3V?tag=eloabder-20&linkCode=osi&th=1&psc=1">View Product</a></div><div class="product"><a href="https://www.amazon.com/dp/B0CWR7K9P2?tag=eloabder-20&linkCode=osi&th=1&psc=1"><img src="https://m.media-amazon.com/images/I/512Gp89+ScL._SL500_.jpg" alt="Product Image"></a><p>Zuorery 500pcs Pop Rivets Assortment Kit, 14 Sizes Aluminum Blind Rivets (3/32" 1/8" 5/32" 3/16") Assorted Blind Rivets</p><p> -6% 0FF </p><p>$12.99</p><a href="https://www.amazon.com/dp/B0CWR7K9P2?tag=eloabder-20&linkCode=osi&th=1&psc=1">View Product</a></div>
<div class="product"><a href="https://www.amazon.com/dp/B0CNC3WJ58?tag=eloabder-20&linkCode=osi&th=1&psc=1"><img src="https://m.media-amazon.com/images/I/41MDnQ+2C5L._SL500_.jpg" alt="Product Image"></a><p>Eujqo Nails for Hanging Pictures Small Nails Picture Hanging Nails 700Pcs Finishing Nails Hardware Nails for Wall Wood Nails</p><p> -50% 0FF </p><p>$3.99</p><a href="https://www.amazon.com/dp/B0CNC3WJ58?tag=eloabder-20&linkCode=osi&th=1&psc=1">View Product</a></div><div class="product"><a href="https://www.amazon.com/dp/B08BJC6MJC?tag=eloabder-20&linkCode=osi&th=1&psc=1"><img src="https://m.media-amazon.com/images/I/414ssEUuJRL._SL500_.jpg" alt="Product Image"></a><p>Mr. Pen- Nail Assortment Kit, 600 Pcs, 4 Sizes, Silver, Small Nails for Hanging Pictures, Finishing Nails, Gold Wall Nails for Hanging, Pin Nails, Hardware Nails, Assorted Nails, Galvanized Nails</p><p> -54% 0FF </p><p>$5.99</p><a href="https://www.amazon.com/dp/B08BJC6MJC?tag=eloabder-20&linkCode=osi&th=1&psc=1">View Product</a></div><div class="product"><a href="https://www.amazon.com/dp/B0BSH3P97Y?tag=eloabder-20&linkCode=osi&th=1&psc=1"><img src="https://m.media-amazon.com/images/I/515eMwXqY0L._SL500_.jpg" alt="Product Image"></a><p>KURUI 700pcs Hardware Nails for Hanging Pictures Assorted Kit, Up to 2"-Long Picture Hanging Nails for Wall Drywall Wood, Finish Nails Assortment Kit, 640 Frame Nails and 60 Small Finishing Nails</p><p> -36% 0FF </p><p>$6.38</p><a href="https://www.amazon.com/dp/B0BSH3P97Y?tag=eloabder-20&linkCode=osi&th=1&psc=1">View Product</a></div><div class="product"><a href="https://www.amazon.com/dp/B089FLMFPB?tag=eloabder-20&linkCode=osi&th=1&psc=1"><img src="https://m.media-amazon.com/images/I/51p5T9Cef4L._SL500_.jpg" alt="Product Image"></a><p>376pcs Premium Hardware Nails Assortment Kit, Maximum Length 2 Inches Galvanized Nails, Picture Hanging Nails, Wood Nails, Wall Nails with Storage Box | 6 Sizes</p><p> -30% 0FF </p><p>$6.99</p><a href="https://www.amazon.com/dp/B089FLMFPB?tag=eloabder-20&linkCode=osi&th=1&psc=1">View Product</a></div><div class="product"><a href="https://www.amazon.com/dp/B0B3CFCZGW?tag=eloabder-20&linkCode=osi&th=1&psc=1"><img src="https://m.media-amazon.com/images/I/51rr+Y77q0L._SL500_.jpg" alt="Product Image"></a><p>6 Sizes Gold Hardware Nails Assortment Kit, 358pcs, Brass Plated, Nails for Hanging Pictures, Finishing Nails, Wood Nails, Wall Nails for Hanging (3‚Äù, 2‚Äù, 1-1/2‚Äù, 1-1/4", 1‚Äù, 3/4")</p><p> -25% 0FF </p><p>$8.98</p><a href="https://www.amazon.com/dp/B0B3CFCZGW?tag=eloabder-20&linkCode=osi&th=1&psc=1">View Product</a></div>
<div class="product"><a href="https://www.amazon.com/dp/B0BDBJJQJR?tag=eloabder-20&linkCode=osi&th=1&psc=1"><img src="https://m.media-amazon.com/images/I/41iMq4y4RWL._SL500_.jpg" alt="Product Image"></a><p>Standard Chisel Point Staples, 0.25" Leg, 0.5" Crown, Steel, 5,000/Box, 5 Boxes/Pack, 25,000/Pack</p><p> -18% 0FF </p><p>$11.80</p><a href="https://www.amazon.com/dp/B0BDBJJQJR?tag=eloabder-20&linkCode=osi&th=1&psc=1">View Product</a></div><div class="product"><a href="https://www.amazon.com/dp/B0052ECDD6?tag=eloabder-20&linkCode=osi&th=1&psc=1"><img src="https://m.media-amazon.com/images/I/41miIfkguxL._SL500_.jpg" alt="Product Image"></a><p>BOSTITCH BTA706-5C Heavy Duty Construction Staples, 3/8 x 2/5-Inch, 5000-Pack</p><p> -21% 0FF </p><p>$10.48 ($0.00 / Count)</p><a href="https://www.amazon.com/dp/B0052ECDD6?tag=eloabder-20&linkCode=osi&th=1&psc=1">View Product</a></div><div class="product"><a href="https://www.amazon.com/dp/B00004Z2HC?tag=eloabder-20&linkCode=osi&th=1&psc=1"><img src="https://m.media-amazon.com/images/I/51vaslx65UL._SL500_.jpg" alt="Product Image"></a><p>Arrow 215 JT21 Thin Wire Staples for Staple Guns and Staplers, Use for Upholstery, Crafts, General Repairs, 5/16-Inch Leg Length, 7/16-Inch Crown Width, 1000-Pack</p><p> -35% 0FF </p><p>$4.97</p><a href="https://www.amazon.com/dp/B00004Z2HC?tag=eloabder-20&linkCode=osi&th=1&psc=1">View Product</a></div><div class="product"><a href="https://www.amazon.com/dp/B09VP4YTPQ?tag=eloabder-20&linkCode=osi&th=1&psc=1"><img src="https://m.media-amazon.com/images/I/41WvD-VnynL._SL500_.jpg" alt="Product Image"></a><p>OMOTOOL Steel Wire Fencing Staples (200 pcs), Galvanized U-shaped fasteners Nails for Wire Mesh and Woven Fencing</p><p> -30% 0FF </p><p>$6.98</p><a href="https://www.amazon.com/dp/B09VP4YTPQ?tag=eloabder-20&linkCode=osi&th=1&psc=1">View Product</a></div>
<div class="product"><a href="https://www.amazon.com/dp/B08N6DYNKQ?tag=eloabder-20&linkCode=osi&th=1&psc=1"><img src="https://m.media-amazon.com/images/I/51oGt2PvPLL._SL500_.jpg" alt="Product Image"></a><p>Mixiflor 20 Pcs 5 Sizes 60/80/120/240 Grits Abrasive Flap Wheel Sander, 1/4 Inch Shank Flap Wheels for Drill, Die Grinder Flap Wheel,Flap Wheel Sander for Drill</p><p> -15% 0FF </p><p>$22.99</p><a href="https://www.amazon.com/dp/B08N6DYNKQ?tag=eloabder-20&linkCode=osi&th=1&psc=1">View Product</a></div>
<div class="product"><a href="https://www.amazon.com/dp/B0B5GHT937?tag=eloabder-20&linkCode=osi&th=1&psc=1"><img src="https://m.media-amazon.com/images/I/51LBYzTtFqL._SL500_.jpg" alt="Product Image"></a><p>SALI 25 Pack 4-1/2 Inch Grinding Wheels for General Purpose Metal & Stainless Steel, Aluminum Oxide Grinding Disc for Angle Grinder, Depressed Center 4.5" * 1/4" * 7/8"(115 * 6.0 * 22.2 mm)</p><p> -9% 0FF </p><p>$26.49</p><a href="https://www.amazon.com/dp/B0B5GHT937?tag=eloabder-20&linkCode=osi&th=1&psc=1">View Product</a></div><div class="product"><a href="https://www.amazon.com/dp/B00002246K?tag=eloabder-20&linkCode=osi&th=1&psc=1"><img src="https://m.media-amazon.com/images/I/51cqvp+fIGL._SL500_.jpg" alt="Product Image"></a><p>DEWALT DW4514 1/4" Thick Grinding Wheel with 4-1/2" Diameter and 7/8" Arbor</p><p> -46% 0FF </p><p>$1.65</p><a href="https://www.amazon.com/dp/B00002246K?tag=eloabder-20&linkCode=osi&th=1&psc=1">View Product</a></div><div class="product"><a href="https://www.amazon.com/dp/B07SQP8JGR?tag=eloabder-20&linkCode=osi&th=1&psc=1"><img src="https://m.media-amazon.com/images/I/51M3TdMS3OL._SL500_.jpg" alt="Product Image"></a><p>KSEIBI 651006 Grinding Wheels 25-Pack, Aluminum Oxide Discs for Metal & Stainless Steel, 4-1/2" x 1/4" x 7/8", Aggressive Grinding for Angle Grinders, Depressed Center Design</p><p> -6% 0FF </p><p>$26.99</p><a href="https://www.amazon.com/dp/B07SQP8JGR?tag=eloabder-20&linkCode=osi&th=1&psc=1">View Product</a></div><div class="product"><a href="https://www.amazon.com/dp/B00004RH8I?tag=eloabder-20&linkCode=osi&th=1&psc=1"><img src="https://m.media-amazon.com/images/I/6113QduJyJL._SL500_.jpg" alt="Product Image"></a><p>DEWALT Grinding Wheel, General Purpose for Metal, 4-1/2-Inch x 1/4-Inch x 5/8-Inch (DW4523)</p><p> -40% 0FF </p><p>$2.92</p><a href="https://www.amazon.com/dp/B00004RH8I?tag=eloabder-20&linkCode=osi&th=1&psc=1">View Product</a></div><div class="product"><a href="https://www.amazon.com/dp/B0791MGN72?tag=eloabder-20&linkCode=osi&th=1&psc=1"><img src="https://m.media-amazon.com/images/I/51LQaKOgppL._SL500_.jpg" alt="Product Image"></a><p>BHA Depressed Center Metal Grinding Wheels for Angle Grinders, 4.5‚Äù x 1/4‚Äù x 7/8‚Äù - 5 Pack</p><p> -15% 0FF </p><p>$16.99</p><a href="https://www.amazon.com/dp/B0791MGN72?tag=eloabder-20&linkCode=osi&th=1&psc=1">View Product</a></div><div class="product"><a href="https://www.amazon.com/dp/B09TSV5SP9?tag=eloabder-20&linkCode=osi&th=1&psc=1"><img src="https://m.media-amazon.com/images/I/61w4UIIWQdL._SL500_.jpg" alt="Product Image"></a><p>PRETEC 26 Packs Angle Grinder Cutting Flap Grinding Disc Wheel 4 1/2in Inches - 20 Packs 4.5"x1/4"x7/8" Cut off Wheels,3 Packs 4.5"x7/8" 60 Grit Flap Discs, 3 Packs 4.5"x1/25"x7/8" Grinding Wheels</p><p> -8% 0FF </p><p>$22.99</p><a href="https://www.amazon.com/dp/B09TSV5SP9?tag=eloabder-20&linkCode=osi&th=1&psc=1">View Product</a></div><div class="product"><a href="https://www.amazon.com/dp/B07FT71TLC?tag=eloabder-20&linkCode=osi&th=1&psc=1"><img src="https://m.media-amazon.com/images/I/51-wpozOUIL._SL500_.jpg" alt="Product Image"></a><p>NEIKO 11142A 10 Pack Zirconia Flap Discs 4-1/2 for Angle Grinder, 40 Grit Flapper Wheel, Angled T29 Grinding Wheel 4.5 Inch Flap Disc, 7/8" Arbor Grinding Disc, Flap Wheel for Wood & Metal Sanding</p><p> -19% 0FF </p><p>$17.07</p><a href="https://www.amazon.com/dp/B07FT71TLC?tag=eloabder-20&linkCode=osi&th=1&psc=1">View Product</a></div>
<div class="product"><a href="https://www.amazon.com/dp/B0956S39GC?tag=eloabder-20&linkCode=osi&th=1&psc=1"><img src="https://m.media-amazon.com/images/I/51mP1FW0pIL._SL500_.jpg" alt="Product Image"></a><p>Truswe Cut Off Wheels 52 Pack,4 1/2 Inch,0.45 USD/Pack,Metal and Stainless Steel Cutting Wheel for Angle Grinder,Ultra Thin Cut-Off Wheel Cutting Disc (52 PCS 4-1/2 x .045 x 7/8 inch Cut Off Wheels)</p><p> -26% 0FF </p><p>$24.29</p><a href="https://www.amazon.com/dp/B0956S39GC?tag=eloabder-20&linkCode=osi&th=1&psc=1">View Product</a></div><div class="product"><a href="https://www.amazon.com/dp/B07WGSK4V7?tag=eloabder-20&linkCode=osi&th=1&psc=1"><img src="https://m.media-amazon.com/images/I/510MTzQR9sL._SL500_.jpg" alt="Product Image"></a><p>WORKPRO 20-Pack Cut-Off Wheels, 4-1/2 x 7/8-inch Metal&Stainless Steel Cutting Wheel, Thin Metal Cutting Disc for Angle Grinder</p><p> -6% 0FF </p><p>$15.99</p><a href="https://www.amazon.com/dp/B07WGSK4V7?tag=eloabder-20&linkCode=osi&th=1&psc=1">View Product</a></div><div class="product"><a href="https://www.amazon.com/dp/B08C7F9CVS?tag=eloabder-20&linkCode=osi&th=1&psc=1"><img src="https://m.media-amazon.com/images/I/51KoNeHcHyL._SL500_.jpg" alt="Product Image"></a><p>EZARC Diamond Cutting Wheel 4 1/2 x 7/8 Inch for Metal, Cut Off Wheel with 5000+ Cuts on Rebar, Steel, Iron and INOX</p><p> -11% 0FF </p><p>$16.97</p><a href="https://www.amazon.com/dp/B08C7F9CVS?tag=eloabder-20&linkCode=osi&th=1&psc=1">View Product</a></div><div class="product"><a href="https://www.amazon.com/dp/B08FR63K33?tag=eloabder-20&linkCode=osi&th=1&psc=1"><img src="https://m.media-amazon.com/images/I/51Js3m5R8aL._SL500_.jpg" alt="Product Image"></a><p>50 Pack Cut Off Wheels 4 1/2 inch Thin Metal & Stainless Steel Cutting Wheel, Professional Fast Cutting Disc for Angle Grinder</p><p> -20% 0FF </p><p>$26.49</p><a href="https://www.amazon.com/dp/B08FR63K33?tag=eloabder-20&linkCode=osi&th=1&psc=1">View Product</a></div>
<div class="product"><a href="https://www.amazon.com/dp/B01K22Q9R8?tag=eloabder-20&linkCode=osi&th=1&psc=1"><img src="https://m.media-amazon.com/images/I/41VcU0uPlLL._SL500_.jpg" alt="Product Image"></a><p>42 Pcs Wet Dry Sandpaper 120 to 3000 Grit Assortment 9 * 3.6 Inches Abrasive Paper Sheets for Automotive Sanding Wood Furniture Finishing</p><p> -11% 0FF </p><p>$7.99 ($0.19 / Count)</p><a href="https://www.amazon.com/dp/B01K22Q9R8?tag=eloabder-20&linkCode=osi&th=1&psc=1">View Product</a></div><div class="product"><a href="https://www.amazon.com/dp/B0894N7QT2?tag=eloabder-20&linkCode=osi&th=1&psc=1"><img src="https://m.media-amazon.com/images/I/51Rfp3gQTWL._SL500_.jpg" alt="Product Image"></a><p>100PCS 5 Inch 8 Holes Sanding Discs 60 120 240 400 600 800 1000 1200 1500 2000 Grit Sandpaper Sander Round Sand Paper (100pcs 60-2000 grit)</p><p> -24% 0FF </p><p>$12.99</p><a href="https://www.amazon.com/dp/B0894N7QT2?tag=eloabder-20&linkCode=osi&th=1&psc=1">View Product</a></div><div class="product"><a href="https://www.amazon.com/dp/B07HHY6MKY?tag=eloabder-20&linkCode=osi&th=1&psc=1"><img src="https://m.media-amazon.com/images/I/41QDuvYCQlL._SL500_.jpg" alt="Product Image"></a><p>WORKPRO 150-piece Sanding Discs Set - 5-Inch 8-Hole Sandpaper 10 Grades Include 60, 80, 100, 120, 150,180, 240, 320, 400, 600 Grits for Random Orbital Sander(Not for Oscillating Tools or Mouse Sander)</p><p> -20% 0FF </p><p>$19.99 ($0.13 / Count)</p><a href="https://www.amazon.com/dp/B07HHY6MKY?tag=eloabder-20&linkCode=osi&th=1&psc=1">View Product</a></div><div class="product"><a href="https://www.amazon.com/dp/B09X6DY6RW?tag=eloabder-20&linkCode=osi&th=1&psc=1"><img src="https://m.media-amazon.com/images/I/41rifda9wbL._SL500_.jpg" alt="Product Image"></a><p>Afruxy 4 Pack Extra Fine Sanding Block, Washable and Reusable Sanding Sponge for Wood Drywall Metal Glasses Coarse/Medium/Fine/Superfine in 60/80/120/220 Grit Sandpaper Block Sand Paper Brick</p><p> -25% 0FF </p><p>$8.99 ($2.25 / Count)</p><a href="https://www.amazon.com/dp/B09X6DY6RW?tag=eloabder-20&linkCode=osi&th=1&psc=1">View Product</a></div>
<div class="product"><a href="https://www.amazon.com/dp/B07CH6QNCV?tag=eloabder-20&linkCode=osi&th=1&psc=1"><img src="https://m.media-amazon.com/images/I/413Vmyc4FPL._SL500_.jpg" alt="Product Image"></a><p>VASTOOLS Welding Chipping Hammer with Coil Spring Handle,10.5",Cone and Vertical Chisel/ 10" Wire Brush(Free), Black</p><p> -18% 0FF </p><p>$13.99</p><a href="https://www.amazon.com/dp/B07CH6QNCV?tag=eloabder-20&linkCode=osi&th=1&psc=1">View Product</a></div><div class="product"><a href="https://www.amazon.com/dp/B0D6QRJJ4R?tag=eloabder-20&linkCode=osi&th=1&psc=1"><img src="https://m.media-amazon.com/images/I/41KF4m4nNfL._SL500_.jpg" alt="Product Image"></a><p>120A MIG Welding Machine, 110V/220V Flux Core Welder/Lift TIG/Stick Welder 3 in 1, Portable Gasless Welder with IGBT Inverter, Welding Gun & Welding Wire, Weld Kit for Aluminum, Metal</p><p> -56% 0FF </p><p>$69.99</p><a href="https://www.amazon.com/dp/B0D6QRJJ4R?tag=eloabder-20&linkCode=osi&th=1&psc=1">View Product</a></div>
<div class="product"><a href="https://www.amazon.com/dp/B09YGXKZC1?tag=eloabder-20&linkCode=osi&th=1&psc=1"><img src="https://m.media-amazon.com/images/I/417vPDmhw0L._SL500_.jpg" alt="Product Image"></a><p>ARCCAPTAIN Stick Welder, [Large LED Display] 200A ARC/Lift TIG Welding Machine with Synergic Control, IGBT Inverter 110V/220V Portable MMA Welder Machine with Hot Start, Arc force and Anti-Stick</p><p> -31% 0FF </p><p>$116.63</p><a href="https://www.amazon.com/dp/B09YGXKZC1?tag=eloabder-20&linkCode=osi&th=1&psc=1">View Product</a></div><div class="product"><a href="https://www.amazon.com/dp/B0D9LDRJV7?tag=eloabder-20&linkCode=osi&th=1&psc=1"><img src="https://m.media-amazon.com/images/I/51o3VwWmuzL._SL500_.jpg" alt="Product Image"></a><p>AwxryoX Portable Handheld Welding Machine, 110V 140Amp Upgraded Maquina de Soldar with IGBT Inverter 6 Variable Current, Soldadora Welding Tool Set with 3/32"-1/8" Welding Rod & Protective Gloves</p><p> -25% 0FF </p><p>$89.99</p><a href="https://www.amazon.com/dp/B0D9LDRJV7?tag=eloabder-20&linkCode=osi&th=1&psc=1">View Product</a></div><div class="product"><a href="https://www.amazon.com/dp/B09WDGL3GQ?tag=eloabder-20&linkCode=osi&th=1&psc=1"><img src="https://m.media-amazon.com/images/I/518jYZZcNhL._SL500_.jpg" alt="Product Image"></a><p>Welding Machine, Upgraded MMA-250A 110V Welder Machine,Portable Stick Welder IGBT Digital Display LCD,Home DIY Arc Welder,Hot Start Arc Force Anti-stick Mini Welder</p><p> -14% 0FF </p><p>$67.79</p><a href="https://www.amazon.com/dp/B09WDGL3GQ?tag=eloabder-20&linkCode=osi&th=1&psc=1">View Product</a></div><div class="product"><a href="https://www.amazon.com/dp/B0BR8TS34Y?tag=eloabder-20&linkCode=osi&th=1&psc=1"><img src="https://m.media-amazon.com/images/I/51NzsbTpmyL._SL500_.jpg" alt="Product Image"></a><p>Welding machine handheld | 110V IGBT Digital Stick WelderÔºåPortable welder machine with Complete Accessory Set & Carrying Case</p><p> -50% 0FF </p><p>$49.99</p><a href="https://www.amazon.com/dp/B0BR8TS34Y?tag=eloabder-20&linkCode=osi&th=1&psc=1">View Product</a></div><div class="product"><a href="https://www.amazon.com/dp/B0BN81636G?tag=eloabder-20&linkCode=osi&th=1&psc=1"><img src="https://m.media-amazon.com/images/I/41q0oXAoP1L._SL500_.jpg" alt="Product Image"></a><p>AZZUNO MIG Welder,Flux Core Welder Machine 110V 130Amp, Gasless MIG Welding Machine IGBT Inverter Welder Portable Wire Feed Welder (110V)</p><p> -21% 0FF </p><p>$85.99</p><a href="https://www.amazon.com/dp/B0BN81636G?tag=eloabder-20&linkCode=osi&th=1&psc=1">View Product</a></div>
<div class="product"><a href="https://www.amazon.com/dp/B07MKRYWMD?tag=eloabder-20&linkCode=osi&th=1&psc=1"><img src="https://m.media-amazon.com/images/I/31nmFb6CayL._SL500_.jpg" alt="Product Image"></a><p>Hobart 770890 Auto-Darkening Welding Helmet, Large, Black</p><p> -10% 0FF </p><p>$98.99</p><a href="https://www.amazon.com/dp/B07MKRYWMD?tag=eloabder-20&linkCode=osi&th=1&psc=1">View Product</a></div><div class="product"><a href="https://www.amazon.com/dp/B07V9G94NK?tag=eloabder-20&linkCode=osi&th=1&psc=1"><img src="https://m.media-amazon.com/images/I/31SAUhqpDZL._SL500_.jpg" alt="Product Image"></a><p>Lincoln Electric K3034-4 VIKING 3350 Auto Darkening Welding Helmet with 4C Lens Technology, Matte Black, extra large</p><p> -29% 0FF </p><p>$357.99</p><a href="https://www.amazon.com/dp/B07V9G94NK?tag=eloabder-20&linkCode=osi&th=1&psc=1">View Product</a></div><div class="product"><a href="https://www.amazon.com/dp/B0BYXPR9F3?tag=eloabder-20&linkCode=osi&th=1&psc=1"><img src="https://m.media-amazon.com/images/I/51ggHp1dC3L._SL500_.jpg" alt="Product Image"></a><p>TOOLIOM Welding Helmet Solar Power Auto Darkening Welding Helmet Adjustable Shade Range for MIG TIG Stick Welder Mask Blue Eagle</p><p> -13% 0FF </p><p>$27.99</p><a href="https://www.amazon.com/dp/B0BYXPR9F3?tag=eloabder-20&linkCode=osi&th=1&psc=1">View Product</a></div><div class="product"><a href="https://www.amazon.com/dp/B0BV6RYWV9?tag=eloabder-20&linkCode=osi&th=1&psc=1"><img src="https://m.media-amazon.com/images/I/41HBwMbwbaL._SL500_.jpg" alt="Product Image"></a><p>ARCCAPTAIN Welding Helmet Auto Darkening, 3.94"X3.66" Large Viewing Screen True Color Welding Hood with 4 Arc Sensor Solar Powered, Wide Shade 4-5/5-9/9-13 for ARC TIG MIG Welding Helmets for Men</p><p> -17% 0FF </p><p>$59.99</p><a href="https://www.amazon.com/dp/B0BV6RYWV9?tag=eloabder-20&linkCode=osi&th=1&psc=1">View Product</a></div>
<div class="product"><a href="https://www.amazon.com/dp/B07RX7TNBY?tag=eloabder-20&linkCode=osi&th=1&psc=1"><img src="https://m.media-amazon.com/images/I/417ep0UH1cL._SL500_.jpg" alt="Product Image"></a><p>WZQH 16 Inches,932‚Ñâ,Leather Forge Welding Gloves, Heat/Fire Resistant,Mitts for BBQ,Oven,Grill,Fireplace,Tig,Mig,Baking,Furnace,Stove,Pot Holder,Animal Handling Glove.Black-gray</p><p> -32% 0FF </p><p>$19.74 ($19.74 / Count)</p><a href="https://www.amazon.com/dp/B07RX7TNBY?tag=eloabder-20&linkCode=osi&th=1&psc=1">View Product</a></div><div class="product"><a href="https://www.amazon.com/dp/B00IYX04YC?tag=eloabder-20&linkCode=osi&th=1&psc=1"><img src="https://m.media-amazon.com/images/I/51vjm0ZOsgL._SL500_.jpg" alt="Product Image"></a><p>Lincoln Electric Leather Welding Gloves KH641, Premium Hand Protection from Welder and Cutting Torch Heat, Commercial Quality, Cotton Lined, Gauntlet Cuff, Unisex, Grey, One Size</p><p> -5% 0FF </p><p>$18.98</p><a href="https://www.amazon.com/dp/B00IYX04YC?tag=eloabder-20&linkCode=osi&th=1&psc=1">View Product</a></div><div class="product"><a href="https://www.amazon.com/dp/B078FMLJSW?tag=eloabder-20&linkCode=osi&th=1&psc=1"><img src="https://m.media-amazon.com/images/I/41cO-Y-5sjL._SL500_.jpg" alt="Product Image"></a><p>Revco GM1611 Top Grain Leather Cowhide MIG Welding Gloves with Reinforced Palm & Thumb & Index Finger, Seamless Forefinger, 5" Cuff for Extra Protection (Medium)</p><p> -7% 0FF </p><p>$27.99</p><a href="https://www.amazon.com/dp/B078FMLJSW?tag=eloabder-20&linkCode=osi&th=1&psc=1">View Product</a></div>
<div class="product"><a href="https://www.amazon.com/dp/B07W41G6P3?tag=eloabder-20&linkCode=osi&th=1&psc=1"><img src="https://m.media-amazon.com/images/I/51FnU0Vr4ZL._SL500_.jpg" alt="Product Image"></a><p>YESWELDER Flux Core Gasless Mig Wire, Mild Steel E71TGS .030-Diameter, 2-Pound Strong ABS Plastic Spool</p><p> -30% 0FF </p><p>$15.99</p><a href="https://www.amazon.com/dp/B07W41G6P3?tag=eloabder-20&linkCode=osi&th=1&psc=1">View Product</a></div><div class="product"><a href="https://www.amazon.com/dp/B0BRCT2NLM?tag=eloabder-20&linkCode=osi&th=1&psc=1"><img src="https://m.media-amazon.com/images/I/412YtbTwWWL._SL500_.jpg" alt="Product Image"></a><p>0.035 flux core welding wire, 3 Spools E71T-GS Low Splatter gasless Carbon Steel Mig Welding Wire Compatible With HF Fourney Harbor Welder(3 PACK)</p><p> -9% 0FF </p><p>$29.99</p><a href="https://www.amazon.com/dp/B0BRCT2NLM?tag=eloabder-20&linkCode=osi&th=1&psc=1">View Product</a></div><div class="product"><a href="https://www.amazon.com/dp/B003XKH71O?tag=eloabder-20&linkCode=osi&th=1&psc=1"><img src="https://m.media-amazon.com/images/I/51aO46a0SrL._SL500_.jpg" alt="Product Image"></a><p>INEFIL ER70S-6 .030-Inch on 10-Pound Spool Carbon Steel Mig Solid Welding Wire</p><p> -24% 0FF </p><p>$25.05 ($0.16 / Ounce)</p><a href="https://www.amazon.com/dp/B003XKH71O?tag=eloabder-20&linkCode=osi&th=1&psc=1">View Product</a></div><div class="product"><a href="https://www.amazon.com/dp/B00F429SZM?tag=eloabder-20&linkCode=osi&th=1&psc=1"><img src="https://m.media-amazon.com/images/I/41BHKwqBRIL._SL500_.jpg" alt="Product Image"></a><p>Blue Demon E71TGS X .035‚Äù X 2 LB MIG/GMAW Gasless Flux Core Carbon Steel Welding Wire, All Position, Easy Slag Removal, Formulated To Provide Porosity-Free, X-Ray Quality Welds</p><p> -30% 0FF </p><p>$11.91</p><a href="https://www.amazon.com/dp/B00F429SZM?tag=eloabder-20&linkCode=osi&th=1&psc=1">View Product</a></div><div class="product"><a href="https://www.amazon.com/dp/B01I82OSC2?tag=eloabder-20&linkCode=osi&th=1&psc=1"><img src="https://m.media-amazon.com/images/I/41QrzqdrCEL._SL500_.jpg" alt="Product Image"></a><p>Lincoln Electric MIG Welding Wire, NR-211-MP, .035, Spool, Model: ED030584 (Pack of 3)</p><p> -6% 0FF </p><p>$46.99 ($15.66 / Count)</p><a href="https://www.amazon.com/dp/B01I82OSC2?tag=eloabder-20&linkCode=osi&th=1&psc=1">View Product</a></div><div class="product"><a href="https://www.amazon.com/dp/B09YYCRKR2?tag=eloabder-20&linkCode=osi&th=1&psc=1"><img src="https://m.media-amazon.com/images/I/51DpQ1PI8pL._SL500_.jpg" alt="Product Image"></a><p>ARCCAPTAIN Flux Core Welding Wire .030, E71T-GS Mig Welding Wire 2-Pound Spool Gasless Mild Carbon Steel Compatible With Lincoln Miller Forney Harbor Welder</p><p> -8% 0FF </p><p>$16.99</p><a href="https://www.amazon.com/dp/B09YYCRKR2?tag=eloabder-20&linkCode=osi&th=1&psc=1">View Product</a></div><div class="product"><a href="https://www.amazon.com/dp/B09DYCK78H?tag=eloabder-20&linkCode=osi&th=1&psc=1"><img src="https://m.media-amazon.com/images/I/41umOmMUkzL._SL500_.jpg" alt="Product Image"></a><p>TOOLIOM ER70S-6 .030"(0.8 mm) Mild Steel Mig Solid Welding Wire on 10-Pound Spool for TL-200M TL-250M Pro</p><p> -7% 0FF </p><p>$27.99</p><a href="https://www.amazon.com/dp/B09DYCK78H?tag=eloabder-20&linkCode=osi&th=1&psc=1">View Product</a></div>
<div class="product"><a href="https://www.amazon.com/dp/B0B3D96MN6?tag=eloabder-20&linkCode=osi&th=1&psc=1"><img src="https://m.media-amazon.com/images/I/51k0bP+5e6L._SL500_.jpg" alt="Product Image"></a><p>Soldering Iron Premium Kit, 60W Soldering Gun with Ceramic Heater, 12-in-1 Soldering Tool, Adjustable Temperature 200 to 450¬∞C, Includes Soldering Iron Tip, Solder Wire, Pump and Paste</p><p> -20% 0FF </p><p>$23.99</p><a href="https://www.amazon.com/dp/B0B3D96MN6?tag=eloabder-20&linkCode=osi&th=1&psc=1">View Product</a></div><div class="product"><a href="https://www.amazon.com/dp/B087767KNW?tag=eloabder-20&linkCode=osi&th=1&psc=1"><img src="https://m.media-amazon.com/images/I/41rapiHruXL._SL500_.jpg" alt="Product Image"></a><p>Soldering Iron Kit, 60W Soldering Iron with Interchangeable Iron Tips, 10-in-1 Adjustable Temperature Soldering Welding Iron Kit for any Hobby Enthusiast 110V US Plug</p><p> -13% 0FF </p><p>$12.99</p><a href="https://www.amazon.com/dp/B087767KNW?tag=eloabder-20&linkCode=osi&th=1&psc=1">View Product</a></div><div class="product"><a href="https://www.amazon.com/dp/B082F1WKP9?tag=eloabder-20&linkCode=osi&th=1&psc=1"><img src="https://m.media-amazon.com/images/I/518z061SWZL._SL500_.jpg" alt="Product Image"></a><p>YIHUA 926 III 60W Digital Display Soldering Iron Station Kit w 2 Helping Hands, 6 Extra Iron Tips, Lead-Free Solder, Solder Sucker, S/S Tweezers, ¬∞C/¬∫F Conversion, Auto Sleep & Calibration Support</p><p> -17% 0FF </p><p>$49.99</p><a href="https://www.amazon.com/dp/B082F1WKP9?tag=eloabder-20&linkCode=osi&th=1&psc=1">View Product</a></div><div class="product"><a href="https://www.amazon.com/dp/B002PIA6Z4?tag=eloabder-20&linkCode=osi&th=1&psc=1"><img src="https://m.media-amazon.com/images/I/41hE8aKpakL._SL500_.jpg" alt="Product Image"></a><p>Pro'sKit 900-015 Helping Hands Soldering Aid</p><p> -35% 0FF </p><p>$7.59</p><a href="https://www.amazon.com/dp/B002PIA6Z4?tag=eloabder-20&linkCode=osi&th=1&psc=1">View Product</a></div><div class="product"><a href="https://www.amazon.com/dp/B094GZ6CPZ?tag=eloabder-20&linkCode=osi&th=1&psc=1"><img src="https://m.media-amazon.com/images/I/510vFCSfPqL._SL500_.jpg" alt="Product Image"></a><p>Lesnow solder wick braid 10ft Length Desoldering Wick Braid Remover Tool Solder Sucker 1 piece No-Clean soldering Wick Wire Roll and Disassemble Electrical Components</p><p> -20% 0FF </p><p>$7.99</p><a href="https://www.amazon.com/dp/B094GZ6CPZ?tag=eloabder-20&linkCode=osi&th=1&psc=1">View Product</a></div><div class="product"><a href="https://www.amazon.com/dp/B0CZ9KB3PS?tag=eloabder-20&linkCode=osi&th=1&psc=1"><img src="https://m.media-amazon.com/images/I/41i90xEV7CL._SL500_.jpg" alt="Product Image"></a><p>60W Digital Soldering Station Fast Heating Precision Temperature Control Soldering Iron Station with Stable Base Auto Sleep 10 Soldering Iron Tips Soldering Station Kit for Beginners DIY hobbyist</p><p> -15% 0FF </p><p>$39.88</p><a href="https://www.amazon.com/dp/B0CZ9KB3PS?tag=eloabder-20&linkCode=osi&th=1&psc=1">View Product</a></div><div class="product"><a href="https://www.amazon.com/dp/B00NS4J6BY?tag=eloabder-20&linkCode=osi&th=1&psc=1"><img src="https://m.media-amazon.com/images/I/51zuuNWwBjL._SL500_.jpg" alt="Product Image"></a><p>Thermaltronics TMT-TC-2 Tip Tinner (20g) in 0.8oz Container</p><p> -21% 0FF </p><p>$6.35 ($7.94 / Ounce)</p><a href="https://www.amazon.com/dp/B00NS4J6BY?tag=eloabder-20&linkCode=osi&th=1&psc=1">View Product</a></div>
<div class="product"><a href="https://www.amazon.com/dp/B097T8CG94?tag=eloabder-20&linkCode=osi&th=1&psc=1"><img src="https://m.media-amazon.com/images/I/51ciNJ1DuTL._SL500_.jpg" alt="Product Image"></a><p>Soldering Iron Kit,Electric 60W Soldering Gun Welding Tools with ON/OFF Swicth,5 Soldering Iron Tips,Tweezers,solder wire,for soldering Kit and Repairing,DIY</p><p> -50% 0FF </p><p>$5.99</p><a href="https://www.amazon.com/dp/B097T8CG94?tag=eloabder-20&linkCode=osi&th=1&psc=1">View Product</a></div><div class="product"><a href="https://www.amazon.com/dp/B08R3515SF?tag=eloabder-20&linkCode=osi&th=1&psc=1"><img src="https://m.media-amazon.com/images/I/41-UwHjbdpL._SL500_.jpg" alt="Product Image"></a><p>Soldering Iron Kit, 80W 110V LCD Digital Soldering Welding Iron Kit with Ceramic Heater, Portable Soldering Kit with 5pcs Tips, Stand, Solder Tube, Sponge, Solder Paste,for Metal,Electric, DIY</p><p> -23% 0FF </p><p>$9.95</p><a href="https://www.amazon.com/dp/B08R3515SF?tag=eloabder-20&linkCode=osi&th=1&psc=1">View Product</a></div><div class="product"><a href="https://www.amazon.com/dp/B0BW4HMXJ3?tag=eloabder-20&linkCode=osi&th=1&psc=1"><img src="https://m.media-amazon.com/images/I/516tKeqajpL._SL500_.jpg" alt="Product Image"></a><p>Soldering Iron Kit 80W LCD Adjustable Temperature 180-520‚ÑÉ Solder Kit Electronics 13 in 1 Welding Tools with ON/OFF Switch, Solder Wire, Flux, 5 Soldering Tips, Desoldering Pump, Stand, Tweezers</p><p> -27% 0FF </p><p>$18.98</p><a href="https://www.amazon.com/dp/B0BW4HMXJ3?tag=eloabder-20&linkCode=osi&th=1&psc=1">View Product</a></div>
<div class="product"><a href="https://www.amazon.com/dp/B077JDGY1J?tag=eloabder-20&linkCode=osi&th=1&psc=1"><img src="https://m.media-amazon.com/images/I/41yRK+nzODL._SL500_.jpg" alt="Product Image"></a><p>Weller 70 Watt Digital Soldering Station | WE1010NA</p><p> -25% 0FF </p><p>$115.00</p><a href="https://www.amazon.com/dp/B077JDGY1J?tag=eloabder-20&linkCode=osi&th=1&psc=1">View Product</a></div><div class="product"><a href="https://www.amazon.com/dp/B09TXP1KDV?tag=eloabder-20&linkCode=osi&th=1&psc=1"><img src="https://m.media-amazon.com/images/I/51-97nkYLSL._SL500_.jpg" alt="Product Image"></a><p>WEP 927-IV Soldering Station Kit High-Power 110W with 3 Preset Channels, Sleep Mode, LED Magnifier, 5 Extra Iron Tips, Tip Cleaner, 2 Helping Hands, Tip Storage Slots, Lead-free Solder Wire, Tweezers</p><p> -25% 0FF </p><p>$59.99</p><a href="https://www.amazon.com/dp/B09TXP1KDV?tag=eloabder-20&linkCode=osi&th=1&psc=1">View Product</a></div><div class="product"><a href="https://www.amazon.com/dp/B07RVMZNYR?tag=eloabder-20&linkCode=osi&th=1&psc=1"><img src="https://m.media-amazon.com/images/I/51MK9AVKTeL._SL500_.jpg" alt="Product Image"></a><p>YIHUA 939D+ Digital Soldering Station, 75W Equivalent with Precision Heat Control (392¬∞F to 896¬∞F) and Built-in Transformer. ESD Safe, Lead Free with ¬∞C/¬∞F display (Black)</p><p> -17% 0FF </p><p>$59.99</p><a href="https://www.amazon.com/dp/B07RVMZNYR?tag=eloabder-20&linkCode=osi&th=1&psc=1">View Product</a></div><div class="product"><a href="https://www.amazon.com/dp/B0BX5KXBPD?tag=eloabder-20&linkCode=osi&th=1&psc=1"><img src="https://m.media-amazon.com/images/I/51kzeXwC0sL._SL500_.jpg" alt="Product Image"></a><p>WEP 882D Soldering Iron Station 2-IN-1 SMD Hot Air Rework Station with 2 Spools of Solder Wire, 5 Soldering Tips, 3 Hot Air Nozzles, Brass Wool Tip Cleaner, Tweezers, Desoldering pump</p><p> -12% 0FF </p><p>$48.44</p><a href="https://www.amazon.com/dp/B0BX5KXBPD?tag=eloabder-20&linkCode=osi&th=1&psc=1">View Product</a></div><div class="product"><a href="https://www.amazon.com/dp/B07S4GPM66?tag=eloabder-20&linkCode=osi&th=1&psc=1"><img src="https://m.media-amazon.com/images/I/51Z2ti7tGQL._SL500_.jpg" alt="Product Image"></a><p>YIHUA 853D 2A USB SMD Hot Air Rework Soldering Iron Station, DC Power Supply 0-15V 0-2A with 5V USB Charging Port and 35 Volt DC Voltage Test Meter</p><p> -12% 0FF </p><p>$149.99</p><a href="https://www.amazon.com/dp/B07S4GPM66?tag=eloabder-20&linkCode=osi&th=1&psc=1">View Product</a></div><div class="product"><a href="https://www.amazon.com/dp/B07RY5XWVG?tag=eloabder-20&linkCode=osi&th=1&psc=1"><img src="https://m.media-amazon.com/images/I/51C2g+FzzUL._SL500_.jpg" alt="Product Image"></a><p>YIHUA 862BD+ SMD ESD Safe 2 in 1 Soldering Iron Hot Air Rework Station ¬∞F /¬∞C with Multiple Functions</p><p> -27% 0FF </p><p>$101.95</p><a href="https://www.amazon.com/dp/B07RY5XWVG?tag=eloabder-20&linkCode=osi&th=1&psc=1">View Product</a></div>
<div class="product"><a href="https://www.amazon.com/dp/B008ZIV85A?tag=eloabder-20&linkCode=osi&th=1&psc=1"><img src="https://m.media-amazon.com/images/I/41CWW+v4uOL._SL500_.jpg" alt="Product Image"></a><p>SRA Solder 135 Rosin Paste Soldering Flux For Electronics, No Clean Flux Made for Lead and Lead-Free Solder Circuit Boards and Copper Electrical Wire - Safe Clean Residues with No Goopy Mess (2oz Jar)</p><p> -23% 0FF </p><p>$8.49</p><a href="https://www.amazon.com/dp/B008ZIV85A?tag=eloabder-20&linkCode=osi&th=1&psc=1">View Product</a></div><div class="product"><a href="https://www.amazon.com/dp/B08MVXW4RY?tag=eloabder-20&linkCode=osi&th=1&psc=1"><img src="https://m.media-amazon.com/images/I/51ACPA4yj1L._SL500_.jpg" alt="Product Image"></a><p>2 Jar Solder Flux, Flux for Soldering, Rosin Soldering Flux Paste for Lead-Free Electronics Soldering and Soldering DIY (1.2oz/35g in a Jar)</p><p> -30% 0FF </p><p>$6.98</p><a href="https://www.amazon.com/dp/B08MVXW4RY?tag=eloabder-20&linkCode=osi&th=1&psc=1">View Product</a></div>
<div class="product"><a href="https://www.amazon.com/dp/B07PX44JQM?tag=eloabder-20&linkCode=osi&th=1&psc=1"><img src="https://m.media-amazon.com/images/I/41MRmHNswpL._SL500_.jpg" alt="Product Image"></a><p>Metabo HPT Compound Miter Saw, 10" Miter Saw with Large Table Saw for woodworking, Power saw with 15-Amp Motor, Accurate Miter Angles, 0-45¬∞ Bevel, 24T TCT Miter Saw Blade, Positive Stops, C10FCGS</p><p> -25% 0FF </p><p>$119.00</p><a href="https://www.amazon.com/dp/B07PX44JQM?tag=eloabder-20&linkCode=osi&th=1&psc=1">View Product</a></div><div class="product"><a href="https://www.amazon.com/dp/B0CCNY7798?tag=eloabder-20&linkCode=osi&th=1&psc=1"><img src="https://m.media-amazon.com/images/I/51Wb7rA81NL._SL500_.jpg" alt="Product Image"></a><p>DEKOPRO Drill Set: Tool Set with 8V Blue Cordless Drill, Home Tool Kit with Drill, Hand Tool Kits for Women 126 Piece</p><p> -33% 0FF </p><p>$59.99</p><a href="https://www.amazon.com/dp/B0CCNY7798?tag=eloabder-20&linkCode=osi&th=1&psc=1">View Product</a></div><div class="product"><a href="https://www.amazon.com/dp/B07JPFHQKG?tag=eloabder-20&linkCode=osi&th=1&psc=1"><img src="https://m.media-amazon.com/images/I/413RBSqCVzL._SL500_.jpg" alt="Product Image"></a><p>DEWALT 20V MAX XR Jig Saw, 3,200 Blade Speed, Cordless, Brushless Motor, LED Light, Bare Tool Only (DCS334B)</p><p> -46% 0FF </p><p>$129.00</p><a href="https://www.amazon.com/dp/B07JPFHQKG?tag=eloabder-20&linkCode=osi&th=1&psc=1">View Product</a></div><div class="product"><a href="https://www.amazon.com/dp/B01IR1SXVQ?tag=eloabder-20&linkCode=osi&th=1&psc=1"><img src="https://m.media-amazon.com/images/I/41ryU1i4DeL._SL500_.jpg" alt="Product Image"></a><p>BLACK+DECKER 20V MAX Power Tool Combo Kit, 4-Tool Cordless Power Tool Set with 2 Batteries and Charger (BD4KITCDCRL)</p><p> -29% 0FF </p><p>$141.83</p><a href="https://www.amazon.com/dp/B01IR1SXVQ?tag=eloabder-20&linkCode=osi&th=1&psc=1">View Product</a></div>
<div class="product"><a href="https://www.amazon.com/dp/B0C4L88ZFW?tag=eloabder-20&linkCode=osi&th=1&psc=1"><img src="https://m.media-amazon.com/images/I/51SJoHf6mJL._SL500_.jpg" alt="Product Image"></a><p>FADAKWALT Cordless Drill Set,12V Power Drill Set with Battery and Charger, Electric Driver/Drill Bits, 3/8'' Keyless Chuck,21+1 Torque Setting, 180 inch-lbs, with LED Electric Drill Set (Green)</p><p> -20% 0FF </p><p>$23.98</p><a href="https://www.amazon.com/dp/B0C4L88ZFW?tag=eloabder-20&linkCode=osi&th=1&psc=1">View Product</a></div><div class="product"><a href="https://www.amazon.com/dp/B07CR1GPBQ?tag=eloabder-20&linkCode=osi&th=1&psc=1"><img src="https://m.media-amazon.com/images/I/51Py58xkv6L._SL500_.jpg" alt="Product Image"></a><p>AVID POWER 20V MAX Lithium lon Cordless Drill Set, Power Drill Kit with Battery and Charger, 3/8-Inch Keyless Chuck, Variable Speed, 16 Position and 22pcs Drill Bits (Red)</p><p> -12% 0FF </p><p>$43.99</p><a href="https://www.amazon.com/dp/B07CR1GPBQ?tag=eloabder-20&linkCode=osi&th=1&psc=1">View Product</a></div><div class="product"><a href="https://www.amazon.com/dp/B09Y8BWFZB?tag=eloabder-20&linkCode=osi&th=1&psc=1"><img src="https://m.media-amazon.com/images/I/51Ixq-DjI3L._SL500_.jpg" alt="Product Image"></a><p>DEKOPRO 8V Cordless Drill, Drill Set with 3/8"Keyless Chuck, 42pcs Acessories, Built-in LED, Type-C Charge Cable, Pink Power Drill for Drilling and Tightening/Loosening Screws</p><p> -17% 0FF </p><p>$29.99</p><a href="https://www.amazon.com/dp/B09Y8BWFZB?tag=eloabder-20&linkCode=osi&th=1&psc=1">View Product</a></div>
<div class="product"><a href="https://www.amazon.com/dp/B01KJJQ1MC?tag=eloabder-20&linkCode=osi&th=1&psc=1"><img src="https://m.media-amazon.com/images/I/51zT9DcQquL._SL500_.jpg" alt="Product Image"></a><p>Skil 5080-01 13-Amp 7-1/4" Circular Saw, Red</p><p> -33% 0FF </p><p>$39.99</p><a href="https://www.amazon.com/dp/B01KJJQ1MC?tag=eloabder-20&linkCode=osi&th=1&psc=1">View Product</a></div><div class="product"><a href="https://www.amazon.com/dp/B076HPKK19?tag=eloabder-20&linkCode=osi&th=1&psc=1"><img src="https://m.media-amazon.com/images/I/41b2h45bkSS._SL500_.jpg" alt="Product Image"></a><p>BLACK+DECKER 20V MAX* Cordless Reciprocating Saw Kit (BDCR20C)</p><p> -21% 0FF </p><p>$54.99</p><a href="https://www.amazon.com/dp/B076HPKK19?tag=eloabder-20&linkCode=osi&th=1&psc=1">View Product</a></div><div class="product"><a href="https://www.amazon.com/dp/B07WP376TG?tag=eloabder-20&linkCode=osi&th=1&psc=1"><img src="https://m.media-amazon.com/images/I/51PemucX5WL._SL500_.jpg" alt="Product Image"></a><p>GALAX PRO Circular Saw and Reciprocating Saw Combo Kit with 1pcs 4.0Ah Lithium Battery and One Charger, 7 Saw Blades and Tool Bag</p><p> -21% 0FF </p><p>$109.99</p><a href="https://www.amazon.com/dp/B07WP376TG?tag=eloabder-20&linkCode=osi&th=1&psc=1">View Product</a></div><div class="product"><a href="https://www.amazon.com/dp/B00F2CGXGG?tag=eloabder-20&linkCode=osi&th=1&psc=1"><img src="https://m.media-amazon.com/images/I/41gldz3g2lS._SL500_.jpg" alt="Product Image"></a><p>DEWALT (DWE7491RS) 10-Inch Table Saw, 32-1/2-Inch Rip Capacity, Yellow/Black/Silver</p><p> -18% 0FF </p><p>$549.00</p><a href="https://www.amazon.com/dp/B00F2CGXGG?tag=eloabder-20&linkCode=osi&th=1&psc=1">View Product</a></div><div class="product"><a href="https://www.amazon.com/dp/B086SRQVVM?tag=eloabder-20&linkCode=osi&th=1&psc=1"><img src="https://m.media-amazon.com/images/I/41dsapo-W7L._SL500_.jpg" alt="Product Image"></a><p>Electric Circular Saw, HYCHIKA 6.2A Mini Circular Saw with 3 Blades(4-1/2‚Äù), Compact Hand Saw Max Cutting Depth 1-7/8'' (90¬∞), Rubber Handle, 10 Feet Cord, Fit for Wood Soft Metal Plastic Cuts</p><p> -22% 0FF </p><p>$54.38</p><a href="https://www.amazon.com/dp/B086SRQVVM?tag=eloabder-20&linkCode=osi&th=1&psc=1">View Product</a></div>
<div class="product"><a href="https://www.amazon.com/dp/B00RVZ7DNO?tag=eloabder-20&linkCode=osi&th=1&psc=1"><img src="https://m.media-amazon.com/images/I/41WHxI6Z+bL._SL500_.jpg" alt="Product Image"></a><p>DEWALT Angle Grinder, 4.5 Inch, 11 Amp, With Paddle Switch (DWE402)</p><p> -19% 0FF </p><p>$88.82</p><a href="https://www.amazon.com/dp/B00RVZ7DNO?tag=eloabder-20&linkCode=osi&th=1&psc=1">View Product</a></div><div class="product"><a href="https://www.amazon.com/dp/B07L21GNHL?tag=eloabder-20&linkCode=osi&th=1&psc=1"><img src="https://m.media-amazon.com/images/I/5199mmz0eBS._SL500_.jpg" alt="Product Image"></a><p>Metabo HPT 4-1/2-Inch Angle Grinder, Includes 5 Grinding Wheels & Hard Case, 6.2-Amp Motor, Compact & Lightweight, G12SR4</p><p> -20% 0FF </p><p>$39.00</p><a href="https://www.amazon.com/dp/B07L21GNHL?tag=eloabder-20&linkCode=osi&th=1&psc=1">View Product</a></div><div class="product"><a href="https://www.amazon.com/dp/B009ELXH1K?tag=eloabder-20&linkCode=osi&th=1&psc=1"><img src="https://m.media-amazon.com/images/I/41xbd2K1xkL._SL500_.jpg" alt="Product Image"></a><p>DEWALT Angle Grinder, One-Touch Guard, 4-1/2 -Inch (DWE4011)</p><p> -11% 0FF </p><p>$79.00</p><a href="https://www.amazon.com/dp/B009ELXH1K?tag=eloabder-20&linkCode=osi&th=1&psc=1">View Product</a></div><div class="product"><a href="https://www.amazon.com/dp/B06WW85XHR?tag=eloabder-20&linkCode=osi&th=1&psc=1"><img src="https://m.media-amazon.com/images/I/41IyxzFrgQL._SL500_.jpg" alt="Product Image"></a><p>DEWALT Angle Grinder Tool, 4-1/2-Inch to 5-Inch, Trigger Switch (DWE43116)</p><p> -20% 0FF </p><p>$134.93</p><a href="https://www.amazon.com/dp/B06WW85XHR?tag=eloabder-20&linkCode=osi&th=1&psc=1">View Product</a></div><div class="product"><a href="https://www.amazon.com/dp/B0002SRK6M?tag=eloabder-20&linkCode=osi&th=1&psc=1"><img src="https://m.media-amazon.com/images/I/31rUdEYHfiL._SL500_.jpg" alt="Product Image"></a><p>DEWALT Angle Grinder, 7-Inch, 13-Amp, 8,000 RPM, With Dust Ejection System, Corded (DW840)</p><p> -18% 0FF </p><p>$122.13</p><a href="https://www.amazon.com/dp/B0002SRK6M?tag=eloabder-20&linkCode=osi&th=1&psc=1">View Product</a></div><div class="product"><a href="https://www.amazon.com/dp/B01HD4EH4A?tag=eloabder-20&linkCode=osi&th=1&psc=1"><img src="https://m.media-amazon.com/images/I/31bCbZzbjxL._SL500_.jpg" alt="Product Image"></a><p>BOSCH GWS8-45 4-1/2 Inch 7.5 Amp Angle Grinder</p><p> -15% 0FF </p><p>$58.98</p><a href="https://www.amazon.com/dp/B01HD4EH4A?tag=eloabder-20&linkCode=osi&th=1&psc=1">View Product</a></div><div class="product"><a href="https://www.amazon.com/dp/B09MCMN9SJ?tag=eloabder-20&linkCode=osi&th=1&psc=1"><img src="https://m.media-amazon.com/images/I/51bilvYEN5L._SL500_.jpg" alt="Product Image"></a><p>7.5Amp 4-1/2 Inch 12000 RPM Angle Grinder with 2 Guards, 3 Cutting Wheels, 3 Discs, Non-Slip Handle and Carbon Brush for Metal and Wood</p><p> -13% 0FF </p><p>$39.99</p><a href="https://www.amazon.com/dp/B09MCMN9SJ?tag=eloabder-20&linkCode=osi&th=1&psc=1">View Product</a></div><div class="product"><a href="https://www.amazon.com/dp/B01FJLKS1K?tag=eloabder-20&linkCode=osi&th=1&psc=1"><img src="https://m.media-amazon.com/images/I/41OMZZp7LWL._SL500_.jpg" alt="Product Image"></a><p>WEN 944 7-Amp Angle Grinder, 4-1/2", Grey,black,orange</p><p> -30% 0FF </p><p>$24.35</p><a href="https://www.amazon.com/dp/B01FJLKS1K?tag=eloabder-20&linkCode=osi&th=1&psc=1">View Product</a></div>
<div class="product"><a href="https://www.amazon.com/dp/B07FDL1TW5?tag=eloabder-20&linkCode=osi&th=1&psc=1"><img src="https://m.media-amazon.com/images/I/51OYzHg15RL._SL500_.jpg" alt="Product Image"></a><p>SKIL Corded Multi-Function Detail Sander with Micro-Filter Dust Box 3 Additional Attachments & 12pc Sanding Sheet- SR232301</p><p> -27% 0FF </p><p>$29.00</p><a href="https://www.amazon.com/dp/B07FDL1TW5?tag=eloabder-20&linkCode=osi&th=1&psc=1">View Product</a></div><div class="product"><a href="https://www.amazon.com/dp/B0858C7X3M?tag=eloabder-20&linkCode=osi&th=1&psc=1"><img src="https://m.media-amazon.com/images/I/41-u+iAaY0L._SL500_.jpg" alt="Product Image"></a><p>DEWALT Random Orbit Sander, Variable Speed, 5-Inch (DWE6423)</p><p> -29% 0FF </p><p>$69.99</p><a href="https://www.amazon.com/dp/B0858C7X3M?tag=eloabder-20&linkCode=osi&th=1&psc=1">View Product</a></div><div class="product"><a href="https://www.amazon.com/dp/B01ALMMJH8?tag=eloabder-20&linkCode=osi&th=1&psc=1"><img src="https://m.media-amazon.com/images/I/41c+p-fOD8L._SL500_.jpg" alt="Product Image"></a><p>DEWALT Electric Sander, 1/4-Inch Sheet, (DWE6411)</p><p> -17% 0FF </p><p>$53.64</p><a href="https://www.amazon.com/dp/B01ALMMJH8?tag=eloabder-20&linkCode=osi&th=1&psc=1">View Product</a></div><div class="product"><a href="https://www.amazon.com/dp/B07JQM7C28?tag=eloabder-20&linkCode=osi&th=1&psc=1"><img src="https://m.media-amazon.com/images/I/41dKlVcpqTL._SL500_.jpg" alt="Product Image"></a><p>DEWALT 20V MAX Orbital Sander, Tool Only (DCW210B)</p><p> -41% 0FF </p><p>$105.00</p><a href="https://www.amazon.com/dp/B07JQM7C28?tag=eloabder-20&linkCode=osi&th=1&psc=1">View Product</a></div><div class="product"><a href="https://www.amazon.com/dp/B07KL4QGSQ?tag=eloabder-20&linkCode=osi&th=1&psc=1"><img src="https://m.media-amazon.com/images/I/41Ucr142bJL._SL500_.jpg" alt="Product Image"></a><p>WEN Benchtop Belt and Disc Sander with 4 x 36 in. Belt, 6 in. Disc and Cast Iron Base (6502T)</p><p> -27% 0FF </p><p>$98.80</p><a href="https://www.amazon.com/dp/B07KL4QGSQ?tag=eloabder-20&linkCode=osi&th=1&psc=1">View Product</a></div><div class="product"><a href="https://www.amazon.com/dp/B00OJWLVM6?tag=eloabder-20&linkCode=osi&th=1&psc=1"><img src="https://m.media-amazon.com/images/I/41uzJE+Q03L._SL500_.jpg" alt="Product Image"></a><p>BLACK+DECKER 2.0 Amp Electric 1/4 Sheet Orbit Sander (BDEQS300)</p><p> -29% 0FF </p><p>$28.41</p><a href="https://www.amazon.com/dp/B00OJWLVM6?tag=eloabder-20&linkCode=osi&th=1&psc=1">View Product</a></div>
<div class="product"><a href="https://www.amazon.com/dp/B0DC68CKKH?tag=eloabder-20&linkCode=osi&th=1&psc=1"><img src="https://m.media-amazon.com/images/I/41gqGPLD28L._SL500_.jpg" alt="Product Image"></a><p>VEVOR Air Compressor 80 Gallon, 6.5HP 15.5SCFM@90 PSI, 2-Stage 145PSI Oil Free Stationary Air Compressor Tank, 86dB Quiet Compressor for Industrial Manufacturing, Construction Sites (3-Phase Power)</p><p> -6% 0FF </p><p>$1,141.99</p><a href="https://www.amazon.com/dp/B0DC68CKKH?tag=eloabder-20&linkCode=osi&th=1&psc=1">View Product</a></div><div class="product"><a href="https://www.amazon.com/dp/B0CSZ1NVW4?tag=eloabder-20&linkCode=osi&th=1&psc=1"><img src="https://m.media-amazon.com/images/I/41RAQPUKmVL._SL500_.jpg" alt="Product Image"></a><p>FYPower Air Compressor Whip Hose 3/8 Inch x 10 Feet Lead in Hybrid Hose with Fittings, Flexible and Kink Resistant, 1/4" Industrial Quick Coupler and Plug Kit - Red</p><p> -50% 0FF </p><p>$9.49</p><a href="https://www.amazon.com/dp/B0CSZ1NVW4?tag=eloabder-20&linkCode=osi&th=1&psc=1">View Product</a></div><div class="product"><a href="https://www.amazon.com/dp/B0D1QK5ZKD?tag=eloabder-20&linkCode=osi&th=1&psc=1"><img src="https://m.media-amazon.com/images/I/41lJM5B8d2L._SL500_.jpg" alt="Product Image"></a><p>Uharbour Air Compressor Hose 1/4" x 50 Feet, 1/4 Air Hose PVC/Rubber Hybrid, Air Hose for Compressor with 1/4" MNPT Brass Fitting, Air Hose 50 ft for Air Compressor</p><p> -50% 0FF </p><p>$11.49 ($0.23 / Foot)</p><a href="https://www.amazon.com/dp/B0D1QK5ZKD?tag=eloabder-20&linkCode=osi&th=1&psc=1">View Product</a></div><div class="product"><a href="https://www.amazon.com/dp/B0CQ1ZXN5N?tag=eloabder-20&linkCode=osi&th=1&psc=1"><img src="https://m.media-amazon.com/images/I/413MD4U9LOL._SL500_.jpg" alt="Product Image"></a><p>DEWENWILS 3/8 Inch x 50FT Hybrid Air Hose 300 PSI, Heavy Duty Air Compressor Hose with 1/4" Industrial Quick Coupler Fittings, Flexible and Kink Resistant Air Hose (Red)</p><p> -50% 0FF </p><p>$16.24 ($0.32 / Foot)</p><a href="https://www.amazon.com/dp/B0CQ1ZXN5N?tag=eloabder-20&linkCode=osi&th=1&psc=1">View Product</a></div><div class="product"><a href="https://www.amazon.com/dp/B0CHB3GDSV?tag=eloabder-20&linkCode=osi&th=1&psc=1"><img src="https://m.media-amazon.com/images/I/41TgWdqGdPL._SL500_.jpg" alt="Product Image"></a><p>Giraffe Tools TA15BPLUS Retractable Air Hose Reel with Swivel Bracket 3/8" x 50 ft Hybrid Hose, Ceiling/Wall Mounted Heavy Duty Industrial Air Compressor Hose Reel, 300PSI, 50ft</p><p> -9% 0FF </p><p>$99.99</p><a href="https://www.amazon.com/dp/B0CHB3GDSV?tag=eloabder-20&linkCode=osi&th=1&psc=1">View Product</a></div><div class="product"><a href="https://www.amazon.com/dp/B08PDT69XS?tag=eloabder-20&linkCode=osi&th=1&psc=1"><img src="https://m.media-amazon.com/images/I/41a6Z-s1uhL._SL500_.jpg" alt="Product Image"></a><p>Craftsman 20-piece Air Accessory Kit</p><p> -24% 0FF </p><p>$33.28</p><a href="https://www.amazon.com/dp/B08PDT69XS?tag=eloabder-20&linkCode=osi&th=1&psc=1">View Product</a></div><div class="product"><a href="https://www.amazon.com/dp/B07MBY35K6?tag=eloabder-20&linkCode=osi&th=1&psc=1"><img src="https://m.media-amazon.com/images/I/41wG+631zAL._SL500_.jpg" alt="Product Image"></a><p>AZUNO Digital Tire Inflator with Pressure Gauge, 200 PSI (0.1 Res) w/LED Flashlight, Heavy Duty Air Compressor Accessories 7pcs Set, w/Lock on Air Dual Head Chuck and 90¬∞ Tire Valve</p><p> -6% 0FF </p><p>$25.99</p><a href="https://www.amazon.com/dp/B07MBY35K6?tag=eloabder-20&linkCode=osi&th=1&psc=1">View Product</a></div>
<div class="product"><a href="https://www.amazon.com/dp/B0918CSK8N?tag=eloabder-20&linkCode=osi&th=1&psc=1"><img src="https://m.media-amazon.com/images/I/51PHon751vL._SL500_.jpg" alt="Product Image"></a><p>TOOLPEAK 1/4 inch angle air die grinder with 22 pcs 2-inch roll lock sanding discs, polished color angle pneumatic die grinder, air die grinder kit</p><p> -5% 0FF </p><p>$38.57</p><a href="https://www.amazon.com/dp/B0918CSK8N?tag=eloabder-20&linkCode=osi&th=1&psc=1">View Product</a></div><div class="product"><a href="https://www.amazon.com/dp/B000VZAENC?tag=eloabder-20&linkCode=osi&th=1&psc=1"><img src="https://m.media-amazon.com/images/I/21onsePfIFL._SL500_.jpg" alt="Product Image"></a><p>Ingersoll Rand 114GQC Quick Change Air Hammer 3-Piece Chisel Set, 3500 BPM, 2-5/8" Stroke, .401 Shank</p><p> -13% 0FF </p><p>$64.99</p><a href="https://www.amazon.com/dp/B000VZAENC?tag=eloabder-20&linkCode=osi&th=1&psc=1">View Product</a></div><div class="product"><a href="https://www.amazon.com/dp/B079FCZT4N?tag=eloabder-20&linkCode=osi&th=1&psc=1"><img src="https://m.media-amazon.com/images/I/41MB8jWnISS._SL500_.jpg" alt="Product Image"></a><p>WEN 61721 18-Gauge 3/8-Inch to 2-Inch Pneumatic Brad Nailer</p><p> -38% 0FF </p><p>$27.99</p><a href="https://www.amazon.com/dp/B079FCZT4N?tag=eloabder-20&linkCode=osi&th=1&psc=1">View Product</a></div><div class="product"><a href="https://www.amazon.com/dp/B00OK3TWUW?tag=eloabder-20&linkCode=osi&th=1&psc=1"><img src="https://m.media-amazon.com/images/I/314nu+8-0xL._SL500_.jpg" alt="Product Image"></a><p>DEWALT Grinder Tool, Self-locking Touch Control, 3-Inch (DWMT70784)</p><p> -66% 0FF </p><p>$42.84</p><a href="https://www.amazon.com/dp/B00OK3TWUW?tag=eloabder-20&linkCode=osi&th=1&psc=1">View Product</a></div><div class="product"><a href="https://www.amazon.com/dp/B008JYRDEU?tag=eloabder-20&linkCode=osi&th=1&psc=1"><img src="https://m.media-amazon.com/images/I/316BGYzWEtL._SL500_.jpg" alt="Product Image"></a><p>Ingersoll Rand 301B 1/4-Inch Right-Angle Air Die Grinder</p><p> -17% 0FF </p><p>$66.55</p><a href="https://www.amazon.com/dp/B008JYRDEU?tag=eloabder-20&linkCode=osi&th=1&psc=1">View Product</a></div><div class="product"><a href="https://www.amazon.com/dp/B07MSL5X4W?tag=eloabder-20&linkCode=osi&th=1&psc=1"><img src="https://m.media-amazon.com/images/I/41Q7jIwxfQS._SL500_.jpg" alt="Product Image"></a><p>Metabo HPT Palm Nailer | Pro Preferred Brand of Pneumatic Nailers | Over-molded Rubber Grip | 360 Degree Swivel Fitting | Magnetic Nose | Ideal For Tight Spaces | 5-Year Warranty | NH90AB</p><p> -20% 0FF </p><p>$39.00</p><a href="https://www.amazon.com/dp/B07MSL5X4W?tag=eloabder-20&linkCode=osi&th=1&psc=1">View Product</a></div><div class="product"><a href="https://www.amazon.com/dp/B09XQ9Z1B9?tag=eloabder-20&linkCode=osi&th=1&psc=1"><img src="https://m.media-amazon.com/images/I/61exAD7KuDL._SL500_.jpg" alt="Product Image"></a><p>Air Cut Off Tool with 5Pcs 3-inch Die Grinder Cut-Off Wheels, Pneumatic Metal Sheet Cutting Tool, Heavy Duty Air Cutter Cut off Tool</p><p> -9% 0FF </p><p>$31.99</p><a href="https://www.amazon.com/dp/B09XQ9Z1B9?tag=eloabder-20&linkCode=osi&th=1&psc=1">View Product</a></div><div class="product"><a href="https://www.amazon.com/dp/B0CWV1M883?tag=eloabder-20&linkCode=osi&th=1&psc=1"><img src="https://m.media-amazon.com/images/I/415GvPJJSYL._SL500_.jpg" alt="Product Image"></a><p>Pneumatic Chamfering Tool Handheld, Mini Air-Powered Chamfering Machine Trimming, 45¬∞ Arc Corner with 1/4 Inch Air Inlet for Metal Wood Beveling Deburring (C&R Angle Blades)</p><p> -7% 0FF </p><p>$51.99</p><a href="https://www.amazon.com/dp/B0CWV1M883?tag=eloabder-20&linkCode=osi&th=1&psc=1">View Product</a></div>
<div class="product"><a href="https://www.amazon.com/dp/B0BZNPPBBN?tag=eloabder-20&linkCode=osi&th=1&psc=1"><img src="https://m.media-amazon.com/images/I/51U1TjcJAVL._SL500_.jpg" alt="Product Image"></a><p>6 Pack Hydraulic Seal Installation Tools, Hydraulic Cylinder Piston Repair Rebuild Seal Kit, U-Cup Rod Seal Installation Tool Kits Upgraded Super Strong Seal Twistor Install Tool Set</p><p> -5% 0FF </p><p>$38.99</p><a href="https://www.amazon.com/dp/B0BZNPPBBN?tag=eloabder-20&linkCode=osi&th=1&psc=1">View Product</a></div>
<div class="product"><a href="https://www.amazon.com/dp/B008ASBLJI?tag=eloabder-20&linkCode=osi&th=1&psc=1"><img src="https://m.media-amazon.com/images/I/4191b6i6byL._SL500_.jpg" alt="Product Image"></a><p>Forearm Forklift 2-Person Lifting and Moving Straps; Lift, Move and Carry Furniture, Appliances, Mattresses or Any Item up to 800 lbs. Safely and Easily Like a Pro, Orange</p><p> -33% 0FF </p><p>$19.99</p><a href="https://www.amazon.com/dp/B008ASBLJI?tag=eloabder-20&linkCode=osi&th=1&psc=1">View Product</a></div><div class="product"><a href="https://www.amazon.com/dp/B01G6C1R8O?tag=eloabder-20&linkCode=osi&th=1&psc=1"><img src="https://m.media-amazon.com/images/I/41BBAL4ekvS._SL500_.jpg" alt="Product Image"></a><p>Gymreapers Knee Sleeves (1 Pair) With Gym Bag - IPF Approved - Knee Sleeve & Compression Brace for Squats, Fitness, Weightlifting, and Powerlifting 7MM Sleeve Pair - For Men & Women (Large)</p><p> -14% 0FF </p><p>$59.99</p><a href="https://www.amazon.com/dp/B01G6C1R8O?tag=eloabder-20&linkCode=osi&th=1&psc=1">View Product</a></div><div class="product"><a href="https://www.amazon.com/dp/B0CB8NRQNJ?tag=eloabder-20&linkCode=osi&th=1&psc=1"><img src="https://m.media-amazon.com/images/I/41TGm-OVXtL._SL500_.jpg" alt="Product Image"></a><p>HOLKIE Retractable Casters Heavy Duty Casters with Lifting and Lowering Function Maximum Load of 700 lbs (4 casters) for Workbenches or Other Equipment</p><p> -13% 0FF </p><p>$25.99 ($6.50 / Count)</p><a href="https://www.amazon.com/dp/B0CB8NRQNJ?tag=eloabder-20&linkCode=osi&th=1&psc=1">View Product</a></div>
<div class="product"><a href="https://www.amazon.com/dp/B08669YYV7?tag=eloabder-20&linkCode=osi&th=1&psc=1"><img src="https://m.media-amazon.com/images/I/51UV5G4XfgL._SL500_.jpg" alt="Product Image"></a><p>RoMech 660lb Digital Hanging Scale with Cast Aluminum Case, Handheld 300Kg Mini Crane Scale with Hooks for Farm Hunting Fishing Outdoor (Orange)</p><p> -25% 0FF </p><p>$29.99</p><a href="https://www.amazon.com/dp/B08669YYV7?tag=eloabder-20&linkCode=osi&th=1&psc=1">View Product</a></div><div class="product"><a href="https://www.amazon.com/dp/B0CMHX7Q2X?tag=eloabder-20&linkCode=osi&th=1&psc=1"><img src="https://m.media-amazon.com/images/I/31NOuexL2YL._SL500_.jpg" alt="Product Image"></a><p>VEVOR Crane Scale, Hanging Scale Industrial Heavy Duty, Digital Crane Scale with Remote Control, Cast Aluminum Case & LED Screen, 2200 lbs/1000 kg,High Precision for Construction, Factory, Farm</p><p> -10% 0FF </p><p>$66.59</p><a href="https://www.amazon.com/dp/B0CMHX7Q2X?tag=eloabder-20&linkCode=osi&th=1&psc=1">View Product</a></div>
<div class="product"><a href="https://www.amazon.com/dp/B0CQCDVKJ1?tag=eloabder-20&linkCode=osi&th=1&psc=1"><img src="https://m.media-amazon.com/images/I/41GQHYTm0VL._SL500_.jpg" alt="Product Image"></a><p>VEVOR 2-in-1 Electric Hoist Winch, 1100 lbs Lift Capacity, 1500W Portable Power Winch Crane, 22.9 ft Lifting Height, 13 ft/min with Wired Remote Control, for Garage, Warehouse, Factory Lifting Towing</p><p> -17% 0FF </p><p>$107.99</p><a href="https://www.amazon.com/dp/B0CQCDVKJ1?tag=eloabder-20&linkCode=osi&th=1&psc=1">View Product</a></div><div class="product"><a href="https://www.amazon.com/dp/B0CT2LSGSD?tag=eloabder-20&linkCode=osi&th=1&psc=1"><img src="https://m.media-amazon.com/images/I/41-pWD30jmL._SL500_.jpg" alt="Product Image"></a><p>3 in 1 Electric Hoist Winch,2200LBS Wired and Wireless Remote Control,110/120V-Portable Power Electric Hoist,41ft Lifting Garage Lift Hoist& Pure Copper Motor,forGarage,Factories,Warehouses,Verandahs</p><p> -6% 0FF </p><p>$146.56</p><a href="https://www.amazon.com/dp/B0CT2LSGSD?tag=eloabder-20&linkCode=osi&th=1&psc=1">View Product</a></div><div class="product"><a href="https://www.amazon.com/dp/B09TW27PBZ?tag=eloabder-20&linkCode=osi&th=1&psc=1"><img src="https://m.media-amazon.com/images/I/411FSmkLWEL._SL500_.jpg" alt="Product Image"></a><p>VEVOR Electric Hoist, 440LBS Attic Hoist, Ladder Hoist, 110V Electric Hoist with 14ft Remote Control & Single/Double Slings for Lifting in Factories, Warehouses, Construction Site, Attic</p><p> -15% 0FF </p><p>$82.44</p><a href="https://www.amazon.com/dp/B09TW27PBZ?tag=eloabder-20&linkCode=osi&th=1&psc=1">View Product</a></div><div class="product"><a href="https://www.amazon.com/dp/B0C4DSHF17?tag=eloabder-20&linkCode=osi&th=1&psc=1"><img src="https://m.media-amazon.com/images/I/51EnChC+cEL._SL500_.jpg" alt="Product Image"></a><p>VEVOR 1320lbs Electric Hoist with Wireless Remote Control,110v Electric Hoist with Remote Control, 40ft/20ft Lifting Height & Pure Copper Motor, for Garage Warehouse Factory</p><p> -12% 0FF </p><p>$112.49</p><a href="https://www.amazon.com/dp/B0C4DSHF17?tag=eloabder-20&linkCode=osi&th=1&psc=1">View Product</a></div>
<div class="product"><a href="https://www.amazon.com/dp/B08GQ9VXKK?tag=eloabder-20&linkCode=osi&th=1&psc=1"><img src="https://m.media-amazon.com/images/I/51D47aU7KVL._SL500_.jpg" alt="Product Image"></a><p>Sidasu Forklift Safety Cage 36x36 Inches Forklift Work Platform 1200LBS Capacity with 4 Wheels Aerial Platform Collapsible Lift Basket Aerial Rails for Lifting Loader</p><p> -11% 0FF </p><p>$159.99</p><a href="https://www.amazon.com/dp/B08GQ9VXKK?tag=eloabder-20&linkCode=osi&th=1&psc=1">View Product</a></div><div class="product"><a href="https://www.amazon.com/dp/B0CRYQTYPQ?tag=eloabder-20&linkCode=osi&th=1&psc=1"><img src="https://m.media-amazon.com/images/I/51wrhc6U5NL._SL500_.jpg" alt="Product Image"></a><p>Santiano Forklift Cover,All-Weather Use, Multi-Functional, No Disassembly, Waterproof, Dustproof, Wind & Snow Protection,600D Oxford&EVA Eco-Friendly Material - Work Year-Round!Up to 6000 Lbs</p><p> -10% 0FF </p><p>$89.99</p><a href="https://www.amazon.com/dp/B0CRYQTYPQ?tag=eloabder-20&linkCode=osi&th=1&psc=1">View Product</a></div>
<div class="product"><a href="https://www.amazon.com/dp/B0D3LGSK5H?tag=eloabder-20&linkCode=osi&th=1&psc=1"><img src="https://m.media-amazon.com/images/I/41Stu0GX-WL._SL500_.jpg" alt="Product Image"></a><p>VEVOR Belt Conveyor, 47 x 7.8 inch Conveyor Table, Heavy Duty Stainless Steel Motorized Belt Conveyor for Inkjet Coding Applications Powered PVC Belt Anti-Static Adjustable Speed (Double Guardrail)</p><p> -30% 0FF </p><p>$168.99</p><a href="https://www.amazon.com/dp/B0D3LGSK5H?tag=eloabder-20&linkCode=osi&th=1&psc=1">View Product</a></div><div class="product"><a href="https://www.amazon.com/dp/B0D7Q3GX1Q?tag=eloabder-20&linkCode=osi&th=1&psc=1"><img src="https://m.media-amazon.com/images/I/41FysGv+h2L._SL500_.jpg" alt="Product Image"></a><p>biosp Adjustable Conveyor Roller Stand with Wheels, Conveyor System Table Height Adjusts between 23'' and 36'', Infeed/Outfeed Support Expandable Gravity Conveyor Belt 300 lbs Load Weight Capacity</p><p> -27% 0FF </p><p>$134.99</p><a href="https://www.amazon.com/dp/B0D7Q3GX1Q?tag=eloabder-20&linkCode=osi&th=1&psc=1">View Product</a></div>
<div class="product"><a href="https://www.amazon.com/dp/B085X1KRSY?tag=eloabder-20&linkCode=osi&th=1&psc=1"><img src="https://m.media-amazon.com/images/I/31zzyc8v40L._SL500_.jpg" alt="Product Image"></a><p>Rhino Cart All Terrain Mover - All Terrain Moving Dolly for Heavy Appliance, Furniture, and Building Material Handling with 2,000lb Load Rating</p><p> -11% 0FF </p><p>$141.86</p><a href="https://www.amazon.com/dp/B085X1KRSY?tag=eloabder-20&linkCode=osi&th=1&psc=1">View Product</a></div><div class="product"><a href="https://www.amazon.com/dp/B097K7JG56?tag=eloabder-20&linkCode=osi&th=1&psc=1"><img src="https://m.media-amazon.com/images/I/51L7oLmBU6L._SL500_.jpg" alt="Product Image"></a><p>XClifes Labor-Saving Handle 2 Pack, 12 in Construction Jack, Wall Tile Locator, Multi-Function Height Adjustment Lifting Device, Door Panel Lifting Cabinet Jack, Raised by 6.69 in,Dynamic Load 450 LB</p><p> -70% 0FF </p><p>$41.99</p><a href="https://www.amazon.com/dp/B097K7JG56?tag=eloabder-20&linkCode=osi&th=1&psc=1">View Product</a></div>
<div class="product"><a href="https://www.amazon.com/dp/B0C73SXNLS?tag=eloabder-20&linkCode=osi&th=1&psc=1"><img src="https://m.media-amazon.com/images/I/51wYIKHX3sL._SL500_.jpg" alt="Product Image"></a><p>Space Saving Hangers, 10PCS Magic Hangers, 5 Holes Sturdy Plastic Hanger Clothes Organizer, Closet Organizers and Storage, Space Saver Hangers Organization, College Dorm Room Essentials (Gray)</p><p> -60% 0FF </p><p>$7.97</p><a href="https://www.amazon.com/dp/B0C73SXNLS?tag=eloabder-20&linkCode=osi&th=1&psc=1">View Product</a></div><div class="product"><a href="https://www.amazon.com/dp/B0BS3JQFBN?tag=eloabder-20&linkCode=osi&th=1&psc=1"><img src="https://m.media-amazon.com/images/I/51B12NhX-VL._SL500_.jpg" alt="Product Image"></a><p>HUITEM Space Saving 6 Tier Pant Hangers, Anti-Slip, Stainless Steel, 2 Pack, Black</p><p> -37% 0FF </p><p>$16.99 ($8.50 / Count)</p><a href="https://www.amazon.com/dp/B0BS3JQFBN?tag=eloabder-20&linkCode=osi&th=1&psc=1">View Product</a></div><div class="product"><a href="https://www.amazon.com/dp/B091KFT7WN?tag=eloabder-20&linkCode=osi&th=1&psc=1"><img src="https://m.media-amazon.com/images/I/415blLO8QrS._SL500_.jpg" alt="Product Image"></a><p>Magic Pants Hangers Space Saving - 2 Pack for Closet Multiple Layers Multifunctional Uses Rack Organizer for Trousers Scarves Slack (2 Pack with 10 Metal Clips)</p><p> -32% 0FF </p><p>$17.59 ($8.80 / Count)</p><a href="https://www.amazon.com/dp/B091KFT7WN?tag=eloabder-20&linkCode=osi&th=1&psc=1">View Product</a></div><div class="product"><a href="https://www.amazon.com/dp/B0CX56DY6R?tag=eloabder-20&linkCode=osi&th=1&psc=1"><img src="https://m.media-amazon.com/images/I/41lm5CT5cBL._SL500_.jpg" alt="Product Image"></a><p>ZEDODIER Tank Top Hanger, Rotatable Bra Organzier for Closet, Max 24 Storage Capacity Sport Bra Holder, Metal Space Saving Closet Organizers and Storage, Silver</p><p> -20% 0FF </p><p>$7.99</p><a href="https://www.amazon.com/dp/B0CX56DY6R?tag=eloabder-20&linkCode=osi&th=1&psc=1">View Product</a></div><div class="product"><a href="https://www.amazon.com/dp/B0CPPHDVDJ?tag=eloabder-20&linkCode=osi&th=1&psc=1"><img src="https://m.media-amazon.com/images/I/51sbXFj+BoL._SL500_.jpg" alt="Product Image"></a><p>2 Pack Closet-Organizers-and-Storage,6 Tier Mens-Shorts Pants-Hangers-Space-Saving,Skirt-Hangers with Clips for Closet Organizer,College-Dorm-Room-Essentials,Closet Storage Jean Yoga Legging Hanger</p><p> -8% 0FF </p><p>$11.99</p><a href="https://www.amazon.com/dp/B0CPPHDVDJ?tag=eloabder-20&linkCode=osi&th=1&psc=1">View Product</a></div>
<div class="product"><a href="https://www.amazon.com/dp/B0B7KTX5LC?tag=eloabder-20&linkCode=osi&th=1&psc=1"><img src="https://m.media-amazon.com/images/I/51JTXlpt4rL._SL500_.jpg" alt="Product Image"></a><p>Bezuny 72" H|36" W All-Metal Garage Shelving Unit and Storage-Easy Assembly Shelves 5-Tier Rack|Heavy-Duty Adjustable Shelf|Steel Waterproof Rust-Resistant Shelves for Industrial,Warehouse,Basement</p><p> -30% 0FF </p><p>$69.99</p><a href="https://www.amazon.com/dp/B0B7KTX5LC?tag=eloabder-20&linkCode=osi&th=1&psc=1">View Product</a></div><div class="product"><a href="https://www.amazon.com/dp/B0B5S3PH6P?tag=eloabder-20&linkCode=osi&th=1&psc=1"><img src="https://m.media-amazon.com/images/I/51jO-STn4XL._SL500_.jpg" alt="Product Image"></a><p>REIBII Garage Shelving, 72" Garage Storage Shelves Heavy Duty Shelving Units and Storage Loads 2500LBS, Adjustable 5 Tier Metal Shelving for Garage Shelves, Utility Shelf Rack, 72" H*35.5" W*16" D</p><p> -20% 0FF </p><p>$79.85</p><a href="https://www.amazon.com/dp/B0B5S3PH6P?tag=eloabder-20&linkCode=osi&th=1&psc=1">View Product</a></div><div class="product"><a href="https://www.amazon.com/dp/B0B6BDKTLB?tag=eloabder-20&linkCode=osi&th=1&psc=1"><img src="https://m.media-amazon.com/images/I/51ku-TmYb3L._SL500_.jpg" alt="Product Image"></a><p>REIBII 36" W x 16" D x 72" H Garage Shelving 2500LBS Capacity Adjustable 5-Tier Heavy Duty Metal Shelving Rack Shelf for Garage,Shed, Pantry, Basement,2 Pack</p><p> -40% 0FF </p><p>$117.99</p><a href="https://www.amazon.com/dp/B0B6BDKTLB?tag=eloabder-20&linkCode=osi&th=1&psc=1">View Product</a></div>
<div class="product"><a href="https://www.amazon.com/dp/B0BV5K3K6V?tag=eloabder-20&linkCode=osi&th=1&psc=1"><img src="https://m.media-amazon.com/images/I/41lZ9MOqYgL._SL500_.jpg" alt="Product Image"></a><p>Pro-Lift Garage Storage Shelves - Heavy Duty 4-Tier Adjustable Metal Wire Shelving Units with 8000 lbs Total Capacity for Garage Basement Racking Organization - 72" H X 77" W X 24" D</p><p> -10% 0FF </p><p>$404.99</p><a href="https://www.amazon.com/dp/B0BV5K3K6V?tag=eloabder-20&linkCode=osi&th=1&psc=1">View Product</a></div><div class="product"><a href="https://www.amazon.com/dp/B0BV6P81V5?tag=eloabder-20&linkCode=osi&th=1&psc=1"><img src="https://m.media-amazon.com/images/I/41cJ52D8IXL._SL500_.jpg" alt="Product Image"></a><p>Pro-LifT Garage Storage Shelves - Heavy Duty 3-Tier Adjustable Metal Wire Shelving Units with 3000 lbs Total Capacity for Garage Basement Racking Organization - 48" H X 48" W X 24" D</p><p> -10% 0FF </p><p>$269.99</p><a href="https://www.amazon.com/dp/B0BV6P81V5?tag=eloabder-20&linkCode=osi&th=1&psc=1">View Product</a></div><div class="product"><a href="https://www.amazon.com/dp/B099RT478T?tag=eloabder-20&linkCode=osi&th=1&psc=1"><img src="https://m.media-amazon.com/images/I/51qH610h91L._SL500_.jpg" alt="Product Image"></a><p>FLEXIMOUNTS Garage Shelving, 3-Tier Heavy Duty Adjustable Shelf, 4650 lbs Weight Capacity Storage Rack, 4 Feet Tall Industrial Metal Shelving</p><p> -20% 0FF </p><p>$159.99</p><a href="https://www.amazon.com/dp/B099RT478T?tag=eloabder-20&linkCode=osi&th=1&psc=1">View Product</a></div><div class="product"><a href="https://www.amazon.com/dp/B0BVB3KSF8?tag=eloabder-20&linkCode=osi&th=1&psc=1"><img src="https://m.media-amazon.com/images/I/41OiNKSrE9L._SL500_.jpg" alt="Product Image"></a><p>Pro-LifT Garage Storage Shelves - Heavy Duty 5-Tier Adjustable Metal Wire Shelving Units with 4000 lbs Total Capacity for Garage Basement Racking Organization - 72" H X 48" W X 18" D</p><p> -21% 0FF </p><p>$172.90</p><a href="https://www.amazon.com/dp/B0BVB3KSF8?tag=eloabder-20&linkCode=osi&th=1&psc=1">View Product</a></div><div class="product"><a href="https://www.amazon.com/dp/B00EZEN2KW?tag=eloabder-20&linkCode=osi&th=1&psc=1"><img src="https://m.media-amazon.com/images/I/41NZ6KW-NBL._SL500_.jpg" alt="Product Image"></a><p>BestOffice 18x48x72 Storage Shelves Commercial Heavy Duty Metal Shelves Garage Organizer Wire Rack Shelving Storage Unit Shelf Adjustable Utility 6000 LBS Capacity,Chrome</p><p> -32% 0FF </p><p>$88.99</p><a href="https://www.amazon.com/dp/B00EZEN2KW?tag=eloabder-20&linkCode=osi&th=1&psc=1">View Product</a></div>
<div class="product"><a href="https://www.amazon.com/dp/B0052PPNQO?tag=eloabder-20&linkCode=osi&th=1&psc=1"><img src="https://m.media-amazon.com/images/I/41wsX9EmOEL._SL500_.jpg" alt="Product Image"></a><p>Vestil PLP2-4840-GREEN Polyethylene Pallet with 4 Way Entry 8000 lbs Capacity 40 In Length 48 In Width 6 In Height</p><p> -11% 0FF </p><p>$178.00</p><a href="https://www.amazon.com/dp/B0052PPNQO?tag=eloabder-20&linkCode=osi&th=1&psc=1">View Product</a></div>
<div class="product"><a href="https://www.amazon.com/dp/B0D3HYC8H1?tag=eloabder-20&linkCode=osi&th=1&psc=1"><img src="https://m.media-amazon.com/images/I/51g1Q8n8fvL._SL500_.jpg" alt="Product Image"></a><p>Dealusy 50 Pack (100-Piece) 24 oz Meal Prep Containers Reusable with Lids, Sturdy Leakproof & Food Safe, Microwave, Freezer, Dishwasher Safe Food Prep Containers, To Go Take Out Plastic Food Storage</p><p> -38% 0FF </p><p>$19.99 ($0.40 / Count)</p><a href="https://www.amazon.com/dp/B0D3HYC8H1?tag=eloabder-20&linkCode=osi&th=1&psc=1">View Product</a></div><div class="product"><a href="https://www.amazon.com/dp/B0BJ8DLPZ2?tag=eloabder-20&linkCode=osi&th=1&psc=1"><img src="https://m.media-amazon.com/images/I/51uDVTFjr8L._SL500_.jpg" alt="Product Image"></a><p>Axe Sickle 200 Count Clear Plastic Hinged Take Out Containers Clamshell Takeout Tray Food Clamshell Containers Outside Diameter 5.3 x 4.7 inch for Dessert, Snacksetc, Cakes, Cookies, Salads</p><p> -8% 0FF </p><p>$23.99 ($0.12 / Count)</p><a href="https://www.amazon.com/dp/B0BJ8DLPZ2?tag=eloabder-20&linkCode=osi&th=1&psc=1">View Product</a></div>
<div class="product"><a href="https://www.amazon.com/dp/B01A12J3GI?tag=eloabder-20&linkCode=osi&th=1&psc=1"><img src="https://m.media-amazon.com/images/I/51OnLlU2IyL._SL500_.jpg" alt="Product Image"></a><p>DEWALT DPG82-11 Concealer Clear Anti-Fog Dual Mold Safety Goggle, Clear Lens, 1 Pair</p><p> -6% 0FF </p><p>$12.24</p><a href="https://www.amazon.com/dp/B01A12J3GI?tag=eloabder-20&linkCode=osi&th=1&psc=1">View Product</a></div><div class="product"><a href="https://www.amazon.com/dp/B0BGSFQJF6?tag=eloabder-20&linkCode=osi&th=1&psc=1"><img src="https://m.media-amazon.com/images/I/510nceKxovL._SL500_.jpg" alt="Product Image"></a><p>TICONN 12 Clear Safety Glasses for Men, Safety Goggles with Scratch Impact Resistant Meets ANSI Z87.1 Standard (12 Pack)</p><p> -13% 0FF </p><p>$12.99</p><a href="https://www.amazon.com/dp/B0BGSFQJF6?tag=eloabder-20&linkCode=osi&th=1&psc=1">View Product</a></div>
<div class="product"><a href="https://www.amazon.com/dp/B093FJWP7J?tag=eloabder-20&linkCode=osi&th=1&psc=1"><img src="https://m.media-amazon.com/images/I/51YRhBJ7CiL._SL500_.jpg" alt="Product Image"></a><p>Personal Protective Equipment (PPE) Isolation Door Caddy, Nylon Oxford NFPA-701 Large Scale Flame Retardant Coating 18.5 X 31 Inch, Included 2 Hooks - Royal Blue (with Back Pockets)</p><p> -13% 0FF </p><p>$84.97</p><a href="https://www.amazon.com/dp/B093FJWP7J?tag=eloabder-20&linkCode=osi&th=1&psc=1">View Product</a></div>
<div class="product"><a href="https://www.amazon.com/dp/B01AWK1XAS?tag=eloabder-20&linkCode=osi&th=1&psc=1"><img src="https://m.media-amazon.com/images/I/41Oax+1e+4L._SL500_.jpg" alt="Product Image"></a><p>NoCry Clear Safety Glasses for Men and Women with Anti-Fog and Scratch Resistant Wrap Around Lenses, Adjustable Temples and Nose Pads ‚Äî Certified ANSI Z87 Safety Glasses ‚Äî 100% UV Protective Eyewear</p><p> -18% 0FF </p><p>$13.99</p><a href="https://www.amazon.com/dp/B01AWK1XAS?tag=eloabder-20&linkCode=osi&th=1&psc=1">View Product</a></div><div class="product"><a href="https://www.amazon.com/dp/B0BNHKWR6W?tag=eloabder-20&linkCode=osi&th=1&psc=1"><img src="https://m.media-amazon.com/images/I/41yahLzQNGL._SL500_.jpg" alt="Product Image"></a><p>HPYNPES Safety GlassesClear Anti-Fog Goggles Over-Spec Glasses Protective Eye Wear Industrial Approved Wide-VisionÔºà4 PACKÔºâ</p><p> -50% 0FF </p><p>$9.99</p><a href="https://www.amazon.com/dp/B0BNHKWR6W?tag=eloabder-20&linkCode=osi&th=1&psc=1">View Product</a></div><div class="product"><a href="https://www.amazon.com/dp/B08S35C88L?tag=eloabder-20&linkCode=osi&th=1&psc=1"><img src="https://m.media-amazon.com/images/I/31X6+YNSuzS._SL500_.jpg" alt="Product Image"></a><p>SolidWork Safety Glasses Clear Lens with Side Shields, Anti Fog, Anti Scratch, Anti-Glare, Protective Eyewear for Men & Women</p><p> -15% 0FF </p><p>$16.99</p><a href="https://www.amazon.com/dp/B08S35C88L?tag=eloabder-20&linkCode=osi&th=1&psc=1">View Product</a></div><div class="product"><a href="https://www.amazon.com/dp/B016KZ2APQ?tag=eloabder-20&linkCode=osi&th=1&psc=1"><img src="https://m.media-amazon.com/images/I/311+k1qPWOL._SL500_.jpg" alt="Product Image"></a><p>3M Safety Glasses Solus 1000 Series ANSI Z87 Scotchgard Anti-Fog Clear Lens Low Profile Blue/Black Frame</p><p> -12% 0FF </p><p>$15.86</p><a href="https://www.amazon.com/dp/B016KZ2APQ?tag=eloabder-20&linkCode=osi&th=1&psc=1">View Product</a></div>
<div class="product"><a href="https://www.amazon.com/dp/B001FPCUHA?tag=eloabder-20&linkCode=osi&th=1&psc=1"><img src="https://m.media-amazon.com/images/I/31F0QDXn4KL._SL500_.jpg" alt="Product Image"></a><p>Flents Foam Ear Plugs, 10 Pair with Case for Sleeping, Snoring, Loud Noise, Traveling, Concerts, Construction, & Studying, NRR 33, Purple, Made in the USA,10 Count (Pack of 1)</p><p> -51% 0FF </p><p>$3.46 ($0.35 / Count)</p><a href="https://www.amazon.com/dp/B001FPCUHA?tag=eloabder-20&linkCode=osi&th=1&psc=1">View Product</a></div><div class="product"><a href="https://www.amazon.com/dp/B004CZYJLA?tag=eloabder-20&linkCode=osi&th=1&psc=1"><img src="https://m.media-amazon.com/images/I/31N8m8qA-yL._SL500_.jpg" alt="Product Image"></a><p>Flents Foam Ear Plugs, 10 Pair with Case for Sleeping, Snoring, Loud Noise, Traveling, Concerts, Construction, & Studying, NRR 33, Green, Made in the USA</p><p> -39% 0FF </p><p>$4.26 ($0.43 / Count)</p><a href="https://www.amazon.com/dp/B004CZYJLA?tag=eloabder-20&linkCode=osi&th=1&psc=1">View Product</a></div><div class="product"><a href="https://www.amazon.com/dp/B0DCZBPB4B?tag=eloabder-20&linkCode=osi&th=1&psc=1"><img src="https://m.media-amazon.com/images/I/41YdD7Ib+fL._SL500_.jpg" alt="Product Image"></a><p>Ear plugs for Sleeping 45dB Noise Cancelling Ear plugs for Concert, Work, Travel, Focus & Noise Sensitivity Silicone Hearing Protection Earplugs with 8 Ear Tips Reusable Noise Reduction Ear plug Black</p><p> -33% 0FF </p><p>$19.99</p><a href="https://www.amazon.com/dp/B0DCZBPB4B?tag=eloabder-20&linkCode=osi&th=1&psc=1">View Product</a></div><div class="product"><a href="https://www.amazon.com/dp/B085VNX9RT?tag=eloabder-20&linkCode=osi&th=1&psc=1"><img src="https://m.media-amazon.com/images/I/51-GbKB7ecL._SL500_.jpg" alt="Product Image"></a><p>Ear Plugs for Sleeping,16 Pairs Noise Canceling Soft Reusable Silicone Earplugs Waterproof Noise Reduction Earplugs for Concert,Swimming,Study,Loud Noise,Snoring</p><p> -34% 0FF </p><p>$8.59</p><a href="https://www.amazon.com/dp/B085VNX9RT?tag=eloabder-20&linkCode=osi&th=1&psc=1">View Product</a></div><div class="product"><a href="https://www.amazon.com/dp/B07G1MWHNR?tag=eloabder-20&linkCode=osi&th=1&psc=1"><img src="https://m.media-amazon.com/images/I/51xb3+YIUzL._SL500_.jpg" alt="Product Image"></a><p>Mack's Pillow Soft Silicone Earplugs, 12 Pair ‚Äì The Original Moldable Silicone Putty Ear Plugs for Sleeping, Snoring, Swimming, Travel, Concerts and Studying | Made in USA</p><p> -15% 0FF </p><p>$10.98 ($0.92 / Count)</p><a href="https://www.amazon.com/dp/B07G1MWHNR?tag=eloabder-20&linkCode=osi&th=1&psc=1">View Product</a></div><div class="product"><a href="https://www.amazon.com/dp/B0C852XHM7?tag=eloabder-20&linkCode=osi&th=1&psc=1"><img src="https://m.media-amazon.com/images/I/41cVUZQHT1L._SL500_.jpg" alt="Product Image"></a><p>Lenicany 30Pair Soft Foam EarPlugs, 32dB Disposable Sound Blocking Noise Cancelling Ear Plugs for Sleeping/Concerts Loud Music/Shooting Guns/Work Construction, Hearing Safety Protection (Blue)</p><p> -10% 0FF </p><p>$5.39 ($0.18 / Count)</p><a href="https://www.amazon.com/dp/B0C852XHM7?tag=eloabder-20&linkCode=osi&th=1&psc=1">View Product</a></div>
<div class="product"><a href="https://www.amazon.com/dp/B007JZ1N00?tag=eloabder-20&linkCode=osi&th=1&psc=1"><img src="https://m.media-amazon.com/images/I/41xRp2ZPBML._SL500_.jpg" alt="Product Image"></a><p>3M Half Facepiece Reusable Respirator 6200, NIOSH, Four-Point Harness, Comfortable Fit, Dual Airline Supplied Air Compatible, Bayonet Connections, Painting, Sanding, Cleaning, Medium</p><p> -28% 0FF </p><p>$14.75</p><a href="https://www.amazon.com/dp/B007JZ1N00?tag=eloabder-20&linkCode=osi&th=1&psc=1">View Product</a></div><div class="product"><a href="https://www.amazon.com/dp/B00004Z4EB?tag=eloabder-20&linkCode=osi&th=1&psc=1"><img src="https://m.media-amazon.com/images/I/51AYNvsO9wL._SL500_.jpg" alt="Product Image"></a><p>3M P95/OV Paint Project Reusable Respirator 6211, Medium Size, NIOSH-APPROVED Organic Vapor Cartridge & P95 Rated Filters, Lightweight, Flexible, Thermoplastic Faceseal For Comfort (6211P1-DC)</p><p> -14% 0FF </p><p>$34.20</p><a href="https://www.amazon.com/dp/B00004Z4EB?tag=eloabder-20&linkCode=osi&th=1&psc=1">View Product</a></div><div class="product"><a href="https://www.amazon.com/dp/B00IF7RCU6?tag=eloabder-20&linkCode=osi&th=1&psc=1"><img src="https://m.media-amazon.com/images/I/41AYgABL6KL._SL500_.jpg" alt="Product Image"></a><p>3M Rugged Comfort Quick Latch Half Facepiece Reusable Respirator 6503QL, NIOSH, Cool Flow Exhalation Valve, Bayonet Connection, Silicone Face Seal, for Gases, Vapors, Dust, Maintenance, Construction,L</p><p> -23% 0FF </p><p>$28.11</p><a href="https://www.amazon.com/dp/B00IF7RCU6?tag=eloabder-20&linkCode=osi&th=1&psc=1">View Product</a></div><div class="product"><a href="https://www.amazon.com/dp/B087FCW79Y?tag=eloabder-20&linkCode=osi&th=1&psc=1"><img src="https://m.media-amazon.com/images/I/41C6rOloEmL._SL500_.jpg" alt="Product Image"></a><p>RANKSING Reusable Respirator Gas Mask Half Facepiece Shield 6200 Face Cover with Filters for Dust, Fumes, Asbestos, Chemicals and Other Airborne Particles while Painting, Spraying, Polishing and More</p><p> -40% 0FF </p><p>$17.99</p><a href="https://www.amazon.com/dp/B087FCW79Y?tag=eloabder-20&linkCode=osi&th=1&psc=1">View Product</a></div><div class="product"><a href="https://www.amazon.com/dp/B007JZ1LG6?tag=eloabder-20&linkCode=osi&th=1&psc=1"><img src="https://m.media-amazon.com/images/I/41PsiHhcy1L._SL500_.jpg" alt="Product Image"></a><p>3M Full Facepiece Reusable Respirator 6800, NIOSH, Large Lens, ANSI High Impact Eye Protection, Silicone Face Seal, Four-Point Harness, Comfortable Fit, Painting, Dust, Chemicals, Medium</p><p> -56% 0FF </p><p>$93.00</p><a href="https://www.amazon.com/dp/B007JZ1LG6?tag=eloabder-20&linkCode=osi&th=1&psc=1">View Product</a></div>
<div class="product"><a href="https://www.amazon.com/dp/B08SYM9K52?tag=eloabder-20&linkCode=osi&th=1&psc=1"><img src="https://m.media-amazon.com/images/I/41bReMzs8sL._SL500_.jpg" alt="Product Image"></a><p>Klein Tools 60347 Hard Hat, Vented Full Brim, Class C, Premium KARBN Pattern, Rechargeable Lamp, Padded Sweat-Wicking Sweatband, Top Pad</p><p> -32% 0FF </p><p>$79.99</p><a href="https://www.amazon.com/dp/B08SYM9K52?tag=eloabder-20&linkCode=osi&th=1&psc=1">View Product</a></div><div class="product"><a href="https://www.amazon.com/dp/B07FQTCYTW?tag=eloabder-20&linkCode=osi&th=1&psc=1"><img src="https://m.media-amazon.com/images/I/41xEGl20DeL._SL500_.jpg" alt="Product Image"></a><p>Pyramex HP24110 Full Brim Hard Hat 4 Point Ratchet Suspension - White, 12 Count</p><p> -6% 0FF </p><p>$109.53</p><a href="https://www.amazon.com/dp/B07FQTCYTW?tag=eloabder-20&linkCode=osi&th=1&psc=1">View Product</a></div><div class="product"><a href="https://www.amazon.com/dp/B07L6QMYGG?tag=eloabder-20&linkCode=osi&th=1&psc=1"><img src="https://m.media-amazon.com/images/I/31xNCnPSZXL._SL500_.jpg" alt="Product Image"></a><p>Pyramex Ridgeline Full Brim Hard Hat 4 Point Ratchet Vented Matte Black Graphite Pattern</p><p> -15% 0FF </p><p>$28.00</p><a href="https://www.amazon.com/dp/B07L6QMYGG?tag=eloabder-20&linkCode=osi&th=1&psc=1">View Product</a></div><div class="product"><a href="https://www.amazon.com/dp/B078B9QD55?tag=eloabder-20&linkCode=osi&th=1&psc=1"><img src="https://m.media-amazon.com/images/I/41zmuOz7-DL._SL500_.jpg" alt="Product Image"></a><p>Pyramex Ridgeline Cap Style Hard Hat 4 Point Ratchet Vented Matte Black Graphite Pattern</p><p> -21% 0FF </p><p>$27.00</p><a href="https://www.amazon.com/dp/B078B9QD55?tag=eloabder-20&linkCode=osi&th=1&psc=1">View Product</a></div>
<div class="product"><a href="https://www.amazon.com/dp/B0BW9185XF?tag=eloabder-20&linkCode=osi&th=1&psc=1"><img src="https://m.media-amazon.com/images/I/51lDE-LgnFL._SL500_.jpg" alt="Product Image"></a><p>NEOTRIL Safety Work Gloves MicroFoam Nitrile Coated-3 Pairs, Seamless Knit Nylon Bulk Pack Working Gloves with Grip for Men Women Light Duty Work,Automotive,Warehouse (Gray,L)</p><p> -31% 0FF </p><p>$9.99</p><a href="https://www.amazon.com/dp/B0BW9185XF?tag=eloabder-20&linkCode=osi&th=1&psc=1">View Product</a></div><div class="product"><a href="https://www.amazon.com/dp/B00004XOH8?tag=eloabder-20&linkCode=osi&th=1&psc=1"><img src="https://m.media-amazon.com/images/I/41vrr-XI8HL._SL500_.jpg" alt="Product Image"></a><p>Ironclad General Utility Work Gloves GUG, All-Purpose, Performance Fit, Durable, Machine Washable, (1 Pair), Large - GUG-04-L , Black</p><p> -34% 0FF </p><p>$14.83</p><a href="https://www.amazon.com/dp/B00004XOH8?tag=eloabder-20&linkCode=osi&th=1&psc=1">View Product</a></div><div class="product"><a href="https://www.amazon.com/dp/B0797N2YW1?tag=eloabder-20&linkCode=osi&th=1&psc=1"><img src="https://m.media-amazon.com/images/I/41JMMfokSfL._SL500_.jpg" alt="Product Image"></a><p>HANDLANDY Mens Work Gloves Touch screen, Synthetic Leather Utility Gloves, Flexible Breathable Fit- Padded Knuckles & Palm (Large)</p><p> -19% 0FF </p><p>$12.80 ($12.80 / Count)</p><a href="https://www.amazon.com/dp/B0797N2YW1?tag=eloabder-20&linkCode=osi&th=1&psc=1">View Product</a></div>
<div class="product"><a href="https://www.amazon.com/dp/B01N5L2JG7?tag=eloabder-20&linkCode=osi&th=1&psc=1"><img src="https://m.media-amazon.com/images/I/41TB3tRdI3L._SL500_.jpg" alt="Product Image"></a><p>Skechers Men's Flex Advantage Bendon Work Shoe, Black, 9</p><p> -17% 0FF </p><p>$70.83</p><a href="https://www.amazon.com/dp/B01N5L2JG7?tag=eloabder-20&linkCode=osi&th=1&psc=1">View Product</a></div><div class="product"><a href="https://www.amazon.com/dp/B00QX3UKXA?tag=eloabder-20&linkCode=osi&th=1&psc=1"><img src="https://m.media-amazon.com/images/I/41y-VMqnzVL._SL500_.jpg" alt="Product Image"></a><p>Skechers womens Sure Track Trickel-w health care and food service shoes, Black, 9 X-Wide US</p><p> -38% 0FF </p><p>$58.63</p><a href="https://www.amazon.com/dp/B00QX3UKXA?tag=eloabder-20&linkCode=osi&th=1&psc=1">View Product</a></div><div class="product"><a href="https://www.amazon.com/dp/B08XLM93P7?tag=eloabder-20&linkCode=osi&th=1&psc=1"><img src="https://m.media-amazon.com/images/I/41VlYm6BhQL._SL500_.jpg" alt="Product Image"></a><p>Shoes for Crews Everlight Mens Non Slip Work Shoes - Men's Work & Safety Footwear, Lace-Up Breathable Work Shoes for Men, Zapato de Trabajo para Hombre, Size 11.5 Black</p><p> -14% 0FF </p><p>$59.98</p><a href="https://www.amazon.com/dp/B08XLM93P7?tag=eloabder-20&linkCode=osi&th=1&psc=1">View Product</a></div><div class="product"><a href="https://www.amazon.com/dp/B01KXSD3Q6?tag=eloabder-20&linkCode=osi&th=1&psc=1"><img src="https://m.media-amazon.com/images/I/41KIVA8d16L._SL500_.jpg" alt="Product Image"></a><p>Skechers Men's Dighton Athletic Work Food Service Shoe, Black, 10.5</p><p> -19% 0FF </p><p>$40.35</p><a href="https://www.amazon.com/dp/B01KXSD3Q6?tag=eloabder-20&linkCode=osi&th=1&psc=1">View Product</a></div><div class="product"><a href="https://www.amazon.com/dp/B0CRB5HDWQ?tag=eloabder-20&linkCode=osi&th=1&psc=1"><img src="https://m.media-amazon.com/images/I/410N9FwQahL._SL500_.jpg" alt="Product Image"></a><p>Non Slip Waterproof Shoes for Men Work Slip Resistant Oil Slip On Loafers Chef Kitchen Restaurant Food Service Zapatos de Trabajo para Hombres antideslizante para cocina Black</p><p> -20% 0FF </p><p>$39.89</p><a href="https://www.amazon.com/dp/B0CRB5HDWQ?tag=eloabder-20&linkCode=osi&th=1&psc=1">View Product</a></div><div class="product"><a href="https://www.amazon.com/dp/B0777Z16G2?tag=eloabder-20&linkCode=osi&th=1&psc=1"><img src="https://m.media-amazon.com/images/I/41ZjAWKjD1L._SL500_.jpg" alt="Product Image"></a><p>Skechers Men's Nampa Food Service Shoe, Black, 14 Wide</p><p> -28% 0FF </p><p>$40.34</p><a href="https://www.amazon.com/dp/B0777Z16G2?tag=eloabder-20&linkCode=osi&th=1&psc=1">View Product</a></div>
<div class="product"><a href="https://www.amazon.com/dp/B0032U3JXA?tag=eloabder-20&linkCode=osi&th=1&psc=1"><img src="https://m.media-amazon.com/images/I/51fQWw+gCYL._SL500_.jpg" alt="Product Image"></a><p>Guardian Fall Protection 00815 BOS-T50 Bucket of Safe-Tie - 5 Gallon Bucket, 50 ft. Vertical Lifeline Assembly, 5 Temper Reusable Anchor, Safety Harness Kit, Yellow</p><p> -20% 0FF </p><p>$87.92</p><a href="https://www.amazon.com/dp/B0032U3JXA?tag=eloabder-20&linkCode=osi&th=1&psc=1">View Product</a></div><div class="product"><a href="https://www.amazon.com/dp/B004A7XV50?tag=eloabder-20&linkCode=osi&th=1&psc=1"><img src="https://m.media-amazon.com/images/I/41Cmyb7QFkL._SL500_.jpg" alt="Product Image"></a><p>Guardian Fall Protection 10785 Premium 3-Foot Cross-Arm Straps with Large and Small D-Rings</p><p> -21% 0FF </p><p>$26.13</p><a href="https://www.amazon.com/dp/B004A7XV50?tag=eloabder-20&linkCode=osi&th=1&psc=1">View Product</a></div>
<div class="product"><a href="https://www.amazon.com/dp/B00HSJCS06?tag=eloabder-20&linkCode=osi&th=1&psc=1"><img src="https://m.media-amazon.com/images/I/51FCdQhuNVL._SL500_.jpg" alt="Product Image"></a><p>Accuform Lockout Tags, Pack of 25, Bilingual Danger Do Not Operation Equipment Lock Out, US Made OSHA Compliant Tags, Tear & Water Resistant PF-Cardstock, 5.75"x 3.25", TSP105CTP</p><p> -11% 0FF </p><p>$17.86 ($0.71 / Count)</p><a href="https://www.amazon.com/dp/B00HSJCS06?tag=eloabder-20&linkCode=osi&th=1&psc=1">View Product</a></div>
<div class="product"><a href="https://www.amazon.com/dp/B0C5M773VW?tag=eloabder-20&linkCode=osi&th=1&psc=1"><img src="https://m.media-amazon.com/images/I/51uxbEonuhL._SL500_.jpg" alt="Product Image"></a><p>SecuCaptain Emergency Fire Blanket for Home and Kitchen - 2 Pack 40"x40" Flame Suppression Fiberglass Fire Blankets for House Camping Car Office Warehouse Emergency Survival Safety</p><p> -43% 0FF </p><p>$16.99</p><a href="https://www.amazon.com/dp/B0C5M773VW?tag=eloabder-20&linkCode=osi&th=1&psc=1">View Product</a></div><div class="product"><a href="https://www.amazon.com/dp/B001229JCU?tag=eloabder-20&linkCode=osi&th=1&psc=1"><img src="https://m.media-amazon.com/images/I/31W6FuKPMcL._SL500_.jpg" alt="Product Image"></a><p>First Alert EZ Fire Spray, Extinguishing Aerosol Spray, AF400 Red 18 Ounce (Pack of 1)</p><p> -55% 0FF </p><p>$12.49</p><a href="https://www.amazon.com/dp/B001229JCU?tag=eloabder-20&linkCode=osi&th=1&psc=1">View Product</a></div><div class="product"><a href="https://www.amazon.com/dp/B00002ND64?tag=eloabder-20&linkCode=osi&th=1&psc=1"><img src="https://m.media-amazon.com/images/I/41r+PeZkpJL._SL500_.jpg" alt="Product Image"></a><p>Kidde FA110 Multi Purpose Fire Extinguisher 1A10BC, 1 Pack, red</p><p> -31% 0FF </p><p>$25.49</p><a href="https://www.amazon.com/dp/B00002ND64?tag=eloabder-20&linkCode=osi&th=1&psc=1">View Product</a></div><div class="product"><a href="https://www.amazon.com/dp/B07CQJCD6G?tag=eloabder-20&linkCode=osi&th=1&psc=1"><img src="https://m.media-amazon.com/images/I/31EmoFZ3KTL._SL500_.jpg" alt="Product Image"></a><p>Sellstrom Odyssey II Wildland Fire Safety Goggles - Anti-Fog, Anti-Scratch Eye Protection Goggles for Men & Women - FR Strap, fits over Glasses, ANSI Z87.1</p><p> -28% 0FF </p><p>$16.78</p><a href="https://www.amazon.com/dp/B07CQJCD6G?tag=eloabder-20&linkCode=osi&th=1&psc=1">View Product</a></div><div class="product"><a href="https://www.amazon.com/dp/B00005OU7B?tag=eloabder-20&linkCode=osi&th=1&psc=1"><img src="https://m.media-amazon.com/images/I/51O8BtvNfSL._SL500_.jpg" alt="Product Image"></a><p>Kidde Fire Escape Ladder, 2-Story Rope Ladder, Extends to 13-Feet, Anti-Slip Rungs</p><p> -36% 0FF </p><p>$40.99</p><a href="https://www.amazon.com/dp/B00005OU7B?tag=eloabder-20&linkCode=osi&th=1&psc=1">View Product</a></div><div class="product"><a href="https://www.amazon.com/dp/B08Z61XL6V?tag=eloabder-20&linkCode=osi&th=1&psc=1"><img src="https://m.media-amazon.com/images/I/519EzZgGD6L._SL500_.jpg" alt="Product Image"></a><p>Mart Cobra Emergency Fire Blanket for Home and Kitchen - 2 Pack - Fire Blankets Emergency for Home 40‚Äù x 40‚Äù - Fire Suppression Blanket - Home Safety</p><p> -25% 0FF </p><p>$29.87</p><a href="https://www.amazon.com/dp/B08Z61XL6V?tag=eloabder-20&linkCode=osi&th=1&psc=1">View Product</a></div>
<div class="product"><a href="https://www.amazon.com/dp/B07D6QGQYB?tag=eloabder-20&linkCode=osi&th=1&psc=1"><img src="https://m.media-amazon.com/images/I/41y18ggm8GL._SL500_.jpg" alt="Product Image"></a><p>Kidde Fire Extinguisher for Home, 1-A:10-B:C, Dry Chemical Extinguisher, Red, Mounting Bracket Included, 2 Pack</p><p> -41% 0FF </p><p>$32.98</p><a href="https://www.amazon.com/dp/B07D6QGQYB?tag=eloabder-20&linkCode=osi&th=1&psc=1">View Product</a></div><div class="product"><a href="https://www.amazon.com/dp/B07B9BNN24?tag=eloabder-20&linkCode=osi&th=1&psc=1"><img src="https://m.media-amazon.com/images/I/41SbuH+cdQL._SL500_.jpg" alt="Product Image"></a><p>FIRST ALERT HOME2PRO Rechargeable Compliance Fire Extinguisher, UL RATED 2-A:10-B:C, Red, 1-Pack</p><p> -27% 0FF </p><p>$36.48</p><a href="https://www.amazon.com/dp/B07B9BNN24?tag=eloabder-20&linkCode=osi&th=1&psc=1">View Product</a></div><div class="product"><a href="https://www.amazon.com/dp/B0C63914WK?tag=eloabder-20&linkCode=osi&th=1&psc=1"><img src="https://m.media-amazon.com/images/I/51IS9bq94IL._SL500_.jpg" alt="Product Image"></a><p>Kidde Kitchen Fire Extinguishers for Home & Office Use, 2 Pack: One 1-A:10-B:C and One Specialty Kitchen Extinguisher, Wall Mount & Strap Brackets Included</p><p> -7% 0FF </p><p>$34.99</p><a href="https://www.amazon.com/dp/B0C63914WK?tag=eloabder-20&linkCode=osi&th=1&psc=1">View Product</a></div><div class="product"><a href="https://www.amazon.com/dp/B0CB9GFZ9M?tag=eloabder-20&linkCode=osi&th=1&psc=1"><img src="https://m.media-amazon.com/images/I/41VJGkO+jDL._SL500_.jpg" alt="Product Image"></a><p>Kidde Fire Extinguisher for Home & Office Use, 5-B:C, 3.2 Lbs., USCG Approved with Strap Bracket (Included)</p><p> -23% 0FF </p><p>$23.10</p><a href="https://www.amazon.com/dp/B0CB9GFZ9M?tag=eloabder-20&linkCode=osi&th=1&psc=1">View Product</a></div><div class="product"><a href="https://www.amazon.com/dp/B0030ZZAR0?tag=eloabder-20&linkCode=osi&th=1&psc=1"><img src="https://m.media-amazon.com/images/I/41R9Nqadh4L._SL500_.jpg" alt="Product Image"></a><p>BUCKEYE Fire Extinguisher, 4A:80B:C, 10 lb., 21in.H, Red</p><p> -13% 0FF </p><p>$77.99</p><a href="https://www.amazon.com/dp/B0030ZZAR0?tag=eloabder-20&linkCode=osi&th=1&psc=1">View Product</a></div>
<div class="product"><a href="https://www.amazon.com/dp/B08LL1HRKW?tag=eloabder-20&linkCode=osi&th=1&psc=1"><img src="https://m.media-amazon.com/images/I/41OyhHgXG4S._SL500_.jpg" alt="Product Image"></a><p>X-Sense Smoke Alarm, 10-Year Battery Fire Alarm Smoke Detector with LED Indicator & Silence Button, SD2J0AX</p><p> -10% 0FF </p><p>$16.99</p><a href="https://www.amazon.com/dp/B08LL1HRKW?tag=eloabder-20&linkCode=osi&th=1&psc=1">View Product</a></div><div class="product"><a href="https://www.amazon.com/dp/B086S4XM47?tag=eloabder-20&linkCode=osi&th=1&psc=1"><img src="https://m.media-amazon.com/images/I/41vM6F1FfTL._SL500_.jpg" alt="Product Image"></a><p>Kidde Smoke Detector, Hardwired Smoke Alarm with Battery Backup, Test-Silence Button</p><p> -29% 0FF </p><p>$18.19</p><a href="https://www.amazon.com/dp/B086S4XM47?tag=eloabder-20&linkCode=osi&th=1&psc=1">View Product</a></div><div class="product"><a href="https://www.amazon.com/dp/B09YQZV62R?tag=eloabder-20&linkCode=osi&th=1&psc=1"><img src="https://m.media-amazon.com/images/I/31JFQcHDfWL._SL500_.jpg" alt="Product Image"></a><p>AEGISLINK Smoke Detector 10-Year Battery with Test/Silence Button, Fire Alarm with Photoelectric Sensor, Low Battery Warning, S500 (Independent, 1-Pack)</p><p> -33% 0FF </p><p>$9.99</p><a href="https://www.amazon.com/dp/B09YQZV62R?tag=eloabder-20&linkCode=osi&th=1&psc=1">View Product</a></div><div class="product"><a href="https://www.amazon.com/dp/B0CJC73MBZ?tag=eloabder-20&linkCode=osi&th=1&psc=1"><img src="https://m.media-amazon.com/images/I/51jYYKlO4+L._SL500_.jpg" alt="Product Image"></a><p>2 in 1 CO & Smoke Alarm,Carbon Monoxide Detectors, with Battery, Smoke Detector,85dB in Alarm,for Home and Kitchen,LCD Screen,Easy to Install</p><p> -20% 0FF </p><p>$15.98</p><a href="https://www.amazon.com/dp/B0CJC73MBZ?tag=eloabder-20&linkCode=osi&th=1&psc=1">View Product</a></div>
<div class="product"><a href="https://www.amazon.com/dp/B0B9YTGGJ3?tag=eloabder-20&linkCode=osi&th=1&psc=1"><img src="https://m.media-amazon.com/images/I/41WR-3ndQgL._SL500_.jpg" alt="Product Image"></a><p>Light and small automatic fire extinguisher, environmentally friendly and clean, car fire extinguisher, automatic fire extinguisher, suitable for electric box, ship cabin, car, ABCEF fire extinguisher</p><p> -13% 0FF </p><p>$34.99</p><a href="https://www.amazon.com/dp/B0B9YTGGJ3?tag=eloabder-20&linkCode=osi&th=1&psc=1">View Product</a></div>



<div class="product"><a href="https://www.amazon.com/dp/B01G1Y42H0?tag=eloabder-20&linkCode=osi&th=1&psc=1"><img src="https://m.media-amazon.com/images/I/41ml0ECvMBL._SL500_.jpg" alt="Product Image"></a><p>Command Broom and Mop Grippers Wall Hook, Damage Free Hanging Wall Mount Broom and Mop Holder, No Tools Household Cleaning Organizer for Living Spaces, 2 Hangers and 4 Command Strips</p><p> -20% 0FF </p><p>$13.58 ($6.79 / Count)</p><a href="https://www.amazon.com/dp/B01G1Y42H0?tag=eloabder-20&linkCode=osi&th=1&psc=1">View Product</a></div><div class="product"><a href="https://www.amazon.com/dp/B0D7S3CS9X?tag=eloabder-20&linkCode=osi&th=1&psc=1"><img src="https://m.media-amazon.com/images/I/51XG4DL1apL._SL500_.jpg" alt="Product Image"></a><p>NEOACT 4 Pack Scrapbook Tape,Double Sided Tape Roller Scrapbook Supplies,0.31In x 26 Ft Glue Tape Runner for Scrapbooking Envelopes Crafts Gift Wrapping Journaling School Office Supplies</p><p> -8% 0FF </p><p>$5.99</p><a href="https://www.amazon.com/dp/B0D7S3CS9X?tag=eloabder-20&linkCode=osi&th=1&psc=1">View Product</a></div><div class="product"><a href="https://www.amazon.com/dp/B07FM4PRY8?tag=eloabder-20&linkCode=osi&th=1&psc=1"><img src="https://m.media-amazon.com/images/I/51HHqS5jGIL._SL500_.jpg" alt="Product Image"></a><p>SUNEE 30 Packs Oversized Reusable Dry Erase Pocket Sleeves with 2 Rings, 10 Assorted Colors 10x14 Ticket Holders, Clear Plastic Sheet Protectors, Teacher School Classroom Supplies</p><p> -33% 0FF </p><p>$19.99</p><a href="https://www.amazon.com/dp/B07FM4PRY8?tag=eloabder-20&linkCode=osi&th=1&psc=1">View Product</a></div><div class="product"><a href="https://www.amazon.com/dp/B07GLCYR5S?tag=eloabder-20&linkCode=osi&th=1&psc=1"><img src="https://m.media-amazon.com/images/I/51BtNdNrdfL._SL500_.jpg" alt="Product Image"></a><p>QIO CHUANG Emergency Mylar Thermal Blankets -Space Blanket Survival kit Camping Blanket (4-Pack). Perfect for Outdoors, Hiking, Survival, Bug Out Bag ÔºåMarathons or First Aid 1</p><p> -46% 0FF </p><p>$6.98 ($1.74 / Count)</p><a href="https://www.amazon.com/dp/B07GLCYR5S?tag=eloabder-20&linkCode=osi&th=1&psc=1">View Product</a></div>
<div class="product"><a href="https://www.amazon.com/dp/B01M7VD07W?tag=eloabder-20&linkCode=osi&th=1&psc=1"><img src="https://m.media-amazon.com/images/I/51fA5JtXB9L._SL500_.jpg" alt="Product Image"></a><p>Gorilla 2 Part Epoxy, 5 Minute Set, Incredibly Strong Bonding, .85 Ounce Syringe, Clear, (Pack of 2)</p><p> -27% 0FF </p><p>$10.90 ($6.41 / Fl Oz)</p><a href="https://www.amazon.com/dp/B01M7VD07W?tag=eloabder-20&linkCode=osi&th=1&psc=1">View Product</a></div><div class="product"><a href="https://www.amazon.com/dp/B0B6HK51C3?tag=eloabder-20&linkCode=osi&th=1&psc=1"><img src="https://m.media-amazon.com/images/I/31uXWAEungL._SL500_.jpg" alt="Product Image"></a><p>Rumba Replacement Side Brush Parts for iRobot Roomba 600 700 800 900 Series 675 692 694 677 671 614 980 960 985 981 880 860 850 861 866 870 890 Vacuum Cleaner Accessories Kit,6 Side Brush,Screw Driver</p><p> -9% 0FF </p><p>$9.99</p><a href="https://www.amazon.com/dp/B0B6HK51C3?tag=eloabder-20&linkCode=osi&th=1&psc=1">View Product</a></div><div class="product"><a href="https://www.amazon.com/dp/B0BZMMR5XW?tag=eloabder-20&linkCode=osi&th=1&psc=1"><img src="https://m.media-amazon.com/images/I/41mpThblwIL._SL500_.jpg" alt="Product Image"></a><p>1614244 Foot Window Replacement for Bissell Crosswave Pet Pro Dry/Vac Vacuums Fits Models: 2328, 2305, 2305K, 2303, 2306A, 2306, 23062, 23068, 2551 Series</p><p> -10% 0FF </p><p>$26.83</p><a href="https://www.amazon.com/dp/B0BZMMR5XW?tag=eloabder-20&linkCode=osi&th=1&psc=1">View Product</a></div><div class="product"><a href="https://www.amazon.com/dp/B0CZLK6QMF?tag=eloabder-20&linkCode=osi&th=1&psc=1"><img src="https://m.media-amazon.com/images/I/311BgZOYsCL._SL500_.jpg" alt="Product Image"></a><p>Generic 7413197 Inlet Deflector Part Replacement, Vaccuum Accessory</p><p> -10% 0FF </p><p>$8.99</p><a href="https://www.amazon.com/dp/B0CZLK6QMF?tag=eloabder-20&linkCode=osi&th=1&psc=1">View Product</a></div><div class="product"><a href="https://www.amazon.com/dp/B0D1K3XHSP?tag=eloabder-20&linkCode=osi&th=1&psc=1"><img src="https://m.media-amazon.com/images/I/41UOnU2oiqL._SL500_.jpg" alt="Product Image"></a><p>RUKHOOL Dust Bin Replacement for Dyson V11 V15 SV14 SV15 SV22 Vacuum Cleaner Canister Bin Bucket Container Replacement Parts for Dyson V11 Large Bin Part No. 970050-01 and 965443-01</p><p> -11% 0FF </p><p>$33.99</p><a href="https://www.amazon.com/dp/B0D1K3XHSP?tag=eloabder-20&linkCode=osi&th=1&psc=1">View Product</a></div>

<div class="product"><a href="https://www.amazon.com/dp/B0BHGT88KF?tag=eloabder-20&linkCode=osi&th=1&psc=1"><img src="https://m.media-amazon.com/images/I/51Wy2vWqMnL._SL500_.jpg" alt="Product Image"></a><p>Fit Geno Back Brace Posture Corrector for Women, Shoulder Straightener, Adjustable Full Back Support, Upper and Lower Back Pain Relief - Scoliosis, Hunchback, Hump, Thoracic, Spine Corrector (Small)</p><p> -10% 0FF </p><p>$35.99</p><a href="https://www.amazon.com/dp/B0BHGT88KF?tag=eloabder-20&linkCode=osi&th=1&psc=1">View Product</a></div><div class="product"><a href="https://www.amazon.com/dp/B003N2DXPG?tag=eloabder-20&linkCode=osi&th=1&psc=1"><img src="https://m.media-amazon.com/images/I/41scKHD+h0L._SL500_.jpg" alt="Product Image"></a><p>Plackers Twin-Line Dental Flossers, Cool Mint Flavor, Dual Action Flossing System, Easy Storage, Super Tuffloss, 2X The Clean, 75 Count</p><p> -31% 0FF </p><p>$2.74 ($0.04 / Foot)</p><a href="https://www.amazon.com/dp/B003N2DXPG?tag=eloabder-20&linkCode=osi&th=1&psc=1">View Product</a></div>


<div class="product"><a href="https://www.amazon.com/dp/B0CGR3R8M2?tag=eloabder-20&linkCode=osi&th=1&psc=1"><img src="https://m.media-amazon.com/images/I/31dJH244FqL._SL500_.jpg" alt="Product Image"></a><p>Stainless Steel Lung Remover, Rubber Handle, Comfortable Grip, Efficient, Reliable Tool Head with Great Grip, Chicken Slaughter Equipment That Improves Efficiency, Easy to Clean</p><p> -7% 0FF </p><p>$12.98</p><a href="https://www.amazon.com/dp/B0CGR3R8M2?tag=eloabder-20&linkCode=osi&th=1&psc=1">View Product</a></div><div class="product"><a href="https://www.amazon.com/dp/B000R8ETKW?tag=eloabder-20&linkCode=osi&th=1&psc=1"><img src="https://m.media-amazon.com/images/I/41rNYbbsqpL._SL500_.jpg" alt="Product Image"></a><p>Fluke 789 ProcessMeter, Includes Standard DMM Capabilities, Measure, Source, Simulate 4-20 mA signals, and Built-In 24 V Loop Supply</p><p> -21% 0FF </p><p>$1,048.39</p><a href="https://www.amazon.com/dp/B000R8ETKW?tag=eloabder-20&linkCode=osi&th=1&psc=1">View Product</a></div><div class="product"><a href="https://www.amazon.com/dp/B0CHYSJBGR?tag=eloabder-20&linkCode=osi&th=1&psc=1"><img src="https://m.media-amazon.com/images/I/31MHdOP3u7L._SL500_.jpg" alt="Product Image"></a><p>SUS 304 Stainless Steel Lung Remover, Food Grade Chicken Processing Equipment with Super Strong Working Head and Ergonomic Handle to Remove Poultry Lungs, Essential Kitchen Tool Easy to Clean</p><p> -17% 0FF </p><p>$9.99</p><a href="https://www.amazon.com/dp/B0CHYSJBGR?tag=eloabder-20&linkCode=osi&th=1&psc=1">View Product</a></div><div class="product"><a href="https://www.amazon.com/dp/B0CR37JVN4?tag=eloabder-20&linkCode=osi&th=1&psc=1"><img src="https://m.media-amazon.com/images/I/41DwoJmzWmL._SL500_.jpg" alt="Product Image"></a><p>TIVOLI Professional Butcher Knife Set for Meat Processing, 7Pcs High Carbon Steel Hand Forged BBQ Knife Set, Serbian Chef Knife Set with Ergonomic Handles for Kitchen Outdoor Cooking Father's Day Gift</p><p> -5% 0FF </p><p>$69.99</p><a href="https://www.amazon.com/dp/B0CR37JVN4?tag=eloabder-20&linkCode=osi&th=1&psc=1">View Product</a></div><div class="product"><a href="https://www.amazon.com/dp/B01HPT0XFU?tag=eloabder-20&linkCode=osi&th=1&psc=1"><img src="https://m.media-amazon.com/images/I/51F+BRGdU+L._SL500_.jpg" alt="Product Image"></a><p>NoCry Premium Cut Resistant Gloves Food Grade ‚Äî Level 5 Protection; Ambidextrous; Machine Washable; Superior Comfort and Dexterity; Lightweight Protective Gloves; Complimentary eBook</p><p> -14% 0FF </p><p>$13.79 ($13.79 / Count)</p><a href="https://www.amazon.com/dp/B01HPT0XFU?tag=eloabder-20&linkCode=osi&th=1&psc=1">View Product</a></div><div class="product"><a href="https://www.amazon.com/dp/B071ZPSQ88?tag=eloabder-20&linkCode=osi&th=1&psc=1"><img src="https://m.media-amazon.com/images/I/31FiGEAJ9VL._SL500_.jpg" alt="Product Image"></a><p>Fluke 787B ProcessMeter</p><p> -15% 0FF </p><p>$1,020.84</p><a href="https://www.amazon.com/dp/B071ZPSQ88?tag=eloabder-20&linkCode=osi&th=1&psc=1">View Product</a></div>
<div class="product"><a href="https://www.amazon.com/dp/B0D8YPW46Y?tag=eloabder-20&linkCode=osi&th=1&psc=1"><img src="https://m.media-amazon.com/images/I/51sr1XVXPoL._SL500_.jpg" alt="Product Image"></a><p>Shelly 1 Gen3 | WiFi & Bluetooth Smart Relay Switch with Dry Contacts, 1-Channel 16A | Home Automation | Alexa, SmartThings & Google Home Compatible | No Hub | DIY Remote Control | Garage Door Opener</p><p> -8% 0FF </p><p>$16.99</p><a href="https://www.amazon.com/dp/B0D8YPW46Y?tag=eloabder-20&linkCode=osi&th=1&psc=1">View Product</a></div><div class="product"><a href="https://www.amazon.com/dp/B0D5XSGYB4?tag=eloabder-20&linkCode=osi&th=1&psc=1"><img src="https://m.media-amazon.com/images/I/31pj-zqLcYL._SL500_.jpg" alt="Product Image"></a><p>OUVOPO Zigbee Contact Sensor 2 Pack, Mini Smart Door Sensor, Home Automation, Kid Safety, Burglar Alert, Work with Alexa, SmartThings, Home Assistant, Aeotec, Homey, Hubitat with Build-in Zigbee Hub</p><p> -11% 0FF </p><p>$24.99</p><a href="https://www.amazon.com/dp/B0D5XSGYB4?tag=eloabder-20&linkCode=osi&th=1&psc=1">View Product</a></div><div class="product"><a href="https://www.amazon.com/dp/B0CXN2B9RS?tag=eloabder-20&linkCode=osi&th=1&psc=1"><img src="https://m.media-amazon.com/images/I/51NXNRAdSxL._SL500_.jpg" alt="Product Image"></a><p>Shelly Plus RGBW PM | WiFi & Bluetooth Smart Remote Control for RGBW with Power Metering | Home Automation | No Hub | Compatible with Alexa & Google Home | iOS Android App</p><p> -8% 0FF </p><p>$24.99</p><a href="https://www.amazon.com/dp/B0CXN2B9RS?tag=eloabder-20&linkCode=osi&th=1&psc=1">View Product</a></div><div class="product"><a href="https://www.amazon.com/dp/B006P591RW?tag=eloabder-20&linkCode=osi&th=1&psc=1"><img src="https://m.media-amazon.com/images/I/41EwZRzPrJL._SL500_.jpg" alt="Product Image"></a><p>Progressive Automations Mounting Bracket BRK-14 for Linear actuators PA-14, PA-14P, PA-08</p><p> -16% 0FF </p><p>$11.69</p><a href="https://www.amazon.com/dp/B006P591RW?tag=eloabder-20&linkCode=osi&th=1&psc=1">View Product</a></div>
<div class="product"><a href="https://www.amazon.com/dp/B08CZ4MG5P?tag=eloabder-20&linkCode=osi&th=1&psc=1"><img src="https://m.media-amazon.com/images/I/61lF1Z1BQ1L._SL500_.jpg" alt="Product Image"></a><p>ELEGOO Conqueror Robot Tank Kit with UNO R3 for Arduino Robotics for Kids Ages 8-12 12-16 STEM Science Kits Coding Robots Toys for 8+ Year Old Boys Girls Teens Circuits Engineering Building Project</p><p> -23% 0FF </p><p>$99.98</p><a href="https://www.amazon.com/dp/B08CZ4MG5P?tag=eloabder-20&linkCode=osi&th=1&psc=1">View Product</a></div><div class="product"><a href="https://www.amazon.com/dp/B0CYPVS3FF?tag=eloabder-20&linkCode=osi&th=1&psc=1"><img src="https://m.media-amazon.com/images/I/41tiE6fqJOL._SL500_.jpg" alt="Product Image"></a><p>Lefant M210 Pro Robot Vacuum Cleaner, 2200Pa Suction,120 Mins Runtime, Self-Charging Slim Robotic Vacuums, APP/Voice/Remote Control, Works with Alexa, Ideal for Pet Hair,Low-Pile Carpet, Hard Floor</p><p> -52% 0FF </p><p>$99.99</p><a href="https://www.amazon.com/dp/B0CYPVS3FF?tag=eloabder-20&linkCode=osi&th=1&psc=1">View Product</a></div><div class="product"><a href="https://www.amazon.com/dp/B09NNF5RHN?tag=eloabder-20&linkCode=osi&th=1&psc=1"><img src="https://m.media-amazon.com/images/I/41yl24NcAYL._SL500_.jpg" alt="Product Image"></a><p>roborock Q7 Max+ Robot Vacuum Cleaner, Hands-Free Cleaning for up to 7 Weeks, Robotic Vacuum with APP-Controlled Mopping, 4200Pa Suction, No-Mop&No-Go Zones, 180mins Runtime</p><p> -37% 0FF </p><p>$549.99</p><a href="https://www.amazon.com/dp/B09NNF5RHN?tag=eloabder-20&linkCode=osi&th=1&psc=1">View Product</a></div><div class="product"><a href="https://www.amazon.com/dp/B07GNDY96N?tag=eloabder-20&linkCode=osi&th=1&psc=1"><img src="https://m.media-amazon.com/images/I/41WDVdRkesL._SL500_.jpg" alt="Product Image"></a><p>ELEGOO Penguin Bot Biped Robot Kit Robotics for Kids Adults Coding for Kids 8-12 STEM Kits for Kids Ages 12-14 14-16 Boys Toys Teens Circuits Engineering Kits Compatible with Arduino</p><p> -8% 0FF </p><p>$45.99</p><a href="https://www.amazon.com/dp/B07GNDY96N?tag=eloabder-20&linkCode=osi&th=1&psc=1">View Product</a></div>
<div class="product"><a href="https://www.amazon.com/dp/B0C8GZJRMF?tag=eloabder-20&linkCode=osi&th=1&psc=1"><img src="https://m.media-amazon.com/images/I/6156CbXZ8ZL._SL500_.jpg" alt="Product Image"></a><p>Jevuta Engineer Gifts, Mechanical Engineering Gifts, Gifts For Engineers, Future Engineer Gifts, Aerospace Engineering Gifts, Graduation Gifts For Engineers, Retirement Gift For Engineer Tumbler 20oz</p><p> -12% 0FF </p><p>$21.99</p><a href="https://www.amazon.com/dp/B0C8GZJRMF?tag=eloabder-20&linkCode=osi&th=1&psc=1">View Product</a></div><div class="product"><a href="https://www.amazon.com/dp/B06XXZ19HX?tag=eloabder-20&linkCode=osi&th=1&psc=1"><img src="https://m.media-amazon.com/images/I/41QRwC6XcmL._SL500_.jpg" alt="Product Image"></a><p>Komelon 52425IE; 25' x 1.06" Powerblade II" Engineer Tape Measure; Yellow/Black</p><p> -10% 0FF </p><p>$13.51</p><a href="https://www.amazon.com/dp/B06XXZ19HX?tag=eloabder-20&linkCode=osi&th=1&psc=1">View Product</a></div><div class="product"><a href="https://www.amazon.com/dp/B00002N5LW?tag=eloabder-20&linkCode=osi&th=1&psc=1"><img src="https://m.media-amazon.com/images/I/41S2-EUZhgL._SL500_.jpg" alt="Product Image"></a><p>Crescent Lufkin 5/8" X 6' Red End¬Æ Engineer's Scale Wood Rule - 1066DN , White</p><p> -40% 0FF </p><p>$14.50</p><a href="https://www.amazon.com/dp/B00002N5LW?tag=eloabder-20&linkCode=osi&th=1&psc=1">View Product</a></div><div class="product"><a href="https://www.amazon.com/dp/B002MJMXD4?tag=eloabder-20&linkCode=osi&th=1&psc=1"><img src="https://m.media-amazon.com/images/I/31ZLLX+aOwL._SL500_.jpg" alt="Product Image"></a><p>ENGINEER Engineer Solder Suction Device SS-02</p><p> -25% 0FF </p><p>$19.56</p><a href="https://www.amazon.com/dp/B002MJMXD4?tag=eloabder-20&linkCode=osi&th=1&psc=1">View Product</a></div><div class="product"><a href="https://www.amazon.com/dp/B0BYD7H5PZ?tag=eloabder-20&linkCode=osi&th=1&psc=1"><img src="https://m.media-amazon.com/images/I/513DsoLDRFL._SL500_.jpg" alt="Product Image"></a><p>JERIO Engineer Gifts for Men,Engineer Coffee Tumbler Nutrition Facts - Funny Birthday,Graduation,Fathers Day,Christmas Gift Idea for Mechanical, Electrical, Civil, Science, Computer Programmer</p><p> -50% 0FF </p><p>$10.99</p><a href="https://www.amazon.com/dp/B0BYD7H5PZ?tag=eloabder-20&linkCode=osi&th=1&psc=1">View Product</a></div>
<div class="product"><a href="https://www.amazon.com/dp/B0D8HQJDT5?tag=eloabder-20&linkCode=osi&th=1&psc=1"><img src="https://m.media-amazon.com/images/I/41vCRs7ecqL._SL500_.jpg" alt="Product Image"></a><p>Amzany Bed Vacuum Cleaner - 5-in-1 Cordless Mattress Vacuum Cleaner, Powered by UV-C Light & Ultrasonic Technology, 16Kpa Strong Suction,Low Noise,Suitable for Dust, Pet Hair, Etc - Grey</p><p> -38% 0FF </p><p>$79.99</p><a href="https://www.amazon.com/dp/B0D8HQJDT5?tag=eloabder-20&linkCode=osi&th=1&psc=1">View Product</a></div><div class="product"><a href="https://www.amazon.com/dp/B081RJ8DW1?tag=eloabder-20&linkCode=osi&th=1&psc=1"><img src="https://m.media-amazon.com/images/I/41XdbpXmFvL._SL500_.jpg" alt="Product Image"></a><p>Gskyer Telescope, 70mm Aperture 400mm AZ Mount Astronomical Refracting Telescope for Kids Beginners - Travel Telescope with Carry Bag, Phone Adapter and Wireless Remote.</p><p> -33% 0FF </p><p>$86.99</p><a href="https://www.amazon.com/dp/B081RJ8DW1?tag=eloabder-20&linkCode=osi&th=1&psc=1">View Product</a></div><div class="product"><a href="https://www.amazon.com/dp/B008HOSQQQ?tag=eloabder-20&linkCode=osi&th=1&psc=1"><img src="https://m.media-amazon.com/images/I/31eIm02e4iL._SL500_.jpg" alt="Product Image"></a><p>Refrigeration Technologies RT201B Nylog Gasket/Thread Sealant, 30 ml (1 Pack)</p><p> -55% 0FF </p><p>$8.99</p><a href="https://www.amazon.com/dp/B008HOSQQQ?tag=eloabder-20&linkCode=osi&th=1&psc=1">View Product</a></div><div class="product"><a href="https://www.amazon.com/dp/B00UZ1WWUK?tag=eloabder-20&linkCode=osi&th=1&psc=1"><img src="https://m.media-amazon.com/images/I/318bhhXmhBL._SL500_.jpg" alt="Product Image"></a><p>BW Technologies Corded Electric BWC2-H BW Clip Single Gas H2S Monitor, 10/15 (1 Pack)</p><p> -34% 0FF </p><p>$91.14</p><a href="https://www.amazon.com/dp/B00UZ1WWUK?tag=eloabder-20&linkCode=osi&th=1&psc=1">View Product</a></div><div class="product"><a href="https://www.amazon.com/dp/B007885Y3K?tag=eloabder-20&linkCode=osi&th=1&psc=1"><img src="https://m.media-amazon.com/images/I/41Uh4TbGoGL._SL500_.jpg" alt="Product Image"></a><p>Safety Technology International, Inc. STI-13010FR Universal Stopper¬Æ, Flush Mount and Fire label, Indoor/Outdoor Protective Polycarbonate Cover for Pull Stations or Call Points, Red</p><p> -32% 0FF </p><p>$40.29</p><a href="https://www.amazon.com/dp/B007885Y3K?tag=eloabder-20&linkCode=osi&th=1&psc=1">View Product</a></div><div class="product"><a href="https://www.amazon.com/dp/B000FTADX0?tag=eloabder-20&linkCode=osi&th=1&psc=1"><img src="https://m.media-amazon.com/images/I/31HT3jGR4YL._SL500_.jpg" alt="Product Image"></a><p>Fluke Networks 26000900 Pro3000 Tone Generator and Probe Kit with SmartTone Technology, Blue</p><p> -37% 0FF </p><p>$88.48</p><a href="https://www.amazon.com/dp/B000FTADX0?tag=eloabder-20&linkCode=osi&th=1&psc=1">View Product</a></div>
<div class="product"><a href="https://www.amazon.com/dp/B0CN6F2GBN?tag=eloabder-20&linkCode=osi&th=1&psc=1"><img src="https://m.media-amazon.com/images/I/314BZ1QOH0L._SL500_.jpg" alt="Product Image"></a><p>Listerine Clinical Solutions Gum Health Antiseptic Mouthwash, Antigingivitis & Antiplaque Oral Rinse Helps Prevent Buildup & Immediately Kills Germs for Healthier Gums, ICY Mint, 1 L</p><p> -11% 0FF </p><p>$11.97 ($0.35 / Fl Oz)</p><a href="https://www.amazon.com/dp/B0CN6F2GBN?tag=eloabder-20&linkCode=osi&th=1&psc=1">View Product</a></div><div class="product"><a href="https://www.amazon.com/dp/B00WIMUVU2?tag=eloabder-20&linkCode=osi&th=1&psc=1"><img src="https://m.media-amazon.com/images/I/41ZdoGErSaL._SL500_.jpg" alt="Product Image"></a><p>Carpet Miracle - Carpet Cleaner Shampoo Solution for Machine Use, Deep Stain Remover and Odor Deodorizing Formula, Use On Rug Car Upholstery and Carpets (32FL OZ)</p><p> -23% 0FF </p><p>$19.99 ($0.62 / Fl Oz)</p><a href="https://www.amazon.com/dp/B00WIMUVU2?tag=eloabder-20&linkCode=osi&th=1&psc=1">View Product</a></div><div class="product"><a href="https://www.amazon.com/dp/B002C2O5EQ?tag=eloabder-20&linkCode=osi&th=1&psc=1"><img src="https://m.media-amazon.com/images/I/412RaKelAmL._SL500_.jpg" alt="Product Image"></a><p>Betadine Antiseptic Liquid First Aid Solution, Povidone-iodine 10%, Infection Protection, Kills Germs In Minor Cuts Scrapes And Burns, No Sting Promise, No Alcohol or Hydrogen Peroxide, 8 FL OZ</p><p> -24% 0FF </p><p>$13.29 ($1.66 / Fl Oz)</p><a href="https://www.amazon.com/dp/B002C2O5EQ?tag=eloabder-20&linkCode=osi&th=1&psc=1">View Product</a></div>

<div class="product"><a href="https://www.amazon.com/dp/B005LJ8EXU?tag=eloabder-20&linkCode=osi&th=1&psc=1"><img src="https://m.media-amazon.com/images/I/51y1lIaCqZL._SL500_.jpg" alt="Product Image"></a><p>iSpring RCC7AK, NSF Certified 75 GPD, Alkaline 6-Stage Reverse Osmosis System, pH+ Remineralization RO Water Filter System Under Sink, Superb Taste Drinking Water Filter</p><p> -33% 0FF </p><p>$186.14</p><a href="https://www.amazon.com/dp/B005LJ8EXU?tag=eloabder-20&linkCode=osi&th=1&psc=1">View Product</a></div><div class="product"><a href="https://www.amazon.com/dp/B00I0ZGOZM?tag=eloabder-20&linkCode=osi&th=1&psc=1"><img src="https://m.media-amazon.com/images/I/419oT125q0L._SL500_.jpg" alt="Product Image"></a><p>APEC Water Systems ROES-50 Essence Series Top Tier 5-Stage WQA Certified Ultra Safe Reverse Osmosis Drinking Water Filter System</p><p> -7% 0FF </p><p>$185.00</p><a href="https://www.amazon.com/dp/B00I0ZGOZM?tag=eloabder-20&linkCode=osi&th=1&psc=1">View Product</a></div><div class="product"><a href="https://www.amazon.com/dp/B00J2DGTD8?tag=eloabder-20&linkCode=osi&th=1&psc=1"><img src="https://m.media-amazon.com/images/I/51a5ku-MyBL._SL500_.jpg" alt="Product Image"></a><p>Express Water RO5DX Reverse Osmosis Filtration NSF Certified 5 Stage RO System with Faucet and Tank ‚Äì Under Sink Water Plus 4 Filters ‚Äì 50 GPD, 14 x 17 x 5, White</p><p> -21% 0FF </p><p>$157.48</p><a href="https://www.amazon.com/dp/B00J2DGTD8?tag=eloabder-20&linkCode=osi&th=1&psc=1">View Product</a></div><div class="product"><a href="https://www.amazon.com/dp/B01F9A4UVU?tag=eloabder-20&linkCode=osi&th=1&psc=1"><img src="https://m.media-amazon.com/images/I/41UItWTKFsS._SL500_.jpg" alt="Product Image"></a><p>iSpring WGB21B 2-Stage Whole House Water Filtration System, with 10" x 4.5" Sediment CTO(Chlorine, Taste, and Odor) Filter, 1" Inlet/Outlet</p><p> -30% 0FF </p><p>$127.49</p><a href="https://www.amazon.com/dp/B01F9A4UVU?tag=eloabder-20&linkCode=osi&th=1&psc=1">View Product</a></div><div class="product"><a href="https://www.amazon.com/dp/B07Y42RD9T?tag=eloabder-20&linkCode=osi&th=1&psc=1"><img src="https://m.media-amazon.com/images/I/219MeTcyMBL._SL500_.jpg" alt="Product Image"></a><p>Bard Medical PWF030 Purewick Female External Catheter, Latex, Pack of 30</p><p> -6% 0FF </p><p>$206.00 ($6.87 / Count)</p><a href="https://www.amazon.com/dp/B07Y42RD9T?tag=eloabder-20&linkCode=osi&th=1&psc=1">View Product</a></div><div class="product"><a href="https://www.amazon.com/dp/B00HRHHFPW?tag=eloabder-20&linkCode=osi&th=1&psc=1"><img src="https://m.media-amazon.com/images/I/51ykZ8b1GwL._SL500_.jpg" alt="Product Image"></a><p>APEC Water Systems RO-90 Ultimate Series Top Tier Supreme Certified High Output 90 GPD Ultra Safe Reverse Osmosis Drinking Water Filter System, Chrome Faucet</p><p> -15% 0FF </p><p>$191.55</p><a href="https://www.amazon.com/dp/B00HRHHFPW?tag=eloabder-20&linkCode=osi&th=1&psc=1">View Product</a></div>
<div class="product"><a href="https://www.amazon.com/dp/B00HKAJ018?tag=eloabder-20&linkCode=osi&th=1&psc=1"><img src="https://m.media-amazon.com/images/I/31cVzL2O1zL._SL500_.jpg" alt="Product Image"></a><p>SmartSign 25 x 12 inch ‚ÄúCaution - Maintenance Work In Progress‚Äù Two-Sided Folding Floor Sign, Digitally Printed Polypropylene Plastic, Black and Yellow</p><p> -11% 0FF </p><p>$36.95</p><a href="https://www.amazon.com/dp/B00HKAJ018?tag=eloabder-20&linkCode=osi&th=1&psc=1">View Product</a></div><div class="product"><a href="https://www.amazon.com/dp/B00HSJ4YLW?tag=eloabder-20&linkCode=osi&th=1&psc=1"><img src="https://m.media-amazon.com/images/I/41mCVFnsRpL._SL500_.jpg" alt="Product Image"></a><p>Accuform TAD847 Standard Door Knob Hanger Tag, Legend"Maintenance Employee Inside", 9" Length x 4" Width x 0.015" Thickness, RP-Plastic, Black on Yellow (Pack of 10)</p><p> -24% 0FF </p><p>$27.69 ($2.77 / Count)</p><a href="https://www.amazon.com/dp/B00HSJ4YLW?tag=eloabder-20&linkCode=osi&th=1&psc=1">View Product</a></div><div class="product"><a href="https://www.amazon.com/dp/B00700N1IQ?tag=eloabder-20&linkCode=osi&th=1&psc=1"><img src="https://m.media-amazon.com/images/I/511bcg+-z2L._SL500_.jpg" alt="Product Image"></a><p>NMC RA15RB Security Sign, Legend "RESTRICTED AREA - MAINTENANCE PERSONNEL ONLY", 14" Length x 10" Height, Rigid Plastic, Black/Red on White</p><p> -11% 0FF </p><p>$13.31</p><a href="https://www.amazon.com/dp/B00700N1IQ?tag=eloabder-20&linkCode=osi&th=1&psc=1">View Product</a></div>
<div class="product"><a href="https://www.amazon.com/dp/B0BKKTFWJK?tag=eloabder-20&linkCode=osi&th=1&psc=1"><img src="https://m.media-amazon.com/images/I/41cvC72AHeL._SL500_.jpg" alt="Product Image"></a><p>AceMining Upgraded Door Security Bar & Sliding Patio Bar, Heavy Duty Stoppers Adjustable Jammer for Home, Apartment, Travel (1 Pack,White)</p><p> -17% 0FF </p><p>$23.99</p><a href="https://www.amazon.com/dp/B0BKKTFWJK?tag=eloabder-20&linkCode=osi&th=1&psc=1">View Product</a></div><div class="product"><a href="https://www.amazon.com/dp/B01LDPHXD2?tag=eloabder-20&linkCode=osi&th=1&psc=1"><img src="https://m.media-amazon.com/images/I/41pcC4hFanL._SL500_.jpg" alt="Product Image"></a><p>Ergodyne Unisex Adult Hi Vis Safety GloWear 8377 Type R Class 3 Lime Quilted Bomber Jacket, Large, Lime, Large US</p><p> -34% 0FF </p><p>$34.99</p><a href="https://www.amazon.com/dp/B01LDPHXD2?tag=eloabder-20&linkCode=osi&th=1&psc=1">View Product</a></div><div class="product"><a href="https://www.amazon.com/dp/B0B7KTV8Q8?tag=eloabder-20&linkCode=osi&th=1&psc=1"><img src="https://m.media-amazon.com/images/I/417c5VIfBtL._SL500_.jpg" alt="Product Image"></a><p>RoadHero 18 Inch 4 Pack Collapsible Traffic Safety Cones, Multi Purpose Pop-up Cones with Reflective Collar for Road Safety, Orange Cones for Driving Training, Parking Lots</p><p> -18% 0FF </p><p>$23.65</p><a href="https://www.amazon.com/dp/B0B7KTV8Q8?tag=eloabder-20&linkCode=osi&th=1&psc=1">View Product</a></div>
<div class="product"><a href="https://www.amazon.com/dp/B000GISU1M?tag=eloabder-20&linkCode=osi&th=1&psc=1"><img src="https://m.media-amazon.com/images/I/41YAvhdmLIL._SL500_.jpg" alt="Product Image"></a><p>Optimum Nutrition Gold Standard 100% Whey Protein Powder, Vanilla Ice Creme, 5 Pound (Packaging May Vary)</p><p> -5% 0FF </p><p>$82.06 ($1.03 / Ounce)</p><a href="https://www.amazon.com/dp/B000GISU1M?tag=eloabder-20&linkCode=osi&th=1&psc=1">View Product</a></div><div class="product"><a href="https://www.amazon.com/dp/B084JHKFCW?tag=eloabder-20&linkCode=osi&th=1&psc=1"><img src="https://m.media-amazon.com/images/I/31wQjwQJR2L._SL500_.jpg" alt="Product Image"></a><p>American Standard 5503A00B.020 Slow Elongated Closed Front Toilet Seat, White</p><p> -42% 0FF </p><p>$32.96</p><a href="https://www.amazon.com/dp/B084JHKFCW?tag=eloabder-20&linkCode=osi&th=1&psc=1">View Product</a></div><div class="product"><a href="https://www.amazon.com/dp/B0CYZJM8PZ?tag=eloabder-20&linkCode=osi&th=1&psc=1"><img src="https://m.media-amazon.com/images/I/41d-M4+HpuL._SL500_.jpg" alt="Product Image"></a><p>DEGNJU LED Light Bulbs Daylight 5000K, 60 Watt Equivalent LED Bulbs, A19 Standard Bulbs, 800 LM, 15000 Hours, E26 Base, Non-Dimmable, 8.5W LED Bulbs for Bedroom Living Room 12 Pack</p><p> -27% 0FF </p><p>$17.99 ($1.50 / Count)</p><a href="https://www.amazon.com/dp/B0CYZJM8PZ?tag=eloabder-20&linkCode=osi&th=1&psc=1">View Product</a></div><div class="product"><a href="https://www.amazon.com/dp/B0CHYK75D4?tag=eloabder-20&linkCode=osi&th=1&psc=1"><img src="https://m.media-amazon.com/images/I/51DjecU3ILL._SL500_.jpg" alt="Product Image"></a><p>30-Piece Ultimate All-Purpose Combination Wrench Set in Roll-up Pouch | SAE 1/4‚Äù to 1‚Äù, Metric 6mm to 24mm | Best Value Complete Wrench Set for General Household, Garage, Truck, Car, Travel Emergency</p><p> -18% 0FF </p><p>$32.99</p><a href="https://www.amazon.com/dp/B0CHYK75D4?tag=eloabder-20&linkCode=osi&th=1&psc=1">View Product</a></div><div class="product"><a href="https://www.amazon.com/dp/B0D3XK7Z4J?tag=eloabder-20&linkCode=osi&th=1&psc=1"><img src="https://m.media-amazon.com/images/I/41wMwgcLSxL._SL500_.jpg" alt="Product Image"></a><p>Miucoguier Thread Checker - 28 Nut & Bolt Thread Checker, Bolt Size and Thread Gauge 14 Standard and 14 Metric Sizes, Bolt and Nut Identifier Gauge for Easy Verifying Sizing</p><p> -21% 0FF </p><p>$22.99</p><a href="https://www.amazon.com/dp/B0D3XK7Z4J?tag=eloabder-20&linkCode=osi&th=1&psc=1">View Product</a></div><div class="product"><a href="https://www.amazon.com/dp/B0CL1WBXG6?tag=eloabder-20&linkCode=osi&th=1&psc=1"><img src="https://m.media-amazon.com/images/I/51lHAQ830tL._SL500_.jpg" alt="Product Image"></a><p>GRENPRO Ratcheting Wrench Set, Combination Wrench Set, 22-Piece SAE & Metric and Standard, 72-Tooth Long Open End, 1/4" to 3/4" & 6-18mm, Organizer With Roll Up Pouch, CR-V Steel, Mechanic Tools Sets</p><p> -16% 0FF </p><p>$51.99 ($0.49 / Ounce)</p><a href="https://www.amazon.com/dp/B0CL1WBXG6?tag=eloabder-20&linkCode=osi&th=1&psc=1">View Product</a></div>

<div class="product"><a href="https://www.amazon.com/dp/B0D5V4PM1L?tag=eloabder-20&linkCode=osi&th=1&psc=1"><img src="https://m.media-amazon.com/images/I/51lbOWv6lZL._SL500_.jpg" alt="Product Image"></a><p>2025 Florida State and Federal Labor Laws Poster - OSHA Compliant UV Waterproof Laminated 24" x 36" English and Spanish Version 2PCS Folded - All in One Compliance Posting</p><p> -20% 0FF </p><p>$19.99</p><a href="https://www.amazon.com/dp/B0D5V4PM1L?tag=eloabder-20&linkCode=osi&th=1&psc=1">View Product</a></div>
<div class="product"><a href="https://www.amazon.com/dp/B0CFF8Z1NF?tag=eloabder-20&linkCode=osi&th=1&psc=1"><img src="https://m.media-amazon.com/images/I/41bDsv2AHdL._SL500_.jpg" alt="Product Image"></a><p>Endoscope Camera with Light - Inspection Borescope Camera with 4.3" IPS Screen, 1920P HD Snake Camera with 8 LED Lights, 16.4FT Semi-Rigid Cord Bore Scope, IP67 Waterproof Endoscope for Sewer(Orange)</p><p> -34% 0FF </p><p>$32.98</p><a href="https://www.amazon.com/dp/B0CFF8Z1NF?tag=eloabder-20&linkCode=osi&th=1&psc=1">View Product</a></div><div class="product"><a href="https://www.amazon.com/dp/B01D4QMUVI?tag=eloabder-20&linkCode=osi&th=1&psc=1"><img src="https://m.media-amazon.com/images/I/31UUBvi72zL._SL500_.jpg" alt="Product Image"></a><p>Optional life Telescoping LED Lighted Flexible Inspection Mirror 360 Swivel for Extra Viewing</p><p> -10% 0FF </p><p>$8.99</p><a href="https://www.amazon.com/dp/B01D4QMUVI?tag=eloabder-20&linkCode=osi&th=1&psc=1">View Product</a></div><div class="product"><a href="https://www.amazon.com/dp/B07HX76VM9?tag=eloabder-20&linkCode=osi&th=1&psc=1"><img src="https://m.media-amazon.com/images/I/31lU0HeUxnL._SL500_.jpg" alt="Product Image"></a><p>Juvale 2 Pack Telescoping Inspection Mirror Tool, Round 2-Inch Mirror with 24.5-Inch Extension for Mechanics, Inspectors</p><p> -38% 0FF </p><p>$7.99</p><a href="https://www.amazon.com/dp/B07HX76VM9?tag=eloabder-20&linkCode=osi&th=1&psc=1">View Product</a></div><div class="product"><a href="https://www.amazon.com/dp/B0BR7MKHF9?tag=eloabder-20&linkCode=osi&th=1&psc=1"><img src="https://m.media-amazon.com/images/I/41Oa1v7l6NL._SL500_.jpg" alt="Product Image"></a><p>Endoscope Camera with Light, 1920P HD Borescope Tools with 8 Adjustable LED Lights, Endoscope with 16.4ft Semi-Rigid Snake Camera, 7.9mm IP67 Waterproof Inspection Camera for iOS (Black)</p><p> -48% 0FF </p><p>$30.99</p><a href="https://www.amazon.com/dp/B0BR7MKHF9?tag=eloabder-20&linkCode=osi&th=1&psc=1">View Product</a></div><div class="product"><a href="https://www.amazon.com/dp/B09FK5QFTR?tag=eloabder-20&linkCode=osi&th=1&psc=1"><img src="https://m.media-amazon.com/images/I/41hfMwNfTWL._SL500_.jpg" alt="Product Image"></a><p>Telescoping Magnetic Pickup Tool Set-Extendable Magnet Flashlight with Inspection Mirror-Cool Gadgets Gifts Idea & Birthday Gifts for Father, Men, Him, Boyfriend, Husband, Handyman, Mechanic</p><p> -22% 0FF </p><p>$27.99</p><a href="https://www.amazon.com/dp/B09FK5QFTR?tag=eloabder-20&linkCode=osi&th=1&psc=1">View Product</a></div>
<div class="product"><a href="https://www.amazon.com/dp/B09KZ6TBNY?tag=eloabder-20&linkCode=osi&th=1&psc=1"><img src="https://m.media-amazon.com/images/I/41oPbadBuQL._SL500_.jpg" alt="Product Image"></a><p>iHealth COVID-19 Antigen Rapid Test, 1 Pack, 2 Tests Total, FDA EUA Authorized OTC at-Home Self Test, Results in 15 Minutes with Non-invasive Nasal Swab, Easy to Use & No Discomfort</p><p> -13% 0FF </p><p>$15.69 ($7.84 / Count)</p><a href="https://www.amazon.com/dp/B09KZ6TBNY?tag=eloabder-20&linkCode=osi&th=1&psc=1">View Product</a></div><div class="product"><a href="https://www.amazon.com/dp/B0C3SR4BNC?tag=eloabder-20&linkCode=osi&th=1&psc=1"><img src="https://m.media-amazon.com/images/I/41vH7tiKQaL._SL500_.jpg" alt="Product Image"></a><p>BinaxNOW COVID-19 Antigen Self Test, 1 Pack, 4 Tests Total, COVID Test With 15-Minute Results Without Sending to a Lab, Easy to Use at Home</p><p> -9% 0FF </p><p>$28.88 ($7.22 / Count)</p><a href="https://www.amazon.com/dp/B0C3SR4BNC?tag=eloabder-20&linkCode=osi&th=1&psc=1">View Product</a></div><div class="product"><a href="https://www.amazon.com/dp/B09PZS1N44?tag=eloabder-20&linkCode=osi&th=1&psc=1"><img src="https://m.media-amazon.com/images/I/418W+HhY5PL._SL500_.jpg" alt="Product Image"></a><p>Flowflex COVID-19 Antigen Home Test kit, 1 Pack, 5 Tests Total. FDA EUA Authorized OTC at-Home Self-Test, Non-invasive Nasal Swab, Easy to Use and No Discomfort, Results in 15 Minutes</p><p> -20% 0FF </p><p>$31.99 ($6.40 / Count)</p><a href="https://www.amazon.com/dp/B09PZS1N44?tag=eloabder-20&linkCode=osi&th=1&psc=1">View Product</a></div><div class="product"><a href="https://www.amazon.com/dp/B0D2DQBJS2?tag=eloabder-20&linkCode=osi&th=1&psc=1"><img src="https://m.media-amazon.com/images/I/51PHwjjreKL._SL500_.jpg" alt="Product Image"></a><p>CorDx TyFast Flu A/B & Covid-19 Multiplex Rapid Test, 10 Mins at Home, FDA Authorized, 3-in-1 Combo Kit, 2 Tests</p><p> -29% 0FF </p><p>$21.21</p><a href="https://www.amazon.com/dp/B0D2DQBJS2?tag=eloabder-20&linkCode=osi&th=1&psc=1">View Product</a></div><div class="product"><a href="https://www.amazon.com/dp/B07CF8C4VX?tag=eloabder-20&linkCode=osi&th=1&psc=1"><img src="https://m.media-amazon.com/images/I/51brLSHm6vL._SL500_.jpg" alt="Product Image"></a><p>CONTOUR NEXT Blood Glucose Test Strips for Diabetes, 70 Count (Pack of 1)</p><p> -17% 0FF </p><p>$26.58 ($0.38 / Count)</p><a href="https://www.amazon.com/dp/B07CF8C4VX?tag=eloabder-20&linkCode=osi&th=1&psc=1">View Product</a></div>
<div class="product"><a href="https://www.amazon.com/dp/B01LYBYFTJ?tag=eloabder-20&linkCode=osi&th=1&psc=1"><img src="https://m.media-amazon.com/images/I/518DrPFcK0L._SL500_.jpg" alt="Product Image"></a><p>Accuform MQTL707VP Plastic Sign, "Quality Control Inspection Area", 10" Length x 14" Width x 0.055" Thickness, Green/Black on White</p><p> -7% 0FF </p><p>$12.72</p><a href="https://www.amazon.com/dp/B01LYBYFTJ?tag=eloabder-20&linkCode=osi&th=1&psc=1">View Product</a></div><div class="product"><a href="https://www.amazon.com/dp/B08HQMBQ79?tag=eloabder-20&linkCode=osi&th=1&psc=1"><img src="https://m.media-amazon.com/images/I/41eP15ePWkL._SL500_.jpg" alt="Product Image"></a><p>CO2 Controller Carbon Dioxide Controller Air Quality Monitor CO2 Meter with Day and Night Control Relay Function, NDIR Sensor Probe Cable, CO2 Detector for Plant, Grow Room, Green House, Garden, Home</p><p> -13% 0FF </p><p>$139.59</p><a href="https://www.amazon.com/dp/B08HQMBQ79?tag=eloabder-20&linkCode=osi&th=1&psc=1">View Product</a></div><div class="product"><a href="https://www.amazon.com/dp/B0CPBKHZNC?tag=eloabder-20&linkCode=osi&th=1&psc=1"><img src="https://m.media-amazon.com/images/I/51jPs5y3CJL._SL500_.jpg" alt="Product Image"></a><p>IUYPKQ Steel Wool for Mice Control - 2 Pack of 3"√ó10Ft Steel Wool, Gap Filter for House & Garage - Keep Mice Away from HolesÔºåSidingÔºåPipelineÔºåVents in Garden, House, 7.04oz (2, 100g)</p><p> -18% 0FF </p><p>$8.20</p><a href="https://www.amazon.com/dp/B0CPBKHZNC?tag=eloabder-20&linkCode=osi&th=1&psc=1">View Product</a></div>

<div class="product"><a href="https://www.amazon.com/dp/B084F3YQMH?tag=eloabder-20&linkCode=osi&th=1&psc=1"><img src="https://m.media-amazon.com/images/I/51XzXeJ5EHS._SL500_.jpg" alt="Product Image"></a><p>Ultrasac Blue Recycling Bags 33 Gallon 0.9 MIL, 33.5" x 38" - Pack of 45 - For Recycling, Kitchen, Industrial, & Commercial</p><p> -37% 0FF </p><p>$15.06 ($0.33 / Count)</p><a href="https://www.amazon.com/dp/B084F3YQMH?tag=eloabder-20&linkCode=osi&th=1&psc=1">View Product</a></div>
<div class="product"><a href="https://www.amazon.com/dp/B09RY35M4S?tag=eloabder-20&linkCode=osi&th=1&psc=1"><img src="https://m.media-amazon.com/images/I/41wjzxrudGL._SL500_.jpg" alt="Product Image"></a><p>Kleenex Lotion Facial Tissues with Coconut Oil, 3 Flat Boxes, 120 Tissues Per Box, 3-Ply</p><p> -9% 0FF </p><p>$5.24 ($1.46 / 100 Sheets)</p><a href="https://www.amazon.com/dp/B09RY35M4S?tag=eloabder-20&linkCode=osi&th=1&psc=1">View Product</a></div><div class="product"><a href="https://www.amazon.com/dp/B09M5XF6JV?tag=eloabder-20&linkCode=osi&th=1&psc=1"><img src="https://m.media-amazon.com/images/I/410w59XOeaL._SL500_.jpg" alt="Product Image"></a><p>Kleenex Ultra Soft Facial Tissues, 4 Cube Boxes, 60 Tissues per Box, 3-Ply (240 Total Tissues), Packaging May Vary</p><p> -12% 0FF </p><p>$6.58 ($2.74 / 100 Sheets)</p><a href="https://www.amazon.com/dp/B09M5XF6JV?tag=eloabder-20&linkCode=osi&th=1&psc=1">View Product</a></div><div class="product"><a href="https://www.amazon.com/dp/B09YKRZR22?tag=eloabder-20&linkCode=osi&th=1&psc=1"><img src="https://m.media-amazon.com/images/I/413kbNG2YCL._SL500_.jpg" alt="Product Image"></a><p>Puffs Plus Lotion Facial Tissues, 8 Family Boxes, 124 Facial Tissues per Box, Allergies and Colds</p><p> -26% 0FF </p><p>$13.28 ($1.34 / 100 Sheets)</p><a href="https://www.amazon.com/dp/B09YKRZR22?tag=eloabder-20&linkCode=osi&th=1&psc=1">View Product</a></div>
<div class="product"><a href="https://www.amazon.com/dp/B0CMTR8NFM?tag=eloabder-20&linkCode=osi&th=1&psc=1"><img src="https://m.media-amazon.com/images/I/418XJgVkJIL._SL500_.jpg" alt="Product Image"></a><p>dalattin 12 Pack A19 LED Bulbs, 9W Equivalent 60 Watts, E26 Base, 5000K Daylight White, 800 LM, Efficient Energy Saving Lights for Living Room, Office, 80+ CRI, 120V, UL Listed</p><p> -6% 0FF </p><p>$15.99 ($1.33 / Count)</p><a href="https://www.amazon.com/dp/B0CMTR8NFM?tag=eloabder-20&linkCode=osi&th=1&psc=1">View Product</a></div><div class="product"><a href="https://www.amazon.com/dp/B0CZHCZ5TL?tag=eloabder-20&linkCode=osi&th=1&psc=1"><img src="https://m.media-amazon.com/images/I/31iJMTbdOTL._SL500_.jpg" alt="Product Image"></a><p>TP-Link Tapo Smart Plug Compatible with Alexa, Google Home & Samsung SmartThings, Energy Monitoring, 15A, ETL Certified, 2.4G Wi-Fi Only, Tapo P110, White</p><p> -27% 0FF </p><p>$10.99</p><a href="https://www.amazon.com/dp/B0CZHCZ5TL?tag=eloabder-20&linkCode=osi&th=1&psc=1">View Product</a></div><div class="product"><a href="https://www.amazon.com/dp/B0CCB442CF?tag=eloabder-20&linkCode=osi&th=1&psc=1"><img src="https://m.media-amazon.com/images/I/31oVkQ9gShL._SL500_.jpg" alt="Product Image"></a><p>DEGNJU A19 LED Light Bulbs, 60 Watt Equivalent LED Bulbs, Soft White 2700K, 800 Lumens, E26 Standard Base, Non-Dimmable, 8.5W Warm White LED Bulbs for Bedroom Living Room, 3 Pack</p><p> -33% 0FF </p><p>$7.98 ($2.66 / Count)</p><a href="https://www.amazon.com/dp/B0CCB442CF?tag=eloabder-20&linkCode=osi&th=1&psc=1">View Product</a></div>
<div class="product"><a href="https://www.amazon.com/dp/B08NX1XYBN?tag=eloabder-20&linkCode=osi&th=1&psc=1"><img src="https://m.media-amazon.com/images/I/51lfim+ZIRL._SL500_.jpg" alt="Product Image"></a><p>DIYSELF 2Pack Utility Knife Box Cutter Retractable Blade Heavy Duty(Red)</p><p> -38% 0FF </p><p>$7.99 ($4.00 / Count)</p><a href="https://www.amazon.com/dp/B08NX1XYBN?tag=eloabder-20&linkCode=osi&th=1&psc=1">View Product</a></div><div class="product"><a href="https://www.amazon.com/dp/B08HCW4V4G?tag=eloabder-20&linkCode=osi&th=1&psc=1"><img src="https://m.media-amazon.com/images/I/51A4GvNLy1S._SL500_.jpg" alt="Product Image"></a><p>HORUSDY 4-Pack Box Cutter Utility Knife, Heavy Duty Aluminum Shell Retractable Box Cutter for Cardboard, Boxes and Cartons, Extra 10 Blades.</p><p> -23% 0FF </p><p>$9.99 ($2.50 / Count)</p><a href="https://www.amazon.com/dp/B08HCW4V4G?tag=eloabder-20&linkCode=osi&th=1&psc=1">View Product</a></div><div class="product"><a href="https://www.amazon.com/dp/B097SXK3FG?tag=eloabder-20&linkCode=osi&th=1&psc=1"><img src="https://m.media-amazon.com/images/I/41QvJkjjQuL._SL500_.jpg" alt="Product Image"></a><p>WORKPRO Premium Utility Knife, Retractable All Metal Heavy Duty Box Cutter, Quick Change Blade Razor Knife, with 10 Extra Blades</p><p> -25% 0FF </p><p>$8.99</p><a href="https://www.amazon.com/dp/B097SXK3FG?tag=eloabder-20&linkCode=osi&th=1&psc=1">View Product</a></div><div class="product"><a href="https://www.amazon.com/dp/B01M27QHE2?tag=eloabder-20&linkCode=osi&th=1&psc=1"><img src="https://m.media-amazon.com/images/I/51ULro8xW3L._SL500_.jpg" alt="Product Image"></a><p>INTERNET'S BEST Premium Utility Knife Set | Retractable Box Cutter with Rubber Handle | Heavy-Duty Cutting for Cardboard, Carpet, Plastic | Retractable Blade | Includes 2 Razor Knives & Extra Blades</p><p> -25% 0FF </p><p>$14.99</p><a href="https://www.amazon.com/dp/B01M27QHE2?tag=eloabder-20&linkCode=osi&th=1&psc=1">View Product</a></div><div class="product"><a href="https://www.amazon.com/dp/B09JYJLQXF?tag=eloabder-20&linkCode=osi&th=1&psc=1"><img src="https://m.media-amazon.com/images/I/51IqddPa30L._SL500_.jpg" alt="Product Image"></a><p>M MEEPO Box Cutter, 4-Pack Tough Folding Box Cutter for Heavy Duty Purpose, Razor Sharp Blade, Comfortable Handle, with Extra 10-Piece Blades, Can cut Drywall, Sheet Plastic, Linoleum, Boxes, Rope</p><p> -31% 0FF </p><p>$10.99 ($2.75 / Count)</p><a href="https://www.amazon.com/dp/B09JYJLQXF?tag=eloabder-20&linkCode=osi&th=1&psc=1">View Product</a></div><div class="product"><a href="https://www.amazon.com/dp/B09K7SJH6X?tag=eloabder-20&linkCode=osi&th=1&psc=1"><img src="https://m.media-amazon.com/images/I/41-bwfYeYRL._SL500_.jpg" alt="Product Image"></a><p>WORKPRO Folding Utility Knife with Stainless Steel Head, Quick-change Blade & Back Lock, Wood Handle Heavy Duty Box Cutter, 1PC Razor Knife with Extra 10PC SK5 Blades</p><p> -25% 0FF </p><p>$14.99</p><a href="https://www.amazon.com/dp/B09K7SJH6X?tag=eloabder-20&linkCode=osi&th=1&psc=1">View Product</a></div><div class="product"><a href="https://www.amazon.com/dp/B07DXTP9M9?tag=eloabder-20&linkCode=osi&th=1&psc=1"><img src="https://m.media-amazon.com/images/I/51DsWoOdb2L._SL500_.jpg" alt="Product Image"></a><p>REXBETI 12-Pack Utility Knife, Retractable Box Cutter for Cartons, Cardboard and Boxes, 18mm Wider Razor Sharp Blade, Smooth Mechanism, Perfect for Office and Home use</p><p> -60% 0FF </p><p>$9.99</p><a href="https://www.amazon.com/dp/B07DXTP9M9?tag=eloabder-20&linkCode=osi&th=1&psc=1">View Product</a></div>
<div class="product"><a href="https://www.amazon.com/dp/B07P6PH5SB?tag=eloabder-20&linkCode=osi&th=1&psc=1"><img src="https://m.media-amazon.com/images/I/41h9Fp94OLL._SL500_.jpg" alt="Product Image"></a><p>3M SecureFit Safety Helmet - Climbing Style Inspired Safety Helmet with 6 Point Suspension System, Non-Vented, White, X5001-ANSI, for Construction and Heavy Infrastructure</p><p> -39% 0FF </p><p>$64.83</p><a href="https://www.amazon.com/dp/B07P6PH5SB?tag=eloabder-20&linkCode=osi&th=1&psc=1">View Product</a></div><div class="product"><a href="https://www.amazon.com/dp/B0DCVQRJCJ?tag=eloabder-20&linkCode=osi&th=1&psc=1"><img src="https://m.media-amazon.com/images/I/41bpS1WjabL._SL500_.jpg" alt="Product Image"></a><p>QYZZRS Generator Interlock Kit Compatible with Eaton Cutler Hammer 100 Amp and 125 Amp Panels Breaker,for Safe Usage of Portable Power During Outage,Professional and Interlock Kit (1)</p><p> -16% 0FF </p><p>$27.59</p><a href="https://www.amazon.com/dp/B0DCVQRJCJ?tag=eloabder-20&linkCode=osi&th=1&psc=1">View Product</a></div><div class="product"><a href="https://www.amazon.com/dp/B00C01W6DG?tag=eloabder-20&linkCode=osi&th=1&psc=1"><img src="https://m.media-amazon.com/images/I/41ajsEzhqeL._SL500_.jpg" alt="Product Image"></a><p>ICC Cat6 Riser 1000ft - UTP 23AWG, 100% Solid Pure Copper, Unshielded CMR, Bulk Ethernet Cable, PoE++, 500MHz, Reelex Pull Box, UL Certified, RoHS and TAA Compliant, Blue</p><p> -9% 0FF </p><p>$142.39</p><a href="https://www.amazon.com/dp/B00C01W6DG?tag=eloabder-20&linkCode=osi&th=1&psc=1">View Product</a></div><div class="product"><a href="https://www.amazon.com/dp/B00QXTXSKQ?tag=eloabder-20&linkCode=osi&th=1&psc=1"><img src="https://m.media-amazon.com/images/I/31dvw-xXqDL._SL500_.jpg" alt="Product Image"></a><p>MSA 10048280 Calibration Cylinder, Aluminium Gas Bottle, 34 Liter, 1.45% CH4, 15% O2, 60 PPM CO, 20 PPM H2S, Galaxy GX2 System Test Stand Compatible, Multi-Use Air Tank</p><p> -11% 0FF </p><p>$364.02</p><a href="https://www.amazon.com/dp/B00QXTXSKQ?tag=eloabder-20&linkCode=osi&th=1&psc=1">View Product</a></div><div class="product"><a href="https://www.amazon.com/dp/B016N3609W?tag=eloabder-20&linkCode=osi&th=1&psc=1"><img src="https://m.media-amazon.com/images/I/31qfvZRAQaL._SL500_.jpg" alt="Product Image"></a><p>MSA 815641 Advantage Respirator Cartridge - Iodine Vapor/P100 (GMI), Quantity: 2 per Pack, Chemical and Combination Air-Purifying Respirator Cartridge</p><p> -38% 0FF </p><p>$22.72 ($11.36 / Count)</p><a href="https://www.amazon.com/dp/B016N3609W?tag=eloabder-20&linkCode=osi&th=1&psc=1">View Product</a></div>
<div class="product"><a href="https://www.amazon.com/dp/B00JKHFR2K?tag=eloabder-20&linkCode=osi&th=1&psc=1"><img src="https://m.media-amazon.com/images/I/31-VtYKPhLL._SL500_.jpg" alt="Product Image"></a><p>Childcraft Construction Paper, 9 x 12 Inches, Assorted Colors, 500 Sheets - 1465886</p><p> -12% 0FF </p><p>$14.02 ($0.03 / Count)</p><a href="https://www.amazon.com/dp/B00JKHFR2K?tag=eloabder-20&linkCode=osi&th=1&psc=1">View Product</a></div><div class="product"><a href="https://www.amazon.com/dp/B07BPWV83H?tag=eloabder-20&linkCode=osi&th=1&psc=1"><img src="https://m.media-amazon.com/images/I/51lp+IIfd7L._SL500_.jpg" alt="Product Image"></a><p>REXBETI Knee Pads for Work, Construction Gel Knee Pads Tools, Heavy Duty Comfortable Anti-slip Foam Knee Pads for Cleaning Flooring and Garden, Strong Stretchable Straps, 1 Pair</p><p> -28% 0FF </p><p>$25.99</p><a href="https://www.amazon.com/dp/B07BPWV83H?tag=eloabder-20&linkCode=osi&th=1&psc=1">View Product</a></div><div class="product"><a href="https://www.amazon.com/dp/B0CQ755FYH?tag=eloabder-20&linkCode=osi&th=1&psc=1"><img src="https://m.media-amazon.com/images/I/41lT80YapPL._SL500_.jpg" alt="Product Image"></a><p>Laser Level with Tripod, Huepar 98Ft Self Leveling Laser Level Green Line Laser Cross Line Laser Leveler Tool for Picture Hanging, Tile, Home Renovation, Indoor Project, Battery&Carrying Bag Included</p><p> -38% 0FF </p><p>$49.99</p><a href="https://www.amazon.com/dp/B0CQ755FYH?tag=eloabder-20&linkCode=osi&th=1&psc=1">View Product</a></div><div class="product"><a href="https://www.amazon.com/dp/B09W8LBWJH?tag=eloabder-20&linkCode=osi&th=1&psc=1"><img src="https://m.media-amazon.com/images/I/4115vnIiXsL._SL500_.jpg" alt="Product Image"></a><p>Deinyi Construction Toddler Utensils - Toddler Forks and Spoons - Kids Spoon and Fork Set - Suitable for Kids Utensils - Baby Utensils, Portable Utensils Set for 1 2 3 4 5 year old Toddlers, Yellow</p><p> -37% 0FF </p><p>$11.99</p><a href="https://www.amazon.com/dp/B09W8LBWJH?tag=eloabder-20&linkCode=osi&th=1&psc=1">View Product</a></div><div class="product"><a href="https://www.amazon.com/dp/B002LARR76?tag=eloabder-20&linkCode=osi&th=1&psc=1"><img src="https://m.media-amazon.com/images/I/31K2j809lBL._SL500_.jpg" alt="Product Image"></a><p>Prang (Formerly SunWorks) Construction Paper, Brown, 9" x 12", 100 Sheets</p><p> -11% 0FF </p><p>$4.27 ($0.04 / Count)</p><a href="https://www.amazon.com/dp/B002LARR76?tag=eloabder-20&linkCode=osi&th=1&psc=1">View Product</a></div>
<div class="product"><a href="https://www.amazon.com/dp/B08GFP7PSK?tag=eloabder-20&linkCode=osi&th=1&psc=1"><img src="https://m.media-amazon.com/images/I/41gooaY8RRL._SL500_.jpg" alt="Product Image"></a><p>BESTAMTOY 36 PCS Wooden Sorting Stacking Rocks Stones,Sensory Toddler Toys Learning Montessori Toys, Building Blocks Game for Kids 3 4 5 6 Years Boy and Girl Birthday Gifts for Kids</p><p> -36% 0FF </p><p>$23.19</p><a href="https://www.amazon.com/dp/B08GFP7PSK?tag=eloabder-20&linkCode=osi&th=1&psc=1">View Product</a></div><div class="product"><a href="https://www.amazon.com/dp/B0CWVT99MF?tag=eloabder-20&linkCode=osi&th=1&psc=1"><img src="https://m.media-amazon.com/images/I/31v6b-LC5ML._SL500_.jpg" alt="Product Image"></a><p>IRWIN Quick-Lift Construction Jack, Hand Lifting Jack Tool, Multifunctional, Lift up to 10" and Lift Capacity 330 lbs (IRHT83100)</p><p> -9% 0FF </p><p>$89.99</p><a href="https://www.amazon.com/dp/B0CWVT99MF?tag=eloabder-20&linkCode=osi&th=1&psc=1">View Product</a></div><div class="product"><a href="https://www.amazon.com/dp/B0BWY4444M?tag=eloabder-20&linkCode=osi&th=1&psc=1"><img src="https://m.media-amazon.com/images/I/51esMBM0unL._SL500_.jpg" alt="Product Image"></a><p>XClifes Labor Saving Handle 2 Pack,15 In Construction Jack, Wall Tile Locator, Multi-Function Height Adjustment Lifting Device, Door Panel Lifting Cabinet Jack,Raised 10 in,Dynamic Load 470 LB</p><p> -69% 0FF </p><p>$43.99</p><a href="https://www.amazon.com/dp/B0BWY4444M?tag=eloabder-20&linkCode=osi&th=1&psc=1">View Product</a></div><div class="product"><a href="https://www.amazon.com/dp/0021402442?tag=eloabder-20&linkCode=osi&th=1&psc=1"><img src="https://m.media-amazon.com/images/I/511QbiOnlIL._SL500_.jpg" alt="Product Image"></a><p>Glencoe Carpentry and Building Construction, Student Edition (CARPENTRY & BLDG CONSTRUCTION)</p><p> -47% 0FF </p><p>$59.50</p><a href="https://www.amazon.com/dp/0021402442?tag=eloabder-20&linkCode=osi&th=1&psc=1">View Product</a></div><div class="product"><a href="https://www.amazon.com/dp/B08R3TW6PD?tag=eloabder-20&linkCode=osi&th=1&psc=1"><img src="https://m.media-amazon.com/images/I/51Ca5qyFUyL._SL500_.jpg" alt="Product Image"></a><p>Coodoo Upgraded Magnetic Blocks Tough Tiles STEM Toys for 3+ Year Old Boys and Girls Learning by Playing Games for Toddlers Kids, Compatible with Major Brands Building Blocks - Starter Set</p><p> -9% 0FF </p><p>$19.99</p><a href="https://www.amazon.com/dp/B08R3TW6PD?tag=eloabder-20&linkCode=osi&th=1&psc=1">View Product</a></div><div class="product"><a href="https://www.amazon.com/dp/B0D17SV1WJ?tag=eloabder-20&linkCode=osi&th=1&psc=1"><img src="https://m.media-amazon.com/images/I/41GZRx1QfVL._SL500_.jpg" alt="Product Image"></a><p>10 Pcs Interlocking Deck Tiles 12" x 12", Patio Flooring Outdoor Waterproof, Acacia Wood Tiles All Weather, Floor Tiles for Balcony, Backyard, Indoor and Outdoor use‚Ä¶ (Espresso)</p><p> -15% 0FF </p><p>$38.99</p><a href="https://www.amazon.com/dp/B0D17SV1WJ?tag=eloabder-20&linkCode=osi&th=1&psc=1">View Product</a></div><div class="product"><a href="https://www.amazon.com/dp/B0CPCZ3V7C?tag=eloabder-20&linkCode=osi&th=1&psc=1"><img src="https://m.media-amazon.com/images/I/51zv+eT4kkL._SL500_.jpg" alt="Product Image"></a><p>Titrot Magnetic Blocks Kids Toys, Large Magnetic Building Sticks STEM Educational Sensory Toy Preschool Learning Montessori Toys for Toddlers Boys Girls Ages 3-8 with 1 Car</p><p> -17% 0FF </p><p>$24.99</p><a href="https://www.amazon.com/dp/B0CPCZ3V7C?tag=eloabder-20&linkCode=osi&th=1&psc=1">View Product</a></div>

<div class="product"><a href="https://www.amazon.com/dp/B0D676KYMV?tag=eloabder-20&linkCode=osi&th=1&psc=1"><img src="https://m.media-amazon.com/images/I/41dhQyG9XZL._SL500_.jpg" alt="Product Image"></a><p>Dimgogo Hexagon LED Garage Ceiling Lights,25 Pack 17280LM Super Bright LED car Lights for Warehouse Basement Workshop Gym Car Detailing Shop Wash Room</p><p> -21% 0FF </p><p>$69.99</p><a href="https://www.amazon.com/dp/B0D676KYMV?tag=eloabder-20&linkCode=osi&th=1&psc=1">View Product</a></div>
<div class="product"><a href="https://www.amazon.com/dp/B0C73SFP11?tag=eloabder-20&linkCode=osi&th=1&psc=1"><img src="https://m.media-amazon.com/images/I/31+p7lB1nDL._SL500_.jpg" alt="Product Image"></a><p>2 Pack, 9 Inch Clear Non-Skid Lazy Susan Organizers - Turntable Rack for Kitchen Cabinet, Pantry Organization and Storage, Fridge, Bathroom Closet, Vanity Countertop Makeup Organizing, Spice Rack</p><p> -32% 0FF </p><p>$12.98</p><a href="https://www.amazon.com/dp/B0C73SFP11?tag=eloabder-20&linkCode=osi&th=1&psc=1">View Product</a></div><div class="product"><a href="https://www.amazon.com/dp/B098991PPP?tag=eloabder-20&linkCode=osi&th=1&psc=1"><img src="https://m.media-amazon.com/images/I/41pFHdubflL._SL500_.jpg" alt="Product Image"></a><p>SpaceAid Heavy Duty Moving Bags, Extra Large Storage Totes W/Backpack Straps Strong Handles & Zippers, Alternative to Moving Boxes, Packing & Moving Supplies, Black (8 Pack)</p><p> -24% 0FF </p><p>$36.99 ($4.62 / Count)</p><a href="https://www.amazon.com/dp/B098991PPP?tag=eloabder-20&linkCode=osi&th=1&psc=1">View Product</a></div>
<div class="product"><a href="https://www.amazon.com/dp/B001JT1LCW?tag=eloabder-20&linkCode=osi&th=1&psc=1"><img src="https://m.media-amazon.com/images/I/41-NrbTtXOL._SL500_.jpg" alt="Product Image"></a><p>Logistic Ratchet Strap, 16ft x 2In, 1000lb</p><p> -37% 0FF </p><p>$11.13</p><a href="https://www.amazon.com/dp/B001JT1LCW?tag=eloabder-20&linkCode=osi&th=1&psc=1">View Product</a></div>
<div class="product"><a href="https://www.amazon.com/dp/B07MM6D6H8?tag=eloabder-20&linkCode=osi&th=1&psc=1"><img src="https://m.media-amazon.com/images/I/51-5i+GLJFL._SL500_.jpg" alt="Product Image"></a><p>edxeducation Transport Counters - Mini Jar - Set of 36 - Learn Counting, Colors, Sorting and Sequencing - Hands-on Math Manipulative for Kids</p><p> -6% 0FF </p><p>$12.66</p><a href="https://www.amazon.com/dp/B07MM6D6H8?tag=eloabder-20&linkCode=osi&th=1&psc=1">View Product</a></div><div class="product"><a href="https://www.amazon.com/dp/B0058ORV6Y?tag=eloabder-20&linkCode=osi&th=1&psc=1"><img src="https://m.media-amazon.com/images/I/415rpz1mnxL._SL500_.jpg" alt="Product Image"></a><p>Didax Educational Resources Transportation Counters, 72</p><p> -31% 0FF </p><p>$14.50</p><a href="https://www.amazon.com/dp/B0058ORV6Y?tag=eloabder-20&linkCode=osi&th=1&psc=1">View Product</a></div><div class="product"><a href="https://www.amazon.com/dp/B0BWNRKN6Y?tag=eloabder-20&linkCode=osi&th=1&psc=1"><img src="https://m.media-amazon.com/images/I/51Fau8rx1IL._SL500_.jpg" alt="Product Image"></a><p>Reusable Sticker Book for Kids, Vehicles Truck Stickers Educational Learning Toys Travel Stickers Activity Books for Toddler Girls Boys Age 3+ Birthday Gifts</p><p> -34% 0FF </p><p>$5.95</p><a href="https://www.amazon.com/dp/B0BWNRKN6Y?tag=eloabder-20&linkCode=osi&th=1&psc=1">View Product</a></div>
<div class="product"><a href="https://www.amazon.com/dp/B0BLTY38V7?tag=eloabder-20&linkCode=osi&th=1&psc=1"><img src="https://m.media-amazon.com/images/I/31zmVFnuy3L._SL500_.jpg" alt="Product Image"></a><p>SWEETAPRIL Slow Moving Vehicle Sign, Rust Free Aluminum Slow Moving Vehicle Triangle Signs, 14"X16", 40-Mil Thick Diamond Grade Reflective For Golf Cart, For Golf Cart, Tractor, Utv, Safety Signs</p><p> -47% 0FF </p><p>$9.99</p><a href="https://www.amazon.com/dp/B0BLTY38V7?tag=eloabder-20&linkCode=osi&th=1&psc=1">View Product</a></div><div class="product"><a href="https://www.amazon.com/dp/B0D9NXPMMR?tag=eloabder-20&linkCode=osi&th=1&psc=1"><img src="https://m.media-amazon.com/images/I/418RV63IwdL._SL500_.jpg" alt="Product Image"></a><p>Mini Car Trash Can Bin with Lid and One Roll Plastic Trash Bags, Small Car Garbage Can Leakproof Car Accessories Trash Bin Car Dustbin Organizer Container for Car, Vehicle, Office, Home</p><p> -16% 0FF </p><p>$9.98</p><a href="https://www.amazon.com/dp/B0D9NXPMMR?tag=eloabder-20&linkCode=osi&th=1&psc=1">View Product</a></div><div class="product"><a href="https://www.amazon.com/dp/B000UHP9EU?tag=eloabder-20&linkCode=osi&th=1&psc=1"><img src="https://m.media-amazon.com/images/I/31wK9xXH7wL._SL500_.jpg" alt="Product Image"></a><p>FIRST ALERT AUTOMAR10 Car and Marine Fire Extinguisher, FE10GR, UL RATED 10-B:C, White, 1-Pack</p><p> -32% 0FF </p><p>$26.44</p><a href="https://www.amazon.com/dp/B000UHP9EU?tag=eloabder-20&linkCode=osi&th=1&psc=1">View Product</a></div><div class="product"><a href="https://www.amazon.com/dp/B0CQSH2J4R?tag=eloabder-20&linkCode=osi&th=1&psc=1"><img src="https://m.media-amazon.com/images/I/41NenTedbdL._SL500_.jpg" alt="Product Image"></a><p>Yaocom 1 Set Slow Moving Vehicle Sign with Mounting Bracket 14 x 16 Inch Slow Moving Vehicle Triangle Signs Aluminum Slow Sign Warning Triangles for Vehicles Golf Cart Tractor Outdoor Accessories</p><p> -5% 0FF </p><p>$18.99</p><a href="https://www.amazon.com/dp/B0CQSH2J4R?tag=eloabder-20&linkCode=osi&th=1&psc=1">View Product</a></div><div class="product"><a href="https://www.amazon.com/dp/B000P0DPGQ?tag=eloabder-20&linkCode=osi&th=1&psc=1"><img src="https://m.media-amazon.com/images/I/41S75Iev+4L._SL500_.jpg" alt="Product Image"></a><p>FIRST ALERT AUTO5 Car Fire Extinguisher, FESA5, UL RATED 5-B:C, Red, 1-Pack</p><p> -39% 0FF </p><p>$23.77</p><a href="https://www.amazon.com/dp/B000P0DPGQ?tag=eloabder-20&linkCode=osi&th=1&psc=1">View Product</a></div><div class="product"><a href="https://www.amazon.com/dp/B00CGSF4F0?tag=eloabder-20&linkCode=osi&th=1&psc=1"><img src="https://m.media-amazon.com/images/I/41O8ARwr2cL._SL500_.jpg" alt="Product Image"></a><p>BAZIC 12 X 16 Inches Sale Sign, 2-Line (L-2)</p><p> -12% 0FF </p><p>$5.13</p><a href="https://www.amazon.com/dp/B00CGSF4F0?tag=eloabder-20&linkCode=osi&th=1&psc=1">View Product</a></div>
<div class="product"><a href="https://www.amazon.com/dp/B0829D1D7V?tag=eloabder-20&linkCode=osi&th=1&psc=1"><img src="https://m.media-amazon.com/images/I/51J7vVLjl6L._SL500_.jpg" alt="Product Image"></a><p>2-Pack Bubble Cushioning Nylon Wrap Rolls, 3/16" x 12" x 72' ft Total, Perforated Every 12", 20 Fragile Stickers for Packaging, Shipping, Mailing</p><p> -15% 0FF </p><p>$15.50 ($7.75 / Count)</p><a href="https://www.amazon.com/dp/B0829D1D7V?tag=eloabder-20&linkCode=osi&th=1&psc=1">View Product</a></div><div class="product"><a href="https://www.amazon.com/dp/B09GPNQCW4?tag=eloabder-20&linkCode=osi&th=1&psc=1"><img src="https://m.media-amazon.com/images/I/416VMuii7+L._SL500_.jpg" alt="Product Image"></a><p>Donyson Frosted T Shirt Bags 10x13, 100 Pack Clear Bags for Packaging, Package Bags, Packaging Bags for Small Business, Shipping Bags with Handle</p><p> -5% 0FF </p><p>$20.99 ($0.21 / Count)</p><a href="https://www.amazon.com/dp/B09GPNQCW4?tag=eloabder-20&linkCode=osi&th=1&psc=1">View Product</a></div><div class="product"><a href="https://www.amazon.com/dp/B000J07BRQ?tag=eloabder-20&linkCode=osi&th=1&psc=1"><img src="https://m.media-amazon.com/images/I/517ZAgVhtNL._SL500_.jpg" alt="Product Image"></a><p>Scotch Heavy Duty Shipping and Moving Packing Tape, Clear, Packing and Moving Supplies, 1.88 in. x 22.2 yd., 6 Tape Rolls with Dispensers</p><p> -31% 0FF </p><p>$13.88</p><a href="https://www.amazon.com/dp/B000J07BRQ?tag=eloabder-20&linkCode=osi&th=1&psc=1">View Product</a></div>

<div class="product"><a href="https://www.amazon.com/dp/B09ZV2364K?tag=eloabder-20&linkCode=osi&th=1&psc=1"><img src="https://m.media-amazon.com/images/I/41Ts3dr3u3L._SL500_.jpg" alt="Product Image"></a><p>DEKOPRO Submersible Water Pump 1/3 HP 2450GPH Utility Pump Thermoplastic Electric Portable Transfer Water Pump with 10-Foot Cord for Pool Tub Garden Pond Draining</p><p> -32% 0FF </p><p>$40.99</p><a href="https://www.amazon.com/dp/B09ZV2364K?tag=eloabder-20&linkCode=osi&th=1&psc=1">View Product</a></div><div class="product"><a href="https://www.amazon.com/dp/B0CRKY91RW?tag=eloabder-20&linkCode=osi&th=1&psc=1"><img src="https://m.media-amazon.com/images/I/31v5rVK5BPL._SL500_.jpg" alt="Product Image"></a><p>Sump Pump Submersible 1.4HP 4800GPH Water Pump Electric for Portable Transfer Water Pump Sump Pumps Utility Pump with 8 Accessories for Pool Draining Basement, 120 Voltage</p><p> -21% 0FF </p><p>$49.00</p><a href="https://www.amazon.com/dp/B0CRKY91RW?tag=eloabder-20&linkCode=osi&th=1&psc=1">View Product</a></div><div class="product"><a href="https://www.amazon.com/dp/B09Y918453?tag=eloabder-20&linkCode=osi&th=1&psc=1"><img src="https://m.media-amazon.com/images/I/41rSFmVH4hL._SL500_.jpg" alt="Product Image"></a><p>FOTING Sump Pump 1HP 3960 GPH for Clean/Dirty Water Use, Thermoplastic Submersible Water Pump Utility Electric Portable Transfer Pump for Swimming Pool Garden Pond Basement Window Wells with 25ft Cord</p><p> -14% 0FF </p><p>$66.99</p><a href="https://www.amazon.com/dp/B09Y918453?tag=eloabder-20&linkCode=osi&th=1&psc=1">View Product</a></div>
<div class="product"><a href="https://www.amazon.com/dp/B085RV5SRY?tag=eloabder-20&linkCode=osi&th=1&psc=1"><img src="https://m.media-amazon.com/images/I/41Irw5yYT4L._SL500_.jpg" alt="Product Image"></a><p>(Pack of 10) EFIELD 1/2 Inch Pex Crimp Brass Full Port Shut-off Ball Valve for Hot and Cold Water, UPC Certified</p><p> -35% 0FF </p><p>$29.95 ($3.00 / Count)</p><a href="https://www.amazon.com/dp/B085RV5SRY?tag=eloabder-20&linkCode=osi&th=1&psc=1">View Product</a></div>
<div class="product"><a href="https://www.amazon.com/dp/B07MTK9Y31?tag=eloabder-20&linkCode=osi&th=1&psc=1"><img src="https://m.media-amazon.com/images/I/41w52vo9Q9L._SL500_.jpg" alt="Product Image"></a><p>GeilSpace 6 Pack 3/4" √ó 12" Pre-Cut Black Metal Pipe, Industrial Steel Fits Standard Three Quarters Inch Black Threaded Pipes and Fittings - Vintage DIY Industrial Shelving (3/4" √ó 12", Black)</p><p> -19% 0FF </p><p>$21.99 ($3.66 / Count)</p><a href="https://www.amazon.com/dp/B07MTK9Y31?tag=eloabder-20&linkCode=osi&th=1&psc=1">View Product</a></div><div class="product"><a href="https://www.amazon.com/dp/B000OHANEM?tag=eloabder-20&linkCode=osi&th=1&psc=1"><img src="https://m.media-amazon.com/images/I/51G4C0ueewL._SL500_.jpg" alt="Product Image"></a><p>Flex-Drain 51710 Flexible/Expandable Solid Drainage Pipe, 3.37in (Inside Diameter) by 12ft</p><p> -16% 0FF </p><p>$14.27</p><a href="https://www.amazon.com/dp/B000OHANEM?tag=eloabder-20&linkCode=osi&th=1&psc=1">View Product</a></div><div class="product"><a href="https://www.amazon.com/dp/B0009PU9CK?tag=eloabder-20&linkCode=osi&th=1&psc=1"><img src="https://m.media-amazon.com/images/I/31NqDYLrlqL._SL500_.jpg" alt="Product Image"></a><p>Rectorseal 25790 1-3/4-Ounce Tube No.5 Pipe Thread Sealant</p><p> -20% 0FF </p><p>$4.63 ($2.63 / Ounce)</p><a href="https://www.amazon.com/dp/B0009PU9CK?tag=eloabder-20&linkCode=osi&th=1&psc=1">View Product</a></div><div class="product"><a href="https://www.amazon.com/dp/B06XDK78GQ?tag=eloabder-20&linkCode=osi&th=1&psc=1"><img src="https://m.media-amazon.com/images/I/41h6Lm9j-EL._SL500_.jpg" alt="Product Image"></a><p>Hiware Drinking Straw Cleaner Brush Kit - (3-Size) 9-Piece Extra Long Pipe Cleaners, Straw Cleaning Brush For Tumbler, Sippy Cup, Bottle and Tube</p><p> -38% 0FF </p><p>$4.99</p><a href="https://www.amazon.com/dp/B06XDK78GQ?tag=eloabder-20&linkCode=osi&th=1&psc=1">View Product</a></div><div class="product"><a href="https://www.amazon.com/dp/B0D75YFQYX?tag=eloabder-20&linkCode=osi&th=1&psc=1"><img src="https://m.media-amazon.com/images/I/31eJKO5QnML._SL500_.jpg" alt="Product Image"></a><p>3/4 inch Water Pipe Repair Clamp,Emergency Pipe Repair Kit for Plastic and Metal Pipes,Suitable for PE/PVC pipe repair,Steel Pipes,Iron Pipes(19mm-21mm)</p><p> -20% 0FF </p><p>$9.99</p><a href="https://www.amazon.com/dp/B0D75YFQYX?tag=eloabder-20&linkCode=osi&th=1&psc=1">View Product</a></div>
<div class="product"><a href="https://www.amazon.com/dp/B098LMBLNW?tag=eloabder-20&linkCode=osi&th=1&psc=1"><img src="https://m.media-amazon.com/images/I/51g1okYsY5L._SL500_.jpg" alt="Product Image"></a><p>1/2" Pex Fittings, SUNGATOR 45 PCS 1/2 Inch Pex Fittings Set, 15 Each Elbow Tee Coupling Pex Fittings for Pex Pipe, No Lead Brass, ASTM F1807</p><p> -8% 0FF </p><p>$33.99</p><a href="https://www.amazon.com/dp/B098LMBLNW?tag=eloabder-20&linkCode=osi&th=1&psc=1">View Product</a></div><div class="product"><a href="https://www.amazon.com/dp/B0C3HBKCBY?tag=eloabder-20&linkCode=osi&th=1&psc=1"><img src="https://m.media-amazon.com/images/I/51PQ+3I4XiL._SL500_.jpg" alt="Product Image"></a><p>KOOTANS 66pcs Brass Pipe Fittings Assortment NPT Adapter Fitting, Reducer Bushing, Hex Nipple, Reducing Hex Coupling, Pipe Head Brass Plug Kit</p><p> -13% 0FF </p><p>$69.99</p><a href="https://www.amazon.com/dp/B0C3HBKCBY?tag=eloabder-20&linkCode=osi&th=1&psc=1">View Product</a></div>
<div class="product"><a href="https://www.amazon.com/dp/B08G1B6Z73?tag=eloabder-20&linkCode=osi&th=1&psc=1"><img src="https://m.media-amazon.com/images/I/41fPrg-ewYS._SL500_.jpg" alt="Product Image"></a><p>SANFU Polyurethane Recoil Air Compressor Hose 1/4"ID x 25FT Long Tail with Bend Restrictor,1/4‚Äù MNPT Fittings Brass Quick Coupler and Plug, Blue(25')</p><p> -50% 0FF </p><p>$8.99 ($0.36 / Foot)</p><a href="https://www.amazon.com/dp/B08G1B6Z73?tag=eloabder-20&linkCode=osi&th=1&psc=1">View Product</a></div><div class="product"><a href="https://www.amazon.com/dp/B0D227WPF7?tag=eloabder-20&linkCode=osi&th=1&psc=1"><img src="https://m.media-amazon.com/images/I/41YwBSYYHuL._SL500_.jpg" alt="Product Image"></a><p>SANFU Polyurethane(PU) Air Hose 1/4-Inch x 100ft Reinforced, lightweight, Flexible, 300PSI With 1/4‚Äù Swivel Aluminum Universal 3IN1 Coupler and Plug, 1PCS Safery Coupler, Bend Restrictor</p><p> -50% 0FF </p><p>$25.99 ($0.26 / Foot)</p><a href="https://www.amazon.com/dp/B0D227WPF7?tag=eloabder-20&linkCode=osi&th=1&psc=1">View Product</a></div><div class="product"><a href="https://www.amazon.com/dp/B09W4KSB5X?tag=eloabder-20&linkCode=osi&th=1&psc=1"><img src="https://m.media-amazon.com/images/I/51w1yQMw7aL._SL500_.jpg" alt="Product Image"></a><p>DAVCO 1/2" ID x 25 ft PVC Reinforced Tubing With Spiral Steel Wire, High Pressure Flexible Vinyl Hose Heavy Duty Clear Suction Tube,Non-Toxic, Vacuum Dust Collection Pipe</p><p> -50% 0FF </p><p>$16.99 ($0.68 / Foot)</p><a href="https://www.amazon.com/dp/B09W4KSB5X?tag=eloabder-20&linkCode=osi&th=1&psc=1">View Product</a></div>

<div class="product"><a href="https://www.amazon.com/dp/B0CYYYZRV9?tag=eloabder-20&linkCode=osi&th=1&psc=1"><img src="https://m.media-amazon.com/images/I/41glXO+YSbL._SL500_.jpg" alt="Product Image"></a><p>YAMASO 20 Pcs 608 2RS Ball Bearings ‚Äì Bearing Steel and Double Rubber Sealed Miniature Deep Groove Ball Bearings (8mm x 22mm x 7mm)</p><p> -8% 0FF </p><p>$5.49</p><a href="https://www.amazon.com/dp/B0CYYYZRV9?tag=eloabder-20&linkCode=osi&th=1&psc=1">View Product</a></div><div class="product"><a href="https://www.amazon.com/dp/B09PKD8QZZ?tag=eloabder-20&linkCode=osi&th=1&psc=1"><img src="https://m.media-amazon.com/images/I/41BYfJNmMoL._SL500_.jpg" alt="Product Image"></a><p>SHKI 20 Pcs 608 2RS Ball Bearings ‚Äì Bearing Steel and Double Rubber Sealed Miniature Deep Groove Ball Bearings (8mm x 22mm x 7mm) (608 2RS)</p><p> -40% 0FF </p><p>$5.99 ($0.30 / Count)</p><a href="https://www.amazon.com/dp/B09PKD8QZZ?tag=eloabder-20&linkCode=osi&th=1&psc=1">View Product</a></div><div class="product"><a href="https://www.amazon.com/dp/B073ST742Z?tag=eloabder-20&linkCode=osi&th=1&psc=1"><img src="https://m.media-amazon.com/images/I/51dWjQm393L._SL500_.jpg" alt="Product Image"></a><p>100 Pack 608-2RS Skateboard Bearing, Rolling Bearings, 8x22x7mm 608rs Bearing</p><p> -11% 0FF </p><p>$17.79</p><a href="https://www.amazon.com/dp/B073ST742Z?tag=eloabder-20&linkCode=osi&th=1&psc=1">View Product</a></div><div class="product"><a href="https://www.amazon.com/dp/B07216D1SZ?tag=eloabder-20&linkCode=osi&th=1&psc=1"><img src="https://m.media-amazon.com/images/I/41P6KPblNDL._SL500_.jpg" alt="Product Image"></a><p>Sackorange 608 ZZ Skateboard Bearings, Double Shielded,8x22x7 Miniature Ball BearingsÔºàPack of 20)</p><p> -29% 0FF </p><p>$7.79</p><a href="https://www.amazon.com/dp/B07216D1SZ?tag=eloabder-20&linkCode=osi&th=1&psc=1">View Product</a></div>
<div class="product"><a href="https://www.amazon.com/dp/B09KRGTLVM?tag=eloabder-20&linkCode=osi&th=1&psc=1"><img src="https://m.media-amazon.com/images/I/41zMlgeopqL._SL500_.jpg" alt="Product Image"></a><p>Vevitts Small Brushed Permanent Magnet Electric Motor for E Scooter Drive Speed Control 24V 350W 3000RPM</p><p> -20% 0FF </p><p>$39.98</p><a href="https://www.amazon.com/dp/B09KRGTLVM?tag=eloabder-20&linkCode=osi&th=1&psc=1">View Product</a></div><div class="product"><a href="https://www.amazon.com/dp/B01M58POHF?tag=eloabder-20&linkCode=osi&th=1&psc=1"><img src="https://m.media-amazon.com/images/I/41dQTChYsBL._SL500_.jpg" alt="Product Image"></a><p>AUTOTOOLHOME 6-12V Mini DC Motor High Torque Gear for Traxxas R/C and Power Wheels PCB DIY Electric Drill</p><p> -23% 0FF </p><p>$6.89</p><a href="https://www.amazon.com/dp/B01M58POHF?tag=eloabder-20&linkCode=osi&th=1&psc=1">View Product</a></div><div class="product"><a href="https://www.amazon.com/dp/B072R5G5GR?tag=eloabder-20&linkCode=osi&th=1&psc=1"><img src="https://m.media-amazon.com/images/I/41Z6ru+wWIL._SL500_.jpg" alt="Product Image"></a><p>Greartisan DC 12V 550RPM Gear Motor High Torque Electric Micro Speed Reduction Geared Motor Centric Output Shaft 37mm Diameter Gearbox</p><p> -6% 0FF </p><p>$14.99</p><a href="https://www.amazon.com/dp/B072R5G5GR?tag=eloabder-20&linkCode=osi&th=1&psc=1">View Product</a></div><div class="product"><a href="https://www.amazon.com/dp/B0CZVH445F?tag=eloabder-20&linkCode=osi&th=1&psc=1"><img src="https://m.media-amazon.com/images/I/51cTdXLKa7L._SL500_.jpg" alt="Product Image"></a><p>6Pcs 280 Micro DC Motors 3V-12V 13500RPM 0.5A with 2.8mm Insulated Connector & 6inch 20AWG Wire for RC Boat, DIY Airplane, Model Toys, 12V DC Motor Compatible</p><p> -23% 0FF </p><p>$9.99</p><a href="https://www.amazon.com/dp/B0CZVH445F?tag=eloabder-20&linkCode=osi&th=1&psc=1">View Product</a></div>
<div class="product"><a href="https://www.amazon.com/dp/B07L7XCSDW?tag=eloabder-20&linkCode=osi&th=1&psc=1"><img src="https://m.media-amazon.com/images/I/31lErudRYvL._SL500_.jpg" alt="Product Image"></a><p>DC HOUSE 12 Inch 12" High Speed 14mm/s Linear Actuator Motor 1000N DC12V with Mounting Brackets</p><p> -7% 0FF </p><p>$39.98</p><a href="https://www.amazon.com/dp/B07L7XCSDW?tag=eloabder-20&linkCode=osi&th=1&psc=1">View Product</a></div><div class="product"><a href="https://www.amazon.com/dp/B07X3Z68GV?tag=eloabder-20&linkCode=osi&th=1&psc=1"><img src="https://m.media-amazon.com/images/I/41j8dmqKsnS._SL500_.jpg" alt="Product Image"></a><p>Electric Micro Linear Actuator 12V - 1.2" Stroke, 64N/14.4lb, Speed 0.6inch/s Mini Waterproof Motion Actuator Small 12 V DC, w/Mounting Brackets, for Sofa Robotic TV Table Cabinet Window Opener Lift</p><p> -16% 0FF </p><p>$30.99 ($19.37 / oz)</p><a href="https://www.amazon.com/dp/B07X3Z68GV?tag=eloabder-20&linkCode=osi&th=1&psc=1">View Product</a></div><div class="product"><a href="https://www.amazon.com/dp/B0CRV927YC?tag=eloabder-20&linkCode=osi&th=1&psc=1"><img src="https://m.media-amazon.com/images/I/41dEUHSH6sL._SL500_.jpg" alt="Product Image"></a><p>ECO-WORTHY Linear Actuator Heavy Duty 3000N/660lbs with Mounting Brackets Multi-Function (12V, 12")</p><p> -18% 0FF </p><p>$59.99</p><a href="https://www.amazon.com/dp/B0CRV927YC?tag=eloabder-20&linkCode=osi&th=1&psc=1">View Product</a></div>
<div class="product"><a href="https://www.amazon.com/dp/B07H8GL44M?tag=eloabder-20&linkCode=osi&th=1&psc=1"><img src="https://m.media-amazon.com/images/I/41TaGFITM0L._SL500_.jpg" alt="Product Image"></a><p>FAERSI 22680-7S000 AF10141 for 2003-2014 Altima & 2006-14 Maxima & 07-13 Sentra & 05-15 Xterra & 2003-2015 Murano | Infiniti 08-13 G37 & 05-08 G35 & More MAF Mass Air Flow Sensor</p><p> -30% 0FF </p><p>$21.68</p><a href="https://www.amazon.com/dp/B07H8GL44M?tag=eloabder-20&linkCode=osi&th=1&psc=1">View Product</a></div><div class="product"><a href="https://www.amazon.com/dp/B08TRKL94H?tag=eloabder-20&linkCode=osi&th=1&psc=1"><img src="https://m.media-amazon.com/images/I/314giu3g36L._SL500_.jpg" alt="Product Image"></a><p>Carbon Monoxide Detector,CO Gas Monitor Alarm Detector,CO Sensor with LED Digital Display for Home,Depot,Battery Powered</p><p> -5% 0FF </p><p>$11.99</p><a href="https://www.amazon.com/dp/B08TRKL94H?tag=eloabder-20&linkCode=osi&th=1&psc=1">View Product</a></div><div class="product"><a href="https://www.amazon.com/dp/B092HK5NJB?tag=eloabder-20&linkCode=osi&th=1&psc=1"><img src="https://m.media-amazon.com/images/I/41RyuQ28lQS._SL500_.jpg" alt="Product Image"></a><p>Marsflex TPMS Sensor, 13598772 for GM 315Mhz, Tire Pressure Monitoring Sensor Compatible with Buick Chevy Cadillac GMC, Tire Pressure Sensor Replacement 13586335,13598771 4 Pack</p><p> -21% 0FF </p><p>$23.81</p><a href="https://www.amazon.com/dp/B092HK5NJB?tag=eloabder-20&linkCode=osi&th=1&psc=1">View Product</a></div><div class="product"><a href="https://www.amazon.com/dp/B0DCBDS359?tag=eloabder-20&linkCode=osi&th=1&psc=1"><img src="https://m.media-amazon.com/images/I/519A7-IMkBL._SL500_.jpg" alt="Product Image"></a><p>Dual Knock Sensors with Wiring Harness and Intake Manifold Gasket Kit | for Chevy Silverado Avalanche Tahoe, GMC Sierra Yukon, Cadillac Hummer & More GM Vehicles | Replace# 12601822,213-3521,89060413</p><p> -6% 0FF </p><p>$33.99</p><a href="https://www.amazon.com/dp/B0DCBDS359?tag=eloabder-20&linkCode=osi&th=1&psc=1">View Product</a></div><div class="product"><a href="https://www.amazon.com/dp/B0CZP2DRW1?tag=eloabder-20&linkCode=osi&th=1&psc=1"><img src="https://m.media-amazon.com/images/I/31CtLXOX-tL._SL500_.jpg" alt="Product Image"></a><p>Mass Air Flow Sensor MAF Fit for 2007-2009 Avalanche Yukon Tahoe Sierra Silverado Suburban 1500 2500 3500 Replace 2451149 MA198 7410146 5S8048 15900023</p><p> -5% 0FF </p><p>$40.99</p><a href="https://www.amazon.com/dp/B0CZP2DRW1?tag=eloabder-20&linkCode=osi&th=1&psc=1">View Product</a></div>
<div class="product"><a href="https://www.amazon.com/dp/B0002YXE7K?tag=eloabder-20&linkCode=osi&th=1&psc=1"><img src="https://m.media-amazon.com/images/I/41hV+B-cOEL._SL500_.jpg" alt="Product Image"></a><p>Titebond, 8 oz, 8 Fl Oz</p><p> -46% 0FF </p><p>$6.51 ($0.81 / Fl Oz)</p><a href="https://www.amazon.com/dp/B0002YXE7K?tag=eloabder-20&linkCode=osi&th=1&psc=1">View Product</a></div><div class="product"><a href="https://www.amazon.com/dp/B077Z6LF91?tag=eloabder-20&linkCode=osi&th=1&psc=1"><img src="https://m.media-amazon.com/images/I/41IeFkWcsyL._SL500_.jpg" alt="Product Image"></a><p>APERA INSTRUMENTS AI209-T Value Series PH20 pH Tester Combo Kit, including the Maintenance Set, and a CalPod Solution Holder for Easy Calibration</p><p> -25% 0FF </p><p>$79.13</p><a href="https://www.amazon.com/dp/B077Z6LF91?tag=eloabder-20&linkCode=osi&th=1&psc=1">View Product</a></div><div class="product"><a href="https://www.amazon.com/dp/B09JV7Y9SZ?tag=eloabder-20&linkCode=osi&th=1&psc=1"><img src="https://m.media-amazon.com/images/I/31TckTV+diL._SL500_.jpg" alt="Product Image"></a><p>Dental Code Rings Instrument 100pcs Dental Color Code Rings Non‚Äë Silicone Dental Color Code Rings Accessory Supplies(02)</p><p> -32% 0FF </p><p>$4.29 ($4.29 / Count)</p><a href="https://www.amazon.com/dp/B09JV7Y9SZ?tag=eloabder-20&linkCode=osi&th=1&psc=1">View Product</a></div>
<div class="product"><a href="https://www.amazon.com/dp/B01NASZ0UM?tag=eloabder-20&linkCode=osi&th=1&psc=1"><img src="https://m.media-amazon.com/images/I/31MgtNuzDdL._SL500_.jpg" alt="Product Image"></a><p>BN-LINK Wireless Remote Control Electrical Outlet Switch for Lights, Fans, Christmas Lights, Small Appliance, Long Range White (Learning Code, 3Rx-1Tx) 1200W/10A</p><p> -43% 0FF </p><p>$16.99</p><a href="https://www.amazon.com/dp/B01NASZ0UM?tag=eloabder-20&linkCode=osi&th=1&psc=1">View Product</a></div><div class="product"><a href="https://www.amazon.com/dp/B0CTH8XDKW?tag=eloabder-20&linkCode=osi&th=1&psc=1"><img src="https://m.media-amazon.com/images/I/31-PaaCxdfL._SL500_.jpg" alt="Product Image"></a><p>DEWENWILS Indoor Remote Control Outlet, Wireless Remote Outlets Switch, 200FT Range, Remote Light Switch for Lights, Fans, Christmas Lights, 15A/1800WÔºåFCC & ETL Listed (5 Outlets + 2 Remotes)</p><p> -19% 0FF </p><p>$23.39</p><a href="https://www.amazon.com/dp/B0CTH8XDKW?tag=eloabder-20&linkCode=osi&th=1&psc=1">View Product</a></div><div class="product"><a href="https://www.amazon.com/dp/B072F9DGRL?tag=eloabder-20&linkCode=osi&th=1&psc=1"><img src="https://m.media-amazon.com/images/I/417lNJFodCS._SL500_.jpg" alt="Product Image"></a><p>Fosmon WavePoint Wireless Remote Control Outdoor Electrical Outlet Switch Weatherproof Heavy Duty 3-Prong Plug-in ETL Listed (Battery Included) 1 Pack</p><p> -50% 0FF </p><p>$11.08</p><a href="https://www.amazon.com/dp/B072F9DGRL?tag=eloabder-20&linkCode=osi&th=1&psc=1">View Product</a></div><div class="product"><a href="https://www.amazon.com/dp/B09X2W2TRT?tag=eloabder-20&linkCode=osi&th=1&psc=1"><img src="https://m.media-amazon.com/images/I/31PoJZqeG-L._SL500_.jpg" alt="Product Image"></a><p>DEWENWILS Indoor Remote Control Outlet, Wireless Remote Light Switch, No Interference Remote Outlet Switch, No Wiring, 15A/1875W, 100ft RF Range, Compact Design, Programmable</p><p> -11% 0FF </p><p>$12.99</p><a href="https://www.amazon.com/dp/B09X2W2TRT?tag=eloabder-20&linkCode=osi&th=1&psc=1">View Product</a></div><div class="product"><a href="https://www.amazon.com/dp/B07CYKNDC2?tag=eloabder-20&linkCode=osi&th=1&psc=1"><img src="https://m.media-amazon.com/images/I/31Fu9a5ikOL._SL500_.jpg" alt="Product Image"></a><p>BN-LINK Mini Wireless Remote Control Outlet Switch Power Plug In for Household Appliances, Wireless Remote Light Switch, LED Light Bulbs, White (1 Remote + 3 Outlet) 1250W/10A</p><p> -11% 0FF </p><p>$15.99</p><a href="https://www.amazon.com/dp/B07CYKNDC2?tag=eloabder-20&linkCode=osi&th=1&psc=1">View Product</a></div>
<div class="product"><a href="https://www.amazon.com/dp/B01AKGRTUM?tag=eloabder-20&linkCode=osi&th=1&psc=1"><img src="https://m.media-amazon.com/images/I/41UKqiyvz6L._SL500_.jpg" alt="Product Image"></a><p>Oral-B Pro 1000 Rechargeable Electric Toothbrush, Black</p><p> -29% 0FF </p><p>$49.94</p><a href="https://www.amazon.com/dp/B01AKGRTUM?tag=eloabder-20&linkCode=osi&th=1&psc=1">View Product</a></div><div class="product"><a href="https://www.amazon.com/dp/B0D6Y9PJJ3?tag=eloabder-20&linkCode=osi&th=1&psc=1"><img src="https://m.media-amazon.com/images/I/31CUz26rR-L._SL500_.jpg" alt="Product Image"></a><p>3Pack Car Carplay Cable for iPhone 16 15 Pro Max 15 Plus Car Charger, USB to USB C Cable 3FT for Car Charger Adapter, Carplay USB C Cord Accessories Charging for iPad 10th Gen/iPad Pro Air 5th-White</p><p> -30% 0FF </p><p>$13.99</p><a href="https://www.amazon.com/dp/B0D6Y9PJJ3?tag=eloabder-20&linkCode=osi&th=1&psc=1">View Product</a></div><div class="product"><a href="https://www.amazon.com/dp/B07DFFYCXS?tag=eloabder-20&linkCode=osi&th=1&psc=1"><img src="https://m.media-amazon.com/images/I/41NIsYLJG1L._SL500_.jpg" alt="Product Image"></a><p>Digital Caliper, Adoric 0-6" Calipers Measuring Tool - Electronic Micrometer Caliper with Large LCD Screen, Auto-Off Feature, Inch and Millimeter Conversion</p><p> -42% 0FF </p><p>$6.99</p><a href="https://www.amazon.com/dp/B07DFFYCXS?tag=eloabder-20&linkCode=osi&th=1&psc=1">View Product</a></div><div class="product"><a href="https://www.amazon.com/dp/B0CR3S4Y5V?tag=eloabder-20&linkCode=osi&th=1&psc=1"><img src="https://m.media-amazon.com/images/I/417gCCQxz9L._SL500_.jpg" alt="Product Image"></a><p>iPhone Charger 3Pack 10FT Apple MFi Certified Lightning Cable Fast Charging iPhone Charger Cord Compatible with iPhone 14 13 12 11 Pro Max XR XS X 8 7 6 Plus SE and More - Colorful</p><p> -64% 0FF </p><p>$9.99</p><a href="https://www.amazon.com/dp/B0CR3S4Y5V?tag=eloabder-20&linkCode=osi&th=1&psc=1">View Product</a></div><div class="product"><a href="https://www.amazon.com/dp/B0DBHTZ6CD?tag=eloabder-20&linkCode=osi&th=1&psc=1"><img src="https://m.media-amazon.com/images/I/41-NMv8UKZL._SL500_.jpg" alt="Product Image"></a><p>iPhone Charger 3pack 10FT Apple MFi Certified Long Lightning Cable Fast Charging Nylon Braided USB Charging Cable High Speed Transfer Cord for iPhone 14 13/12/11 Pro Max/XS MAX/XR/XS/X/8/7/Plus/6S</p><p> -30% 0FF </p><p>$6.99</p><a href="https://www.amazon.com/dp/B0DBHTZ6CD?tag=eloabder-20&linkCode=osi&th=1&psc=1">View Product</a></div>
<div class="product"><a href="https://www.amazon.com/dp/B09YSJQWRG?tag=eloabder-20&linkCode=osi&th=1&psc=1"><img src="https://m.media-amazon.com/images/I/413B1lBD-hL._SL500_.jpg" alt="Product Image"></a><p>Jesverty DC Power Supply Variable, 0-30V 0-10A Adjustable Switching DC Regulated Bench Power Supply with High Precision 4-Digit LED Display, 5V/2A USB Port, Coarse and Fine Adjustment SPS-3010</p><p> -9% 0FF </p><p>$59.99</p><a href="https://www.amazon.com/dp/B09YSJQWRG?tag=eloabder-20&linkCode=osi&th=1&psc=1">View Product</a></div><div class="product"><a href="https://www.amazon.com/dp/B0C17NLZNH?tag=eloabder-20&linkCode=osi&th=1&psc=1"><img src="https://m.media-amazon.com/images/I/41zjhhWu9lL._SL500_.jpg" alt="Product Image"></a><p>DC Power Supply Variable, 32V 10A Bench Power Supply with Encoder Knob, 4-Digits Display, Adjustable Regulated lab Power Supply with 5V 3.6A USB & Type-C Quick-Charge, Output Switch</p><p> -30% 0FF </p><p>$59.99</p><a href="https://www.amazon.com/dp/B0C17NLZNH?tag=eloabder-20&linkCode=osi&th=1&psc=1">View Product</a></div><div class="product"><a href="https://www.amazon.com/dp/B09BFCF13Y?tag=eloabder-20&linkCode=osi&th=1&psc=1"><img src="https://m.media-amazon.com/images/I/51J2ypqHaML._SL500_.jpg" alt="Product Image"></a><p>DC Power Supply Variable, Bench Power Supply with Encoder Adjustment Knob, Output Enable/Disable Button, Adjustable Power Supply with USB Quick-Charge, Short Circuit Alam (30V 10A Black)</p><p> -43% 0FF </p><p>$39.99</p><a href="https://www.amazon.com/dp/B09BFCF13Y?tag=eloabder-20&linkCode=osi&th=1&psc=1">View Product</a></div><div class="product"><a href="https://www.amazon.com/dp/B0CLY9B5XL?tag=eloabder-20&linkCode=osi&th=1&psc=1"><img src="https://m.media-amazon.com/images/I/41Z-aOJT4pL._SL500_.jpg" alt="Product Image"></a><p>Jesverty DC Power Supply Variable, 0-30V 0-10A Adjustable Switching DC Regulated Bench Power Supply with 20W USB & Type-C Quick-Charge, Encoder Knob, 4-Digit LED Display, Preset Memory - SPS-3010X</p><p> -39% 0FF </p><p>$39.99</p><a href="https://www.amazon.com/dp/B0CLY9B5XL?tag=eloabder-20&linkCode=osi&th=1&psc=1">View Product</a></div><div class="product"><a href="https://www.amazon.com/dp/B00R5CI1W0?tag=eloabder-20&linkCode=osi&th=1&psc=1"><img src="https://m.media-amazon.com/images/I/41ffWbR+GVL._SL500_.jpg" alt="Product Image"></a><p>MEAN WELL NDR-120-24 Single Output Industrial DIN Rail Power Supply, 24 Volts 5 Amps 120 Watts</p><p> -19% 0FF </p><p>$27.00</p><a href="https://www.amazon.com/dp/B00R5CI1W0?tag=eloabder-20&linkCode=osi&th=1&psc=1">View Product</a></div><div class="product"><a href="https://www.amazon.com/dp/B07512KQDW?tag=eloabder-20&linkCode=osi&th=1&psc=1"><img src="https://m.media-amazon.com/images/I/41Z+0wP-6xL._SL500_.jpg" alt="Product Image"></a><p>DC Power Supply Variable,0-30 V / 0-10 A LW-K3010D Adjustable Switching Regulated Power Supply Digital,with Alligator Leads US Power Cord Used for Spectrophotometer and lab Equipment Repair</p><p> -9% 0FF </p><p>$38.99</p><a href="https://www.amazon.com/dp/B07512KQDW?tag=eloabder-20&linkCode=osi&th=1&psc=1">View Product</a></div><div class="product"><a href="https://www.amazon.com/dp/B0CGX39NMK?tag=eloabder-20&linkCode=osi&th=1&psc=1"><img src="https://m.media-amazon.com/images/I/41IyjEYE7iL._SL500_.jpg" alt="Product Image"></a><p>Abestop AT6301 DC Power Supply Variable, 60V/10A/300W Adjustable Bench Power Supply with 10mV / 1mA High Resolution 4-Digits 2.8 inch LCD Display, 5V/1A USB Output</p><p> -11% 0FF </p><p>$129.99</p><a href="https://www.amazon.com/dp/B0CGX39NMK?tag=eloabder-20&linkCode=osi&th=1&psc=1">View Product</a></div>
<div class="product"><a href="https://www.amazon.com/dp/B0BD772SK3?tag=eloabder-20&linkCode=osi&th=1&psc=1"><img src="https://m.media-amazon.com/images/I/516CGhpMaUL._SL500_.jpg" alt="Product Image"></a><p>LED Garage Lights Bulb 2 Pack 180W 18000LM 6500K Led Shop Light with 6 Plus 1 Deformable Panels Basement Barn Ceiling Lights E26 and E27</p><p> -13% 0FF </p><p>$25.99 ($13.00 / Count)</p><a href="https://www.amazon.com/dp/B0BD772SK3?tag=eloabder-20&linkCode=osi&th=1&psc=1">View Product</a></div><div class="product"><a href="https://www.amazon.com/dp/B087JDFH4K?tag=eloabder-20&linkCode=osi&th=1&psc=1"><img src="https://m.media-amazon.com/images/I/310SxRkxkfL._SL500_.jpg" alt="Product Image"></a><p>Amico 6 Pack 6 Inch 5CCT Ultra-Thin LED Recessed Ceiling Light with Junction Box, 2700K/3000K/3500K/4000K/5000K Selectable, 12W Eqv 110W 1050LM Brightness Dimmable Canless Wafer Downlight, ETL & FCC</p><p> -29% 0FF </p><p>$49.99 ($8.33 / Count)</p><a href="https://www.amazon.com/dp/B087JDFH4K?tag=eloabder-20&linkCode=osi&th=1&psc=1">View Product</a></div><div class="product"><a href="https://www.amazon.com/dp/B0BZJ9MTST?tag=eloabder-20&linkCode=osi&th=1&psc=1"><img src="https://m.media-amazon.com/images/I/41nTB2ouhZL._SL500_.jpg" alt="Product Image"></a><p>Amico 36 Pack 6 Inch 5CCT Ultra-Thin LED Recessed Ceiling Light with Junction Box, 2700K/3000K/3500K/4000K/5000K Selectable, 12W Eqv 110W, Dimmable Can-Killer Downlight, 1050LM Brightness - ETL&FCC</p><p> -22% 0FF </p><p>$179.99 ($5.00 / Count)</p><a href="https://www.amazon.com/dp/B0BZJ9MTST?tag=eloabder-20&linkCode=osi&th=1&psc=1">View Product</a></div><div class="product"><a href="https://www.amazon.com/dp/B0B8MJV3HN?tag=eloabder-20&linkCode=osi&th=1&psc=1"><img src="https://m.media-amazon.com/images/I/51J2PJDbNgL._SL500_.jpg" alt="Product Image"></a><p>Ensenior 24 Pack 6 Inch LED Recessed Ceiling Light, Dimmable, 2700K-5000K 5CCT, 1050LM 12W 120V, High Brightness Canless Wafer Downlight - ETL&FCC&IC</p><p> -14% 0FF </p><p>$162.48 ($6.77 / Count)</p><a href="https://www.amazon.com/dp/B0B8MJV3HN?tag=eloabder-20&linkCode=osi&th=1&psc=1">View Product</a></div><div class="product"><a href="https://www.amazon.com/dp/B09QHSY5CP?tag=eloabder-20&linkCode=osi&th=1&psc=1"><img src="https://m.media-amazon.com/images/I/514QSD+bYiL._SL500_.jpg" alt="Product Image"></a><p>2 Pack LED Garage Light, 200W 20000LM 6500K LED Shop Lights, Garage Lights Ceiling Led with 6+1 Deformable Panels, Screw in E26/E27 Socket Bulb for Warehouse, Workshop, Basement, Barn, Garage Lighting</p><p> -18% 0FF </p><p>$26.99 ($13.50 / Count)</p><a href="https://www.amazon.com/dp/B09QHSY5CP?tag=eloabder-20&linkCode=osi&th=1&psc=1">View Product</a></div><div class="product"><a href="https://www.amazon.com/dp/B085SZQCL7?tag=eloabder-20&linkCode=osi&th=1&psc=1"><img src="https://m.media-amazon.com/images/I/41is51nuuHL._SL500_.jpg" alt="Product Image"></a><p>6 Pack 4FT Linkable LED Shop Light, Utility Shop Light Fixture, 4400lm, 42W [250W Equivalent], 5000K Daylight Shop Lights for Garage, Hanging or Surface Mount, with Power Cord, ETL, Black</p><p> -29% 0FF </p><p>$49.69 ($24.84 / Count)</p><a href="https://www.amazon.com/dp/B085SZQCL7?tag=eloabder-20&linkCode=osi&th=1&psc=1">View Product</a></div>
<div class="product"><a href="https://www.amazon.com/dp/B00075M1T6?tag=eloabder-20&linkCode=osi&th=1&psc=1"><img src="https://m.media-amazon.com/images/I/31Qodi9u+XL._SL500_.jpg" alt="Product Image"></a><p>Sunbeam¬Æ Heating Pad Standard Size</p><p> -28% 0FF </p><p>$17.99</p><a href="https://www.amazon.com/dp/B00075M1T6?tag=eloabder-20&linkCode=osi&th=1&psc=1">View Product</a></div><div class="product"><a href="https://www.amazon.com/dp/B08MV3Z3GK?tag=eloabder-20&linkCode=osi&th=1&psc=1"><img src="https://m.media-amazon.com/images/I/51D3Ss7U1DL._SL500_.jpg" alt="Product Image"></a><p>GENIANI King Size Heating Pad for Back Pain & Cramps Relief, FSA HSA Eligible, Auto Shut Off, Machine Washable, Moist Heat Pad for Neck & Shoulder, Knee, Leg, Heat Patches 12'‚Äò√ó24‚Äô‚Äô(Aqua Blue)</p><p> -38% 0FF </p><p>$24.97</p><a href="https://www.amazon.com/dp/B08MV3Z3GK?tag=eloabder-20&linkCode=osi&th=1&psc=1">View Product</a></div><div class="product"><a href="https://www.amazon.com/dp/B0B3MBQC57?tag=eloabder-20&linkCode=osi&th=1&psc=1"><img src="https://m.media-amazon.com/images/I/51nlW3dSxQL._SL500_.jpg" alt="Product Image"></a><p>Heating Pad for Back Pain Relief, Extra Large 33 x 17, Portable Heating Pad for Shoulder, Neck, Cramp, Menstrual Pain, with Upgraded 6 Timer & 6 Temperature Controller</p><p> -56% 0FF </p><p>$39.99 ($1.28 / Ounce)</p><a href="https://www.amazon.com/dp/B0B3MBQC57?tag=eloabder-20&linkCode=osi&th=1&psc=1">View Product</a></div><div class="product"><a href="https://www.amazon.com/dp/B00LX5CR0M?tag=eloabder-20&linkCode=osi&th=1&psc=1"><img src="https://m.media-amazon.com/images/I/51OIEWerJUL._SL500_.jpg" alt="Product Image"></a><p>Sunbeam Heating Pad for Neck & Shoulder Pain Relief, XL Renue, 4 Heat Settings with Auto-Off, Blue, 25-Inch x 25-Inch, Sapphire</p><p> -8% 0FF </p><p>$59.99</p><a href="https://www.amazon.com/dp/B00LX5CR0M?tag=eloabder-20&linkCode=osi&th=1&psc=1">View Product</a></div>
<div class="product"><a href="https://www.amazon.com/dp/B00L2LTYDK?tag=eloabder-20&linkCode=osi&th=1&psc=1"><img src="https://m.media-amazon.com/images/I/418TOAEPGxL._SL500_.jpg" alt="Product Image"></a><p>Ergodyne Chill Its 6602 Cooling Towel, Long Lasting Cooling Relief, Gray 29.50" x 13.00"</p><p> -88% 0FF </p><p>$6.23</p><a href="https://www.amazon.com/dp/B00L2LTYDK?tag=eloabder-20&linkCode=osi&th=1&psc=1">View Product</a></div><div class="product"><a href="https://www.amazon.com/dp/B08SHJ47JL?tag=eloabder-20&linkCode=osi&th=1&psc=1"><img src="https://m.media-amazon.com/images/I/41wR--y8NxL._SL500_.jpg" alt="Product Image"></a><p>Arctic Air Freedom Personal Air Cooler - Portable 3-Speed Neck Fan, Hands-Free Wearable Design, Lightweight, Cordless And Rechargeable</p><p> -34% 0FF </p><p>$19.65</p><a href="https://www.amazon.com/dp/B08SHJ47JL?tag=eloabder-20&linkCode=osi&th=1&psc=1">View Product</a></div><div class="product"><a href="https://www.amazon.com/dp/B003FO2B5U?tag=eloabder-20&linkCode=osi&th=1&psc=1"><img src="https://m.media-amazon.com/images/I/41fgkBDrkxL._SL500_.jpg" alt="Product Image"></a><p>Cool Coolers by Fit + Fresh, 4 Pack Slim Ice Packs, Space Saving Reusable Ice Packs for Lunch Boxes or Coolers, Blue, Single Pack</p><p> -6% 0FF </p><p>$9.44</p><a href="https://www.amazon.com/dp/B003FO2B5U?tag=eloabder-20&linkCode=osi&th=1&psc=1">View Product</a></div><div class="product"><a href="https://www.amazon.com/dp/B008A6M34C?tag=eloabder-20&linkCode=osi&th=1&psc=1"><img src="https://m.media-amazon.com/images/I/41ytzrZrLcL._SL500_.jpg" alt="Product Image"></a><p>FlexiKold Gel Soft Flexible Ice Packs for Injuries - Reusable Freezer Cold Pack, Cold Compress & Cooling Gel Pad for Face, Shoulder, Hip, Leg, Arm, Ankle & Foot Injury - Medium - 7.5‚Äù x 11.5‚Äù</p><p> -56% 0FF </p><p>$10.99 ($10.99 / Count)</p><a href="https://www.amazon.com/dp/B008A6M34C?tag=eloabder-20&linkCode=osi&th=1&psc=1">View Product</a></div><div class="product"><a href="https://www.amazon.com/dp/B00GAU74IK?tag=eloabder-20&linkCode=osi&th=1&psc=1"><img src="https://m.media-amazon.com/images/I/41n1pSkwTeL._SL500_.jpg" alt="Product Image"></a><p>BEKOOOL Soft Gel Sheets for Kids for Cooling Relief from Fever discomfort | 4 Count</p><p> -33% 0FF </p><p>$3.99 ($1.00 / Count)</p><a href="https://www.amazon.com/dp/B00GAU74IK?tag=eloabder-20&linkCode=osi&th=1&psc=1">View Product</a></div><div class="product"><a href="https://www.amazon.com/dp/B0CMJMB9J2?tag=eloabder-20&linkCode=osi&th=1&psc=1"><img src="https://m.media-amazon.com/images/I/41t6as6YB8L._SL500_.jpg" alt="Product Image"></a><p>TheraICE Shoulder Ice Pack Wrap/Reusable Ice Pack for Rotator Cuff & Shoulder Pain Relief Cold Therapy Compression/FocusZone Technology with Extra Cooling Support for Targeted Pain Relief</p><p> -33% 0FF </p><p>$39.95 ($39.95 / Count)</p><a href="https://www.amazon.com/dp/B0CMJMB9J2?tag=eloabder-20&linkCode=osi&th=1&psc=1">View Product</a></div>
<div class="product"><a href="https://www.amazon.com/dp/B07SHB2WF9?tag=eloabder-20&linkCode=osi&th=1&psc=1"><img src="https://m.media-amazon.com/images/I/51jQaLCBOvL._SL500_.jpg" alt="Product Image"></a><p>VIVOSUN 4 Inch 190 CFM Inline Fan with Speed Controller, 4 Inch Carbon Filter and 8 Feet of Ducting, Temperature Humidity Monitor for Grow Tent Ventilation</p><p> -16% 0FF </p><p>$129.99</p><a href="https://www.amazon.com/dp/B07SHB2WF9?tag=eloabder-20&linkCode=osi&th=1&psc=1">View Product</a></div><div class="product"><a href="https://www.amazon.com/dp/B01C82SYZ0?tag=eloabder-20&linkCode=osi&th=1&psc=1"><img src="https://m.media-amazon.com/images/I/412vSql4EpL._SL500_.jpg" alt="Product Image"></a><p>VIVOSUN 4 Inch Inline Duct Fan 100 CFM, HVAC Exhaust Ventilation Fan with Low Noise for Basements, Bathrooms, Kitchens and Attics, Silver</p><p> -8% 0FF </p><p>$22.99</p><a href="https://www.amazon.com/dp/B01C82SYZ0?tag=eloabder-20&linkCode=osi&th=1&psc=1">View Product</a></div><div class="product"><a href="https://www.amazon.com/dp/B0D2P8ZHLD?tag=eloabder-20&linkCode=osi&th=1&psc=1"><img src="https://m.media-amazon.com/images/I/41Y+uClljFL._SL500_.jpg" alt="Product Image"></a><p>Multifunctional 3D Printer Enclosure w/Adjustable Ventilation Kit Eliminate Odors Tent Cover Compatible with Anycubic Photon Mono, Elegoo Saturn/Mars 3/4 & Creality Halot Series Resin 3D Printer</p><p> -6% 0FF </p><p>$65.88</p><a href="https://www.amazon.com/dp/B0D2P8ZHLD?tag=eloabder-20&linkCode=osi&th=1&psc=1">View Product</a></div><div class="product"><a href="https://www.amazon.com/dp/B0CS6K1TM4?tag=eloabder-20&linkCode=osi&th=1&psc=1"><img src="https://m.media-amazon.com/images/I/51Xfkoo1eTL._SL500_.jpg" alt="Product Image"></a><p>HOCENWAY Upgrade 3-Layers Filter System Smoke Exhaust Kit with 5000RPM Fan and Speed Control Power Adapter for All Laser Engraver 3D Printer Enclosure Tent Cover DIY (Ventilation Kit)</p><p> -8% 0FF </p><p>$27.48</p><a href="https://www.amazon.com/dp/B0CS6K1TM4?tag=eloabder-20&linkCode=osi&th=1&psc=1">View Product</a></div>
<div class="product"><a href="https://www.amazon.com/dp/B086QNLBB4?tag=eloabder-20&linkCode=osi&th=1&psc=1"><img src="https://m.media-amazon.com/images/I/41qiFymeklL._SL500_.jpg" alt="Product Image"></a><p>Waterdrop Gravity Water Filter Straw, Camping Water Filtration System, Water Purifier Survival for Travel, Backpacking and Emergency Preparedness, 1.5 gal Bag, 0.1 Micron, 5 Stage Filtration</p><p> -7% 0FF </p><p>$39.99</p><a href="https://www.amazon.com/dp/B086QNLBB4?tag=eloabder-20&linkCode=osi&th=1&psc=1">View Product</a></div><div class="product"><a href="https://www.amazon.com/dp/B0BBQNZK7Y?tag=eloabder-20&linkCode=osi&th=1&psc=1"><img src="https://m.media-amazon.com/images/I/41uwbKvNw5L._SL500_.jpg" alt="Product Image"></a><p>SimPure V7 Under Sink Water Filter, 5-Stage Stainless Steel Water Filtration System Direct Connect to Kitchen Faucet, Reduces 99% Lead, Chlorine, Bad Taste, 20K Gallons (No Drilling Required)</p><p> -18% 0FF </p><p>$65.99 ($30.00 / kg)</p><a href="https://www.amazon.com/dp/B0BBQNZK7Y?tag=eloabder-20&linkCode=osi&th=1&psc=1">View Product</a></div><div class="product"><a href="https://www.amazon.com/dp/B07CHXVRS5?tag=eloabder-20&linkCode=osi&th=1&psc=1"><img src="https://m.media-amazon.com/images/I/41KdIPuSgRL._SL500_.jpg" alt="Product Image"></a><p>iSpring US31 Classic 3-Stage Under Sink Water Filtration System for Drinking, Tankless, High Capacity, Sediment + Carbon + Carbon (Newest Version)</p><p> -26% 0FF </p><p>$101.16</p><a href="https://www.amazon.com/dp/B07CHXVRS5?tag=eloabder-20&linkCode=osi&th=1&psc=1">View Product</a></div><div class="product"><a href="https://www.amazon.com/dp/B00QFXGSIY?tag=eloabder-20&linkCode=osi&th=1&psc=1"><img src="https://m.media-amazon.com/images/I/31c5SLHf3GL._SL500_.jpg" alt="Product Image"></a><p>Survivor Filter PRO - Hand Pump Camping Water Filtration System Survival - Water Purifier Survival</p><p> -20% 0FF </p><p>$55.96</p><a href="https://www.amazon.com/dp/B00QFXGSIY?tag=eloabder-20&linkCode=osi&th=1&psc=1">View Product</a></div>
<div class="product"><a href="https://www.amazon.com/dp/B0D8NXKXBK?tag=eloabder-20&linkCode=osi&th=1&psc=1"><img src="https://m.media-amazon.com/images/I/31sV17bo3CL._SL500_.jpg" alt="Product Image"></a><p>Pro Electric Water Purifier Survival w/Hand Pump, Portable Water Filter Camping Backpacking Hiking Outdoor Travel Emergency, Water Filtration System Survival, Water Purification Tablets Alternative</p><p> -20% 0FF </p><p>$79.99</p><a href="https://www.amazon.com/dp/B0D8NXKXBK?tag=eloabder-20&linkCode=osi&th=1&psc=1">View Product</a></div><div class="product"><a href="https://www.amazon.com/dp/B07PZBY7RL?tag=eloabder-20&linkCode=osi&th=1&psc=1"><img src="https://m.media-amazon.com/images/I/41YJFTk3wDL._SL500_.jpg" alt="Product Image"></a><p>Invigorated Water Alkaline Water Purification Unit, White, Plastic, pH001 Filter Included, Convenient Anti-Slip Design</p><p> -36% 0FF </p><p>$50.00</p><a href="https://www.amazon.com/dp/B07PZBY7RL?tag=eloabder-20&linkCode=osi&th=1&psc=1">View Product</a></div>
<div class="product"><a href="https://www.amazon.com/dp/B0CJ1B6D6S?tag=eloabder-20&linkCode=osi&th=1&psc=1"><img src="https://m.media-amazon.com/images/I/41Upf8lJ6ML._SL500_.jpg" alt="Product Image"></a><p>Scrub Daddy Scrub Mommy Sponges - Dish Scrubber + Non-Scratch Cleaning Sponges Kitchen, Bathroom + Multi-Surface Safe - Dual-Sided Dish Sponges for Scrubbing - Online Exclusive (3 Count)</p><p> -7% 0FF </p><p>$13.00 ($4.33 / Count)</p><a href="https://www.amazon.com/dp/B0CJ1B6D6S?tag=eloabder-20&linkCode=osi&th=1&psc=1">View Product</a></div><div class="product"><a href="https://www.amazon.com/dp/B07HF1GTYN?tag=eloabder-20&linkCode=osi&th=1&psc=1"><img src="https://m.media-amazon.com/images/I/61pFb41tDhL._SL500_.jpg" alt="Product Image"></a><p>Tamicy Mop Slippers Shoes 5 Pairs (10 Pieces) - Microfiber Cleaning House Mop Slippers Floor Cleaning Tools Shoe Cover Soft Washable Reusable Microfiber Foot Socks Floor Cleaning Tools Shoe Cover</p><p> -58% 0FF </p><p>$9.98 ($2.00 / Count)</p><a href="https://www.amazon.com/dp/B07HF1GTYN?tag=eloabder-20&linkCode=osi&th=1&psc=1">View Product</a></div><div class="product"><a href="https://www.amazon.com/dp/B07F268WY8?tag=eloabder-20&linkCode=osi&th=1&psc=1"><img src="https://m.media-amazon.com/images/I/51hKjGZILAL._SL500_.jpg" alt="Product Image"></a><p>Holikme 2 Pack Dryer Vent Cleaner Kit Clothes Dryer Lint Brush Vent Trap Cleaner Home Essentials Long Flexible Vacuum Brush</p><p> -50% 0FF </p><p>$7.99 ($4.00 / Count)</p><a href="https://www.amazon.com/dp/B07F268WY8?tag=eloabder-20&linkCode=osi&th=1&psc=1">View Product</a></div>


<div class="product"><a href="https://www.amazon.com/dp/B06XJ17JVD?tag=eloabder-20&linkCode=osi&th=1&psc=1"><img src="https://m.media-amazon.com/images/I/51OoCqwxbrL._SL500_.jpg" alt="Product Image"></a><p>Rust-Oleum 293513 Rocksolid Polycuramine Garage Oil Floor Coating, 2.5 Car Kit, Gray, 180 Fl Oz (Pack of 1)</p><p> -35% 0FF </p><p>$240.00 ($1.33 / Fl Oz)</p><a href="https://www.amazon.com/dp/B06XJ17JVD?tag=eloabder-20&linkCode=osi&th=1&psc=1">View Product</a></div><div class="product"><a href="https://www.amazon.com/dp/B099SFV2MB?tag=eloabder-20&linkCode=osi&th=1&psc=1"><img src="https://m.media-amazon.com/images/I/41SuYdUgtXL._SL500_.jpg" alt="Product Image"></a><p>Adam's Polishes Advanced Graphene Ceramic Coating - 10H Graphene Coating for Auto Detailing, 9+ Years of Car Protection & Patented UV Technology, Apply After Car Wash & Paint Correction</p><p> -15% 0FF </p><p>$138.54</p><a href="https://www.amazon.com/dp/B099SFV2MB?tag=eloabder-20&linkCode=osi&th=1&psc=1">View Product</a></div><div class="product"><a href="https://www.amazon.com/dp/B07B8RY7M6?tag=eloabder-20&linkCode=osi&th=1&psc=1"><img src="https://m.media-amazon.com/images/I/31G91iuk9RL._SL500_.jpg" alt="Product Image"></a><p>MG Chemicals - 419D-55ML 419D Premium Acrylic Conformal Coating, 55 mL Bottle, IPC 830, UL 94V-0 (File # E203094), Clear, 1.86 Fl Oz (Pack of 1)</p><p> -17% 0FF </p><p>$15.95 ($8.62 / Fl Oz)</p><a href="https://www.amazon.com/dp/B07B8RY7M6?tag=eloabder-20&linkCode=osi&th=1&psc=1">View Product</a></div>
<div class="product"><a href="https://www.amazon.com/dp/B005E9KJYE?tag=eloabder-20&linkCode=osi&th=1&psc=1"><img src="https://m.media-amazon.com/images/I/517PNa1vQiL._SL500_.jpg" alt="Product Image"></a><p>Colorations - SWT16 Simply Washable Tempera Paints, 16 fl oz, Set of 11 Colors, Non Toxic, Vibrant, Bold, Kids Paint, Craft, Hobby, Arts & Crafts, Fun, Art Supplies</p><p> -15% 0FF </p><p>$45.89 ($0.26 / Fl Oz)</p><a href="https://www.amazon.com/dp/B005E9KJYE?tag=eloabder-20&linkCode=osi&th=1&psc=1">View Product</a></div><div class="product"><a href="https://www.amazon.com/dp/B01HZP45BM?tag=eloabder-20&linkCode=osi&th=1&psc=1"><img src="https://m.media-amazon.com/images/I/51qsgeT-koL._SL500_.jpg" alt="Product Image"></a><p>Colorations Washable Tempera Paint, Set of 6 Colors, 8oz Each, Non Toxic Paint, Vibrant Paint, Craft Paint Children, Art Supplies, Homeschool, Home School Use</p><p> -15% 0FF </p><p>$16.99 ($0.35 / Fl Oz)</p><a href="https://www.amazon.com/dp/B01HZP45BM?tag=eloabder-20&linkCode=osi&th=1&psc=1">View Product</a></div><div class="product"><a href="https://www.amazon.com/dp/B01HZP4IFA?tag=eloabder-20&linkCode=osi&th=1&psc=1"><img src="https://m.media-amazon.com/images/I/41tdzr9-azL._SL500_.jpg" alt="Product Image"></a><p>Colorations - LWPACK Liquid Watercolor Paint, 4 fl oz, Set of 6, Non-Toxic, Painting, Kids, Craft, Hobby, Fun, Water Color, Posters, Cool Effects, Versatile, Gift</p><p> -10% 0FF </p><p>$18.89 ($0.79 / Fl Oz)</p><a href="https://www.amazon.com/dp/B01HZP4IFA?tag=eloabder-20&linkCode=osi&th=1&psc=1">View Product</a></div><div class="product"><a href="https://www.amazon.com/dp/B000PIK1YC?tag=eloabder-20&linkCode=osi&th=1&psc=1"><img src="https://m.media-amazon.com/images/I/31-jP8tO9yL._SL500_.jpg" alt="Product Image"></a><p>Rust-Oleum 7579838 Professional High Performance Enamel Spray Paint, 15 Oz, Gloss Black</p><p> -9% 0FF </p><p>$9.98 ($0.67 / Ounce)</p><a href="https://www.amazon.com/dp/B000PIK1YC?tag=eloabder-20&linkCode=osi&th=1&psc=1">View Product</a></div>


<div class="product"><a href="https://www.amazon.com/dp/B002SG7PPC?tag=eloabder-20&linkCode=osi&th=1&psc=1"><img src="https://m.media-amazon.com/images/I/31YVD0b4-1L._SL500_.jpg" alt="Product Image"></a><p>Mitutoyo 050101, Edge Finder, 3/8" Dia. Shank, .200" Dia. Tip</p><p> -21% 0FF </p><p>$16.55</p><a href="https://www.amazon.com/dp/B002SG7PPC?tag=eloabder-20&linkCode=osi&th=1&psc=1">View Product</a></div><div class="product"><a href="https://www.amazon.com/dp/1259827445?tag=eloabder-20&linkCode=osi&th=1&psc=1"><img src="https://m.media-amazon.com/images/I/41+0n7UFhrL._SL500_.jpg" alt="Product Image"></a><p>Machining and CNC Technology</p><p> -42% 0FF </p><p>$199.97</p><a href="https://www.amazon.com/dp/1259827445?tag=eloabder-20&linkCode=osi&th=1&psc=1">View Product</a></div><div class="product"><a href="https://www.amazon.com/dp/B07RM1D6WD?tag=eloabder-20&linkCode=osi&th=1&psc=1"><img src="https://m.media-amazon.com/images/I/41WW3tVXkmL._SL500_.jpg" alt="Product Image"></a><p>AFA Tooling - Deburring Tool with 11 High Speed Steel Swivel Blades - Works on Metal, Resin, PVC Pipes, Copper, Plastic and 3D Printed Edges - Plumbing & 3D Printing Burr Removal Reamer Tool</p><p> -20% 0FF </p><p>$15.95 ($9.11 / 100 g)</p><a href="https://www.amazon.com/dp/B07RM1D6WD?tag=eloabder-20&linkCode=osi&th=1&psc=1">View Product</a></div>
<div class="product"><a href="https://www.amazon.com/dp/B08VHYX96W?tag=eloabder-20&linkCode=osi&th=1&psc=1"><img src="https://m.media-amazon.com/images/I/518vzX0FwcL._SL500_.jpg" alt="Product Image"></a><p>HARDELL Mini Cordless Rotary Tool Kit, 5-Speed and USB Charging with 61 Accessories, Multi-Purpose 3.7V Power Rotary Tool for Sanding, Polishing, Drilling, Etching, Engraving, DIY Crafts</p><p> -17% 0FF </p><p>$24.99</p><a href="https://www.amazon.com/dp/B08VHYX96W?tag=eloabder-20&linkCode=osi&th=1&psc=1">View Product</a></div><div class="product"><a href="https://www.amazon.com/dp/B093229VY9?tag=eloabder-20&linkCode=osi&th=1&psc=1"><img src="https://m.media-amazon.com/images/I/51Wby41ESCL._SL500_.jpg" alt="Product Image"></a><p>KATA 4-PACK Folding Utility Knife, Heavy Duty Box Cutter with 20pcs SK5 Quick Change Blades, Safety Lock Back Design, Used for Cutting Cartons, Cardboards and Boxes</p><p> -23% 0FF </p><p>$9.99 ($2.50 / Count)</p><a href="https://www.amazon.com/dp/B093229VY9?tag=eloabder-20&linkCode=osi&th=1&psc=1">View Product</a></div><div class="product"><a href="https://www.amazon.com/dp/B09QXBC6XL?tag=eloabder-20&linkCode=osi&th=1&psc=1"><img src="https://m.media-amazon.com/images/I/41JcpPv9cXL._SL500_.jpg" alt="Product Image"></a><p>180W Rotary Tool Kit, 1.5-Amp PHALANX 6 Variable Speed with Flex Shaft, 8000-32000RPM Multi-Tool& 139pcs Accessories Kit, Power Multiuse Set Prefect for Crafting Projects and DIY Creations‚Ä¶</p><p> -23% 0FF </p><p>$39.99</p><a href="https://www.amazon.com/dp/B09QXBC6XL?tag=eloabder-20&linkCode=osi&th=1&psc=1">View Product</a></div><div class="product"><a href="https://www.amazon.com/dp/B07GR7QF63?tag=eloabder-20&linkCode=osi&th=1&psc=1"><img src="https://m.media-amazon.com/images/I/319qwqAeKXL._SL500_.jpg" alt="Product Image"></a><p>IGAN-170 Wire Cutters, Precision Electronics Flush Cutter, One of the Strongest and Sharpest Side Cutting pliers with an Opening Spring, Ideal for Ultra-fine Cutting Needs.</p><p> -24% 0FF </p><p>$6.97</p><a href="https://www.amazon.com/dp/B07GR7QF63?tag=eloabder-20&linkCode=osi&th=1&psc=1">View Product</a></div>

<div class="product"><a href="https://www.amazon.com/dp/B01LRVX4AS?tag=eloabder-20&linkCode=osi&th=1&psc=1"><img src="https://m.media-amazon.com/images/I/41eRX8GkL8L._SL500_.jpg" alt="Product Image"></a><p>JKSafety 9 Pockets Class 2 High Visibility Zipper Front Safety Vest With Reflective Strips,Meets ANSI/ISEA Standard (Large, 150-Yellow)</p><p> -10% 0FF </p><p>$8.99</p><a href="https://www.amazon.com/dp/B01LRVX4AS?tag=eloabder-20&linkCode=osi&th=1&psc=1">View Product</a></div><div class="product"><a href="https://www.amazon.com/dp/B01LDPHX7S?tag=eloabder-20&linkCode=osi&th=1&psc=1"><img src="https://m.media-amazon.com/images/I/41pcC4hFanL._SL500_.jpg" alt="Product Image"></a><p>Ergodyne GloWear 8377 Type R Class 3 Lime Quilted Bomber Jacket, High Visibility Reflective Insulation, X-Large</p><p> -17% 0FF </p><p>$34.99</p><a href="https://www.amazon.com/dp/B01LDPHX7S?tag=eloabder-20&linkCode=osi&th=1&psc=1">View Product</a></div><div class="product"><a href="https://www.amazon.com/dp/B0CRV7G3WW?tag=eloabder-20&linkCode=osi&th=1&psc=1"><img src="https://m.media-amazon.com/images/I/41KOsJq8HTL._SL500_.jpg" alt="Product Image"></a><p>Bilymate LED Reflective Vest Running Gear,High Visibility with usb Rechargeable Light Up safety Vest for Walking Running Cycling,Adjustable for Men Women Kids Flourence Green</p><p> -50% 0FF </p><p>$6.45</p><a href="https://www.amazon.com/dp/B0CRV7G3WW?tag=eloabder-20&linkCode=osi&th=1&psc=1">View Product</a></div>
<div class="product"><a href="https://www.amazon.com/dp/B01N2ZTB7M?tag=eloabder-20&linkCode=osi&th=1&psc=1"><img src="https://m.media-amazon.com/images/I/419b0AGprhL._SL500_.jpg" alt="Product Image"></a><p>Sellstrom Advantage Face Shield - Lightweight Mask with Crown & Ratchet Headgear, for Work, Grinding, Cutting - ANSI Z87.1 - Clear Uncoated Polycarbonate Window</p><p> -8% 0FF </p><p>$14.39</p><a href="https://www.amazon.com/dp/B01N2ZTB7M?tag=eloabder-20&linkCode=osi&th=1&psc=1">View Product</a></div><div class="product"><a href="https://www.amazon.com/dp/B008MCUZZS?tag=eloabder-20&linkCode=osi&th=1&psc=1"><img src="https://m.media-amazon.com/images/I/51FPpkx4CEL._SL500_.jpg" alt="Product Image"></a><p>3M 8210 Particulate Respirator, N95, Pack of 20 Disposable Respirator, Two-Strap Cup Style Design, Lightweight with Cushioning Nose Foam, NIOSH Approved</p><p> -45% 0FF </p><p>$15.49 ($0.77 / Count)</p><a href="https://www.amazon.com/dp/B008MCUZZS?tag=eloabder-20&linkCode=osi&th=1&psc=1">View Product</a></div><div class="product"><a href="https://www.amazon.com/dp/B08GBRY816?tag=eloabder-20&linkCode=osi&th=1&psc=1"><img src="https://m.media-amazon.com/images/I/51Z0iPJV4uL._SL500_.jpg" alt="Product Image"></a><p>NEIKO 53880A Forestry Helmet for Safety with Shield and Earmuffs, Chainsaw Helmet with Face Shield, Hard Hat Safety Gear Equipment, Protective Face Shield and Mesh Shield for Face Protection</p><p> -18% 0FF </p><p>$27.16</p><a href="https://www.amazon.com/dp/B08GBRY816?tag=eloabder-20&linkCode=osi&th=1&psc=1">View Product</a></div><div class="product"><a href="https://www.amazon.com/dp/B0BLF15Y9Q?tag=eloabder-20&linkCode=osi&th=1&psc=1"><img src="https://m.media-amazon.com/images/I/51+GJrSaWPL._SL500_.jpg" alt="Product Image"></a><p>Tanden Skating Protective Gear Adult Knee and Elbow Pads Wrist Guards for Roller Skating Skateboarding, Skate Pads Adult Knee Pads for Men Women Black</p><p> -6% 0FF </p><p>$26.99</p><a href="https://www.amazon.com/dp/B0BLF15Y9Q?tag=eloabder-20&linkCode=osi&th=1&psc=1">View Product</a></div>
<div class="product"><a href="https://www.amazon.com/dp/B0C9SBFGZR?tag=eloabder-20&linkCode=osi&th=1&psc=1"><img src="https://m.media-amazon.com/images/I/51yTPVBbEUL._SL500_.jpg" alt="Product Image"></a><p>Supmedic Nitrile Exam Glove, 3.5 mil Disposable Medical Gloves Powder-Free Latex-Free, Box of 100 pcs (Blue) (Medium)</p><p> -16% 0FF </p><p>$8.42</p><a href="https://www.amazon.com/dp/B0C9SBFGZR?tag=eloabder-20&linkCode=osi&th=1&psc=1">View Product</a></div><div class="product"><a href="https://www.amazon.com/dp/B07KYWVCP6?tag=eloabder-20&linkCode=osi&th=1&psc=1"><img src="https://m.media-amazon.com/images/I/41q59vUJw6L._SL500_.jpg" alt="Product Image"></a><p>MED PRIDE Medical Vinyl Examination Gloves (Large, 100-Count) Latex & Rubber Free, Ultra-Strong, Clear Disposable Powder-Free Gloves for Healthcare & Food Handling Use</p><p> -11% 0FF </p><p>$7.99 ($0.08 / Count)</p><a href="https://www.amazon.com/dp/B07KYWVCP6?tag=eloabder-20&linkCode=osi&th=1&psc=1">View Product</a></div><div class="product"><a href="https://www.amazon.com/dp/B09KTQMMCM?tag=eloabder-20&linkCode=osi&th=1&psc=1"><img src="https://m.media-amazon.com/images/I/41mQ4yEa-wL._SL500_.jpg" alt="Product Image"></a><p>Schneider Black Vinyl Exam Gloves, 4mil, Disposable Latex-Free, Plastic Gloves for Medical, Cooking, Cleaning, and Food Prep, Sizes Medium</p><p> -20% 0FF </p><p>$7.99</p><a href="https://www.amazon.com/dp/B09KTQMMCM?tag=eloabder-20&linkCode=osi&th=1&psc=1">View Product</a></div><div class="product"><a href="https://www.amazon.com/dp/B09KRT18KC?tag=eloabder-20&linkCode=osi&th=1&psc=1"><img src="https://m.media-amazon.com/images/I/415qb2LeE6L._SL500_.jpg" alt="Product Image"></a><p>Schneider Clear Vinyl Exam Gloves, 4-mil, Medium 100-ct Box, Latex-Free, Rubber Disposable Gloves For Medical, Cleaning , Food Prep, Food Safe, Powder-Free, Non-Sterile</p><p> -20% 0FF </p><p>$7.97 ($0.08 / Count)</p><a href="https://www.amazon.com/dp/B09KRT18KC?tag=eloabder-20&linkCode=osi&th=1&psc=1">View Product</a></div><div class="product"><a href="https://www.amazon.com/dp/B08WJQR2CR?tag=eloabder-20&linkCode=osi&th=1&psc=1"><img src="https://m.media-amazon.com/images/I/414Y7CgkL2L._SL500_.jpg" alt="Product Image"></a><p>FifthPulse Black Vinyl Disposable Gloves Large 50 Pack - Latex Free, Powder Free Medical Exam Gloves - Surgical, Home, Cleaning, and Food Gloves - 3 Mil Thickness</p><p> -60% 0FF </p><p>$5.59</p><a href="https://www.amazon.com/dp/B08WJQR2CR?tag=eloabder-20&linkCode=osi&th=1&psc=1">View Product</a></div><div class="product"><a href="https://www.amazon.com/dp/B0C9MZRBR7?tag=eloabder-20&linkCode=osi&th=1&psc=1"><img src="https://m.media-amazon.com/images/I/41STIBt58JL._SL500_.jpg" alt="Product Image"></a><p>Caring Nitrile Exam Gloves (100ct), Powder Free and Not Made with Natural Rubber Latex, Gloves for Medical Use, Cleaning, Food Prep and More, Large</p><p> -13% 0FF </p><p>$6.99</p><a href="https://www.amazon.com/dp/B0C9MZRBR7?tag=eloabder-20&linkCode=osi&th=1&psc=1">View Product</a></div><div class="product"><a href="https://www.amazon.com/dp/B087LXWY99?tag=eloabder-20&linkCode=osi&th=1&psc=1"><img src="https://m.media-amazon.com/images/I/51ILZr2xj3L._SL500_.jpg" alt="Product Image"></a><p>Basic Medical Blue Nitrile Exam Gloves - Latex-Free & Powder-Free - NGPF-7002 (Case of 1,000), Medium</p><p> -16% 0FF </p><p>$32.82 ($0.03 / Count)</p><a href="https://www.amazon.com/dp/B087LXWY99?tag=eloabder-20&linkCode=osi&th=1&psc=1">View Product</a></div>
<div class="product"><a href="https://www.amazon.com/dp/B09P4DBZHY?tag=eloabder-20&linkCode=osi&th=1&psc=1"><img src="https://m.media-amazon.com/images/I/31YZa5T8JCL._SL500_.jpg" alt="Product Image"></a><p>3M Hard Hat SecureFit H-701SFR-UV, White, Non-Vented Cap Style Safety Helmet with Uvicator Sensor, 4-Point Pressure Diffusion Ratchet Suspension, ANSI Z87.1</p><p> -12% 0FF </p><p>$16.25</p><a href="https://www.amazon.com/dp/B09P4DBZHY?tag=eloabder-20&linkCode=osi&th=1&psc=1">View Product</a></div><div class="product"><a href="https://www.amazon.com/dp/B09VBV3T78?tag=eloabder-20&linkCode=osi&th=1&psc=1"><img src="https://m.media-amazon.com/images/I/31BEt7CIKkL._SL500_.jpg" alt="Product Image"></a><p>UNINOVA Vented Hard Hat with Visor OSHA Construction Safety Helmet 6 pt. Ratchet Suspension Cascos De Construccion ANSI Z89.1 Type I Class C Hardhats(S1 White Smoked)</p><p> -46% 0FF </p><p>$29.99</p><a href="https://www.amazon.com/dp/B09VBV3T78?tag=eloabder-20&linkCode=osi&th=1&psc=1">View Product</a></div>
<div class="product"><a href="https://www.amazon.com/dp/B08C7HDF1F?tag=eloabder-20&linkCode=osi&th=1&psc=1"><img src="https://m.media-amazon.com/images/I/51v5EoPjf3L._SL500_.jpg" alt="Product Image"></a><p>NNPCBT 100PCS 3 Ply Black Disposable Face Mask Filter Protection Face Masks</p><p> -33% 0FF </p><p>$9.98 ($0.10 / Count)</p><a href="https://www.amazon.com/dp/B08C7HDF1F?tag=eloabder-20&linkCode=osi&th=1&psc=1">View Product</a></div><div class="product"><a href="https://www.amazon.com/dp/B09GNXYWDQ?tag=eloabder-20&linkCode=osi&th=1&psc=1"><img src="https://m.media-amazon.com/images/I/41VrygLbB9L._SL500_.jpg" alt="Product Image"></a><p>Gleeporte [Pack Of 100] Black Disposable Face Mask, 3-Ply Adult Masks, Facial Cover with Elastic Earloops For Home, Office, School, and Outdoors</p><p> -22% 0FF </p><p>$6.99 ($0.07 / Count)</p><a href="https://www.amazon.com/dp/B09GNXYWDQ?tag=eloabder-20&linkCode=osi&th=1&psc=1">View Product</a></div><div class="product"><a href="https://www.amazon.com/dp/B08Y8NVW6Y?tag=eloabder-20&linkCode=osi&th=1&psc=1"><img src="https://m.media-amazon.com/images/I/51-zA01VM0L._SL500_.jpg" alt="Product Image"></a><p>LEMENT 50pcs KN95 Face Mask Black 5 Layer Cup Dust Safety Masks Filter Efficiency‚â•95% Breathable Elastic Ear Loops Black Masks</p><p> -33% 0FF </p><p>$19.99 ($0.40 / Count)</p><a href="https://www.amazon.com/dp/B08Y8NVW6Y?tag=eloabder-20&linkCode=osi&th=1&psc=1">View Product</a></div><div class="product"><a href="https://www.amazon.com/dp/B089TX3BPY?tag=eloabder-20&linkCode=osi&th=1&psc=1"><img src="https://m.media-amazon.com/images/I/41qr1sidczL._SL500_.jpg" alt="Product Image"></a><p>Hygenix 3ply Disposable Face Masks PFE 99% Filter Quality Tested by a US lab (Pack of 50 Pcs)</p><p> -13% 0FF </p><p>$12.99 ($0.26 / Count)</p><a href="https://www.amazon.com/dp/B089TX3BPY?tag=eloabder-20&linkCode=osi&th=1&psc=1">View Product</a></div><div class="product"><a href="https://www.amazon.com/dp/B09GLY1S79?tag=eloabder-20&linkCode=osi&th=1&psc=1"><img src="https://m.media-amazon.com/images/I/511vKreiG-L._SL500_.jpg" alt="Product Image"></a><p>Funight KN95 Face Masks 50 Pack 5-Ply Breathable Filter Disposable Face Masks Black</p><p> -50% 0FF </p><p>$19.99 ($0.40 / Count)</p><a href="https://www.amazon.com/dp/B09GLY1S79?tag=eloabder-20&linkCode=osi&th=1&psc=1">View Product</a></div>
<div class="product"><a href="https://www.amazon.com/dp/B07MNZ7C1M?tag=eloabder-20&linkCode=osi&th=1&psc=1"><img src="https://m.media-amazon.com/images/I/41qn5bUxuzL._SL500_.jpg" alt="Product Image"></a><p>ProCase Noise Reduction Ear Muffs, SNR 34dB Noise Cancelling Headphones for Adults Kids Autism, Adjustable Sound Proof Ear Protection for Shooting Mowing Construction -Red</p><p> -21% 0FF </p><p>$14.99</p><a href="https://www.amazon.com/dp/B07MNZ7C1M?tag=eloabder-20&linkCode=osi&th=1&psc=1">View Product</a></div><div class="product"><a href="https://www.amazon.com/dp/B0C5SMT3TX?tag=eloabder-20&linkCode=osi&th=1&psc=1"><img src="https://m.media-amazon.com/images/I/31TGEeMQNBL._SL500_.jpg" alt="Product Image"></a><p>ZOHAN 012 Hearing Protection Earmuffs for Noise Reduction - NRR 28dB Adjustable Safety Ear Muffs for Mowing, Autism, Sporting Events, Outdoor Work, Construction - Purple</p><p> -50% 0FF </p><p>$7.99</p><a href="https://www.amazon.com/dp/B0C5SMT3TX?tag=eloabder-20&linkCode=osi&th=1&psc=1">View Product</a></div><div class="product"><a href="https://www.amazon.com/dp/B01MXYJ2QP?tag=eloabder-20&linkCode=osi&th=1&psc=1"><img src="https://m.media-amazon.com/images/I/412QOjQpaKL._SL500_.jpg" alt="Product Image"></a><p>3M Pro-Grade Earmuff, Noise Reduction Rating (NRR) 30 dB, Lightweight & Adjustable Ear Muffs, Reduce Pressure Points For All-Day Comfort, Steel Wire Headband With Rubber Overmold Design (90565-4DC-PS)</p><p> -19% 0FF </p><p>$27.49</p><a href="https://www.amazon.com/dp/B01MXYJ2QP?tag=eloabder-20&linkCode=osi&th=1&psc=1">View Product</a></div><div class="product"><a href="https://www.amazon.com/dp/B01N7LMH5K?tag=eloabder-20&linkCode=osi&th=1&psc=1"><img src="https://m.media-amazon.com/images/I/516EUUjXKUL._SL500_.jpg" alt="Product Image"></a><p>10 Pair Corded Reusable Ear Plugs for Shooting Range Ear Protection for Gun Range - Hunting Ear Plugs for Construction Firearm Ear Protection Shooting Gun Hearing Protection Ear Plugs Corded</p><p> -13% 0FF </p><p>$6.95 ($0.70 / Count)</p><a href="https://www.amazon.com/dp/B01N7LMH5K?tag=eloabder-20&linkCode=osi&th=1&psc=1">View Product</a></div>
<div class="product"><a href="https://www.amazon.com/dp/B09G8FJNRT?tag=eloabder-20&linkCode=osi&th=1&psc=1"><img src="https://m.media-amazon.com/images/I/414WbTnlb1L._SL500_.jpg" alt="Product Image"></a><p>Aqulius 2 Pack Stylish Safety Glasses Goggles Anti Fog, Scratch Resistant, Safety Glasses for Women, Blue Light, Glasses for Nurses</p><p> -18% 0FF </p><p>$13.99</p><a href="https://www.amazon.com/dp/B09G8FJNRT?tag=eloabder-20&linkCode=osi&th=1&psc=1">View Product</a></div><div class="product"><a href="https://www.amazon.com/dp/B0833VW43J?tag=eloabder-20&linkCode=osi&th=1&psc=1"><img src="https://m.media-amazon.com/images/I/41iY6mE3j6L._SL500_.jpg" alt="Product Image"></a><p>amoolo Clear Safety Glasses Bulk of 24, Protective Eyewear for Men Women, ANSI Z87.1 Impact Resistant Eye Protection for Work, Lab, Construction</p><p> -18% 0FF </p><p>$24.69 ($1.03 / Count)</p><a href="https://www.amazon.com/dp/B0833VW43J?tag=eloabder-20&linkCode=osi&th=1&psc=1">View Product</a></div><div class="product"><a href="https://www.amazon.com/dp/B07YLVH342?tag=eloabder-20&linkCode=osi&th=1&psc=1"><img src="https://m.media-amazon.com/images/I/41bR3jQbKXL._SL500_.jpg" alt="Product Image"></a><p>SolidWork Safety Glasses Clear Lens with Side Shields, Anti Fog, Anti Scratch, Anti-Glare, Protective Eyewear for Men & Women</p><p> -11% 0FF </p><p>$9.99</p><a href="https://www.amazon.com/dp/B07YLVH342?tag=eloabder-20&linkCode=osi&th=1&psc=1">View Product</a></div>

<div class="product"><a href="https://www.amazon.com/dp/B078JGY2MJ?tag=eloabder-20&linkCode=osi&th=1&psc=1"><img src="https://m.media-amazon.com/images/I/41V4pUwXteL._SL500_.jpg" alt="Product Image"></a><p>Cherokee Scrubs for Men Workwear Professionals V-Neck Four-Pocket Scrub Top WW695, L, Navy</p><p> -23% 0FF </p><p>$24.99</p><a href="https://www.amazon.com/dp/B078JGY2MJ?tag=eloabder-20&linkCode=osi&th=1&psc=1">View Product</a></div><div class="product"><a href="https://www.amazon.com/dp/B0721NWRKT?tag=eloabder-20&linkCode=osi&th=1&psc=1"><img src="https://m.media-amazon.com/images/I/41Qw3a-DoWL._SL500_.jpg" alt="Product Image"></a><p>Cherokee Women's V-Neck Top, Navy, X-Large</p><p> -15% 0FF </p><p>$23.99</p><a href="https://www.amazon.com/dp/B0721NWRKT?tag=eloabder-20&linkCode=osi&th=1&psc=1">View Product</a></div><div class="product"><a href="https://www.amazon.com/dp/B012H3JOOK?tag=eloabder-20&linkCode=osi&th=1&psc=1"><img src="https://m.media-amazon.com/images/I/41GrV-dIDYL._SL500_.jpg" alt="Product Image"></a><p>Workwear Women Underscrubs Long Sleeve Knit Tee 4881, L, Caribbean Blue</p><p> -19% 0FF </p><p>$10.47</p><a href="https://www.amazon.com/dp/B012H3JOOK?tag=eloabder-20&linkCode=osi&th=1&psc=1">View Product</a></div>
<div class="product"><a href="https://www.amazon.com/dp/B010QWNDX2?tag=eloabder-20&linkCode=osi&th=1&psc=1"><img src="https://m.media-amazon.com/images/I/31V3r0a9C1L._SL500_.jpg" alt="Product Image"></a><p>Just Love Women's Scrub Sets Six Pocket Medical Scrubs (V-Neck With Cargo Pant), Navy, Medium</p><p> -16% 0FF </p><p>$19.99</p><a href="https://www.amazon.com/dp/B010QWNDX2?tag=eloabder-20&linkCode=osi&th=1&psc=1">View Product</a></div><div class="product"><a href="https://www.amazon.com/dp/B0985Y2RB4?tag=eloabder-20&linkCode=osi&th=1&psc=1"><img src="https://m.media-amazon.com/images/I/3176BjqvasS._SL500_.jpg" alt="Product Image"></a><p>Natural Uniforms Women's Cool Stretch V-Neck Top and Cargo Pant Set (True Navy Blue, Large)</p><p> -17% 0FF </p><p>$24.99</p><a href="https://www.amazon.com/dp/B0985Y2RB4?tag=eloabder-20&linkCode=osi&th=1&psc=1">View Product</a></div><div class="product"><a href="https://www.amazon.com/dp/B0CBNDXYJT?tag=eloabder-20&linkCode=osi&th=1&psc=1"><img src="https://m.media-amazon.com/images/I/31DhOD5-BwL._SL500_.jpg" alt="Product Image"></a><p>MONARCH UNIFORMS Stretchy Scrubs Women's Jogger Scrub Set In Regular and Petite Jogger Scrubs with Tuck-In Top for Women(Navy-L)</p><p> -6% 0FF </p><p>$46.95</p><a href="https://www.amazon.com/dp/B0CBNDXYJT?tag=eloabder-20&linkCode=osi&th=1&psc=1">View Product</a></div><div class="product"><a href="https://www.amazon.com/dp/B0D1TL84LR?tag=eloabder-20&linkCode=osi&th=1&psc=1"><img src="https://m.media-amazon.com/images/I/51iGPF-PnRL._SL500_.jpg" alt="Product Image"></a><p>Electric Warming Trays for Food and Hot Plates, Large and Uniform Surface Heating, Foldable, Durable, 3 Temperature Levels, Can Be On for 12 Hours, Silicone Food Warmer for Gatherings (Beige)</p><p> -8% 0FF </p><p>$36.99</p><a href="https://www.amazon.com/dp/B0D1TL84LR?tag=eloabder-20&linkCode=osi&th=1&psc=1">View Product</a></div><div class="product"><a href="https://www.amazon.com/dp/B09MM2LG84?tag=eloabder-20&linkCode=osi&th=1&psc=1"><img src="https://m.media-amazon.com/images/I/31B25JsiYTL._SL500_.jpg" alt="Product Image"></a><p>Scrubs Set for Women Joggers V-Neck Pocket Top Uniforms (Pink, L)</p><p> -10% 0FF </p><p>$25.99</p><a href="https://www.amazon.com/dp/B09MM2LG84?tag=eloabder-20&linkCode=osi&th=1&psc=1">View Product</a></div>
<div class="product"><a href="https://www.amazon.com/dp/B07K8M42Q5?tag=eloabder-20&linkCode=osi&th=1&psc=1"><img src="https://m.media-amazon.com/images/I/41UMPYXm6lS._SL500_.jpg" alt="Product Image"></a><p>Insulated Thermal Bib Overalls, High Visibility, Weather-Resistant, Large, Ergodyne GloWear 8928,Lime</p><p> -33% 0FF </p><p>$74.69</p><a href="https://www.amazon.com/dp/B07K8M42Q5?tag=eloabder-20&linkCode=osi&th=1&psc=1">View Product</a></div><div class="product"><a href="https://www.amazon.com/dp/B07SB2Z38J?tag=eloabder-20&linkCode=osi&th=1&psc=1"><img src="https://m.media-amazon.com/images/I/31gv4F1tgnL._SL500_.jpg" alt="Product Image"></a><p>Pioneer Hi Vis Ripstop Waterproof Bib Pants/Overalls for Men - Reflective Safety Work Rain Pants - High Visibility Yellow</p><p> -11% 0FF </p><p>$51.72</p><a href="https://www.amazon.com/dp/B07SB2Z38J?tag=eloabder-20&linkCode=osi&th=1&psc=1">View Product</a></div>
<div class="product"><a href="https://www.amazon.com/dp/B000BQRGFU?tag=eloabder-20&linkCode=osi&th=1&psc=1"><img src="https://m.media-amazon.com/images/I/51gnFiaxIAS._SL500_.jpg" alt="Product Image"></a><p>Trimaco SuperTuff Polypropylene Coverall, Medium</p><p> -51% 0FF </p><p>$4.90</p><a href="https://www.amazon.com/dp/B000BQRGFU?tag=eloabder-20&linkCode=osi&th=1&psc=1">View Product</a></div><div class="product"><a href="https://www.amazon.com/dp/B01JOWAOEG?tag=eloabder-20&linkCode=osi&th=1&psc=1"><img src="https://m.media-amazon.com/images/I/31jcH7zLurL._SL500_.jpg" alt="Product Image"></a><p>DuPont unisex-adult TY122S-XL-EACH Disposable Elastic Wrist, Bootie and Hood Tyvek Coverall Suit 1414, X-Large, White</p><p> -16% 0FF </p><p>$9.77</p><a href="https://www.amazon.com/dp/B01JOWAOEG?tag=eloabder-20&linkCode=osi&th=1&psc=1">View Product</a></div>
<div class="product"><a href="https://www.amazon.com/dp/B07D8G82G8?tag=eloabder-20&linkCode=osi&th=1&psc=1"><img src="https://m.media-amazon.com/images/I/317xFAdHZWL._SL500_.jpg" alt="Product Image"></a><p>VOGRYE Professional Lab Coat for Men Women Long Sleeve, White, Unisex</p><p> -12% 0FF </p><p>$14.99</p><a href="https://www.amazon.com/dp/B07D8G82G8?tag=eloabder-20&linkCode=osi&th=1&psc=1">View Product</a></div><div class="product"><a href="https://www.amazon.com/dp/B07HBL83B4?tag=eloabder-20&linkCode=osi&th=1&psc=1"><img src="https://m.media-amazon.com/images/I/31TG2roZU-L._SL500_.jpg" alt="Product Image"></a><p>VOGRYE Professional Lab Coat for Women Men Long Sleeve, White, Unisex (Small, White)</p><p> -32% 0FF </p><p>$16.99</p><a href="https://www.amazon.com/dp/B07HBL83B4?tag=eloabder-20&linkCode=osi&th=1&psc=1">View Product</a></div><div class="product"><a href="https://www.amazon.com/dp/B08VDZ6KCT?tag=eloabder-20&linkCode=osi&th=1&psc=1"><img src="https://m.media-amazon.com/images/I/31ERfg1k-nL._SL500_.jpg" alt="Product Image"></a><p>NY Threads Professional Lab Coat for Men Long Sleeve Poly Cotton Medical Coat 1 Pack, Medium, White</p><p> -11% 0FF </p><p>$16.99</p><a href="https://www.amazon.com/dp/B08VDZ6KCT?tag=eloabder-20&linkCode=osi&th=1&psc=1">View Product</a></div><div class="product"><a href="https://www.amazon.com/dp/B097NS2MHG?tag=eloabder-20&linkCode=osi&th=1&psc=1"><img src="https://m.media-amazon.com/images/I/31jtnrdiCcL._SL500_.jpg" alt="Product Image"></a><p>NY Threads Professional Lab Coat for Women, Long Sleeve Poly Cotton Medical Coat 1 Pack, Medium, White</p><p> -10% 0FF </p><p>$17.99</p><a href="https://www.amazon.com/dp/B097NS2MHG?tag=eloabder-20&linkCode=osi&th=1&psc=1">View Product</a></div>
<div class="product"><a href="https://www.amazon.com/dp/B08LSQFJCL?tag=eloabder-20&linkCode=osi&th=1&psc=1"><img src="https://m.media-amazon.com/images/I/410PoD7Tw+L._SL500_.jpg" alt="Product Image"></a><p>Walking Boot Fracture Boot for Broken Foot, Sprained Ankle-Medium</p><p> -25% 0FF </p><p>$39.85</p><a href="https://www.amazon.com/dp/B08LSQFJCL?tag=eloabder-20&linkCode=osi&th=1&psc=1">View Product</a></div><div class="product"><a href="https://www.amazon.com/dp/B09YPT42D5?tag=eloabder-20&linkCode=osi&th=1&psc=1"><img src="https://m.media-amazon.com/images/I/418-GYTrMOL._SL500_.jpg" alt="Product Image"></a><p>Jewlri Air Walking Boot Fracture Boot Short Walker Protective Boot Fits Left or Right Foot Ankle for Injuries Fractures Sprains Black M</p><p> -13% 0FF </p><p>$39.15</p><a href="https://www.amazon.com/dp/B09YPT42D5?tag=eloabder-20&linkCode=osi&th=1&psc=1">View Product</a></div><div class="product"><a href="https://www.amazon.com/dp/B019T9EHME?tag=eloabder-20&linkCode=osi&th=1&psc=1"><img src="https://m.media-amazon.com/images/I/41vMjfPsvUL._SL500_.jpg" alt="Product Image"></a><p>WOLVERINE Men's Floorhand Waterproof Steeltoe 6" Work Boot, Dark Brown, 9M</p><p> -23% 0FF </p><p>$92.90</p><a href="https://www.amazon.com/dp/B019T9EHME?tag=eloabder-20&linkCode=osi&th=1&psc=1">View Product</a></div>
<div class="product"><a href="https://www.amazon.com/dp/B073WH3WDR?tag=eloabder-20&linkCode=osi&th=1&psc=1"><img src="https://m.media-amazon.com/images/I/31s4J9BNC5L._SL500_.jpg" alt="Product Image"></a><p>Skechers Women's Squad SR Shoe, Black, 8.5</p><p> -63% 0FF </p><p>$25.00</p><a href="https://www.amazon.com/dp/B073WH3WDR?tag=eloabder-20&linkCode=osi&th=1&psc=1">View Product</a></div><div class="product"><a href="https://www.amazon.com/dp/B0C73MZF8M?tag=eloabder-20&linkCode=osi&th=1&psc=1"><img src="https://m.media-amazon.com/images/I/41yuAR+ADmL._SL500_.jpg" alt="Product Image"></a><p>LARNMERN Men Shoes Non Slip Work Sneakers Plantar Fasciitis Food Service Zapatos Trabajo Antideslizantes Orthopedic Walking Shoes Water Resistant Slip-on, Black 10.5</p><p> -15% 0FF </p><p>$42.42</p><a href="https://www.amazon.com/dp/B0C73MZF8M?tag=eloabder-20&linkCode=osi&th=1&psc=1">View Product</a></div><div class="product"><a href="https://www.amazon.com/dp/B0CJ8ZXF49?tag=eloabder-20&linkCode=osi&th=1&psc=1"><img src="https://m.media-amazon.com/images/I/41FQGDRzYhL._SL500_.jpg" alt="Product Image"></a><p>Bruno Marc Men's Non Slip Shoes, Lightweight Mens Work Shoes & Restaurant or Food Service Sneakers,Size 12,Black,SBWO2302M</p><p> -18% 0FF </p><p>$40.99</p><a href="https://www.amazon.com/dp/B0CJ8ZXF49?tag=eloabder-20&linkCode=osi&th=1&psc=1">View Product</a></div><div class="product"><a href="https://www.amazon.com/dp/B08XK8NZ82?tag=eloabder-20&linkCode=osi&th=1&psc=1"><img src="https://m.media-amazon.com/images/I/41VlYm6BhQL._SL500_.jpg" alt="Product Image"></a><p>Shoes for Crews Everlight Mens Non Slip Work Shoes - Men's Work & Safety Footwear, Lace-Up Breathable Work Shoes for Men, Zapato de Trabajo para Hombre, Size 10 Black</p><p> -14% 0FF </p><p>$59.98</p><a href="https://www.amazon.com/dp/B08XK8NZ82?tag=eloabder-20&linkCode=osi&th=1&psc=1">View Product</a></div><div class="product"><a href="https://www.amazon.com/dp/B01N2ZIDHO?tag=eloabder-20&linkCode=osi&th=1&psc=1"><img src="https://m.media-amazon.com/images/I/41TB3tRdI3L._SL500_.jpg" alt="Product Image"></a><p>Skechers Men's Flex Advantage Bendon Work Shoe, Black, 9.5 Wide</p><p> -25% 0FF </p><p>$63.73</p><a href="https://www.amazon.com/dp/B01N2ZIDHO?tag=eloabder-20&linkCode=osi&th=1&psc=1">View Product</a></div><div class="product"><a href="https://www.amazon.com/dp/B0D95RCCV4?tag=eloabder-20&linkCode=osi&th=1&psc=1"><img src="https://m.media-amazon.com/images/I/414THsyORKL._SL500_.jpg" alt="Product Image"></a><p>Bruno Marc Men's Hands Free Non Slip Work Shoes, Water Resistance Restaurant Slip on Food Service Sneakers,Size 11,Black,SNIC2410M</p><p> -15% 0FF </p><p>$33.14</p><a href="https://www.amazon.com/dp/B0D95RCCV4?tag=eloabder-20&linkCode=osi&th=1&psc=1">View Product</a></div><div class="product"><a href="https://www.amazon.com/dp/B08XLPHX2K?tag=eloabder-20&linkCode=osi&th=1&psc=1"><img src="https://m.media-amazon.com/images/I/41hIoqZEa+L._SL500_.jpg" alt="Product Image"></a><p>Shoes for Crews Everlight, Women's Slip Resistant Work Shoes, Water Resistant, Black, Size 9</p><p> -14% 0FF </p><p>$59.98</p><a href="https://www.amazon.com/dp/B08XLPHX2K?tag=eloabder-20&linkCode=osi&th=1&psc=1">View Product</a></div>

<div class="product"><a href="https://www.amazon.com/dp/B0CP3Q6CCG?tag=eloabder-20&linkCode=osi&th=1&psc=1"><img src="https://m.media-amazon.com/images/I/41sFYNo44HL._SL500_.jpg" alt="Product Image"></a><p>SAFETOE Welding Boots for Men Composite Toe Safety Boots Fire Resistant Welding Boot 300‚ÑÉHeat Resistant Welder Working Boots</p><p> -20% 0FF </p><p>$71.99</p><a href="https://www.amazon.com/dp/B0CP3Q6CCG?tag=eloabder-20&linkCode=osi&th=1&psc=1">View Product</a></div><div class="product"><a href="https://www.amazon.com/dp/B08L6HJJ7C?tag=eloabder-20&linkCode=osi&th=1&psc=1"><img src="https://m.media-amazon.com/images/I/41RzvjdVq0S._SL500_.jpg" alt="Product Image"></a><p>TOSAFZXY Work Safety Boots for Men Durable Crazy-Horse Leather Indestructible Steel Toe Waterproof and Non-Slip Better Warmth Men Work Shoes Black 13</p><p> -21% 0FF </p><p>$76.99</p><a href="https://www.amazon.com/dp/B08L6HJJ7C?tag=eloabder-20&linkCode=osi&th=1&psc=1">View Product</a></div><div class="product"><a href="https://www.amazon.com/dp/B01E7T2S7M?tag=eloabder-20&linkCode=osi&th=1&psc=1"><img src="https://m.media-amazon.com/images/I/41h2ZazEbDL._SL500_.jpg" alt="Product Image"></a><p>Timberland PRO Men's Powertrain Sport Alloy Safety Toe Industrial Athletic Work Shoe AL, Black/Grey, 11</p><p> -15% 0FF </p><p>$93.45</p><a href="https://www.amazon.com/dp/B01E7T2S7M?tag=eloabder-20&linkCode=osi&th=1&psc=1">View Product</a></div>

<div class="product"><a href="https://www.amazon.com/dp/B08G5DNWPH?tag=eloabder-20&linkCode=osi&th=1&psc=1"><img src="https://m.media-amazon.com/images/I/51z+-4Ne7OS._SL500_.jpg" alt="Product Image"></a><p>Palmer Safety Safety Harness w/Detachable 6 ft Lanyard I Single Leg Lanyard w/Internal Shock Absorbing & Snap Hook I OSHA/ANSI Fall Arrest Kit</p><p> -19% 0FF </p><p>$41.80</p><a href="https://www.amazon.com/dp/B08G5DNWPH?tag=eloabder-20&linkCode=osi&th=1&psc=1">View Product</a></div>
<div class="product"><a href="https://www.amazon.com/dp/B07MPC2DL1?tag=eloabder-20&linkCode=osi&th=1&psc=1"><img src="https://m.media-amazon.com/images/I/414lPL-+oSL._SL500_.jpg" alt="Product Image"></a><p>SHINKODA Black Glasses Strap, Sports Sunglasses & Eyeglasses Holder Straps for Men Women, String Holder, Neck Lanyard Cord, Adjustable Rope Eyewear Keeper Strap, Pack of 6</p><p> -30% 0FF </p><p>$6.99</p><a href="https://www.amazon.com/dp/B07MPC2DL1?tag=eloabder-20&linkCode=osi&th=1&psc=1">View Product</a></div>

<div class="product"><a href="https://www.amazon.com/dp/B07N42HH5R?tag=eloabder-20&linkCode=osi&th=1&psc=1"><img src="https://m.media-amazon.com/images/I/41ckLVLEd2L._SL500_.jpg" alt="Product Image"></a><p>X MONSTER HMPE Synthetic Winch Rope 3/8" x 90' Off Road for UTV/ATV Winch Line Cable Rope with Black Protecting Sleeve 18,000 lbs, Orange</p><p> -50% 0FF </p><p>$39.99 ($0.44 / Foot)</p><a href="https://www.amazon.com/dp/B07N42HH5R?tag=eloabder-20&linkCode=osi&th=1&psc=1">View Product</a></div><div class="product"><a href="https://www.amazon.com/dp/B08GC5NMY2?tag=eloabder-20&linkCode=osi&th=1&psc=1"><img src="https://m.media-amazon.com/images/I/41DLu2HOubL._SL500_.jpg" alt="Product Image"></a><p>AuInn Pack of 2 Velvet Stanchion Ropes, 4.9 Feet Stanchion Queue Barrier Rope Velvet Rope, Crowd Control Rope Barrier, with Mirror Polished Hooks (Red)</p><p> -50% 0FF </p><p>$8.24</p><a href="https://www.amazon.com/dp/B08GC5NMY2?tag=eloabder-20&linkCode=osi&th=1&psc=1">View Product</a></div><div class="product"><a href="https://www.amazon.com/dp/B004XAD2IU?tag=eloabder-20&linkCode=osi&th=1&psc=1"><img src="https://m.media-amazon.com/images/I/41OMk7JUdRL._SL500_.jpg" alt="Product Image"></a><p>SeaSense Rope Cutting Gun for Fishing, Boating & Camping ‚Äì 4‚Äô Cord, 1.5 Lbs, 120 V, 100 W & 1.5 A ‚Äì Lightweight Electric Cutter Tool for Synthetic Rope or Line</p><p> -17% 0FF </p><p>$34.49</p><a href="https://www.amazon.com/dp/B004XAD2IU?tag=eloabder-20&linkCode=osi&th=1&psc=1">View Product</a></div><div class="product"><a href="https://www.amazon.com/dp/B000KA4NZI?tag=eloabder-20&linkCode=osi&th=1&psc=1"><img src="https://m.media-amazon.com/images/I/41dG6S68MnL._SL500_.jpg" alt="Product Image"></a><p>Champion Sports DD Series Double Dutch Licorice Jump Ropes - Pink, 16-Feet (Set)</p><p> -37% 0FF </p><p>$10.10</p><a href="https://www.amazon.com/dp/B000KA4NZI?tag=eloabder-20&linkCode=osi&th=1&psc=1">View Product</a></div><div class="product"><a href="https://www.amazon.com/dp/B0BMVK163Z?tag=eloabder-20&linkCode=osi&th=1&psc=1"><img src="https://m.media-amazon.com/images/I/41lSc76CkEL._SL500_.jpg" alt="Product Image"></a><p>FVIEXE 6 Pack Red Velvet Stanchion Rope, 5 Feet Crowd Control Velvet Ropes with Gold Clasps, Foam Core Red Rope Queue Safety Sarriers Stanchion Post Rope for Party Event and Red Carpet</p><p> -6% 0FF </p><p>$32.99</p><a href="https://www.amazon.com/dp/B0BMVK163Z?tag=eloabder-20&linkCode=osi&th=1&psc=1">View Product</a></div>


<div class="product"><a href="https://www.amazon.com/dp/B06X9CYNJF?tag=eloabder-20&linkCode=osi&th=1&psc=1"><img src="https://m.media-amazon.com/images/I/51ZZNuuD3RL._SL500_.jpg" alt="Product Image"></a><p>VIVOHOME Motorcycle Lift Scissor Jack Steel Wide Deck Hoist Crank Center Stand 1100 LBS Capacity for Motorcycles, ATVs, Dirt Bikes Red</p><p> -20% 0FF </p><p>$79.99</p><a href="https://www.amazon.com/dp/B06X9CYNJF?tag=eloabder-20&linkCode=osi&th=1&psc=1">View Product</a></div><div class="product"><a href="https://www.amazon.com/dp/B0B19LHQG9?tag=eloabder-20&linkCode=osi&th=1&psc=1"><img src="https://m.media-amazon.com/images/I/41KGf+arU0L._SL500_.jpg" alt="Product Image"></a><p>EnryKuo Labor Saving Arm Jack 2 Pack,15.5 Inch Multifunctional Furniture Lifter Jacks for Installing Cabinets and Wall Tile Height Adjuster Handheld Tool</p><p> -42% 0FF </p><p>$28.99</p><a href="https://www.amazon.com/dp/B0B19LHQG9?tag=eloabder-20&linkCode=osi&th=1&psc=1">View Product</a></div><div class="product"><a href="https://www.amazon.com/dp/B002671WFC?tag=eloabder-20&linkCode=osi&th=1&psc=1"><img src="https://m.media-amazon.com/images/I/41SUknvQFBL._SL500_.jpg" alt="Product Image"></a><p>Lumex Stand Assist Patient Lift - Safely Sit, Stand, Transfer & Transport - LF1600</p><p> -11% 0FF </p><p>$648.29</p><a href="https://www.amazon.com/dp/B002671WFC?tag=eloabder-20&linkCode=osi&th=1&psc=1">View Product</a></div><div class="product"><a href="https://www.amazon.com/dp/B00022749Q?tag=eloabder-20&linkCode=osi&th=1&psc=1"><img src="https://m.media-amazon.com/images/I/41yCiXKQqmL._SL500_.jpg" alt="Product Image"></a><p>Shoulder Dolly Moving Straps - Lifting Strap for 2 Movers - Move, Lift, Carry, And Secure Furniture, Appliances, Heavy, Bulky Objects Safely, Efficiently, More Easily Like The Pros - LD1000</p><p> -11% 0FF </p><p>$39.99</p><a href="https://www.amazon.com/dp/B00022749Q?tag=eloabder-20&linkCode=osi&th=1&psc=1">View Product</a></div>
<div class="product"><a href="https://www.amazon.com/dp/B01MT1C80C?tag=eloabder-20&linkCode=osi&th=1&psc=1"><img src="https://m.media-amazon.com/images/I/41lL1b8gXCL._SL500_.jpg" alt="Product Image"></a><p>Happybuy Belt Conveyor 59 x 7.8 inch Conveyor Table Heavy Duty Stainless Steel Motorized Belt Conveyor for Inkjet Coding Applications Powered Rubber PVC Belt Anti Static (One Guardrail)</p><p> -30% 0FF </p><p>$249.99</p><a href="https://www.amazon.com/dp/B01MT1C80C?tag=eloabder-20&linkCode=osi&th=1&psc=1">View Product</a></div><div class="product"><a href="https://www.amazon.com/dp/B0C1PBQT7R?tag=eloabder-20&linkCode=osi&th=1&psc=1"><img src="https://m.media-amazon.com/images/I/41qlOkZESjL._SL500_.jpg" alt="Product Image"></a><p>Winco ECT-300 Commercial Conveyor Toaster, 300 Slices/Hour</p><p> -6% 0FF </p><p>$387.41</p><a href="https://www.amazon.com/dp/B0C1PBQT7R?tag=eloabder-20&linkCode=osi&th=1&psc=1">View Product</a></div>

<div class="product"><a href="https://www.amazon.com/dp/B0000AXNO5?tag=eloabder-20&linkCode=osi&th=1&psc=1"><img src="https://m.media-amazon.com/images/I/411lu8hpsTL._SL500_.jpg" alt="Product Image"></a><p>SIMPLE GREEN ndustrial Cleaner and Degreaser, 1 US GALLON</p><p> -49% 0FF </p><p>$12.79 ($0.10 / Fl Oz)</p><a href="https://www.amazon.com/dp/B0000AXNO5?tag=eloabder-20&linkCode=osi&th=1&psc=1">View Product</a></div><div class="product"><a href="https://www.amazon.com/dp/B0B6HNYPD1?tag=eloabder-20&linkCode=osi&th=1&psc=1"><img src="https://m.media-amazon.com/images/I/51EInWKBX1L._SL500_.jpg" alt="Product Image"></a><p>String Mop for Floor Cleaning - Heavy Duty Industrial Commercial Mop with Extra Replacement Mop Head , 59inch Mop Handle, Wet Mop for Home,Garage,Office, Workshop, Warehouse Floor Cleaning</p><p> -22% 0FF </p><p>$28.98</p><a href="https://www.amazon.com/dp/B0B6HNYPD1?tag=eloabder-20&linkCode=osi&th=1&psc=1">View Product</a></div><div class="product"><a href="https://www.amazon.com/dp/B09V5FV7H8?tag=eloabder-20&linkCode=osi&th=1&psc=1"><img src="https://m.media-amazon.com/images/I/41GFVuDbcUL._SL500_.jpg" alt="Product Image"></a><p>VELCRO Brand Industrial Strength Fasteners | Extreme Outdoor Weather Conditions | Heavy Duty Strength Holds up to 15 lbs | 4 x 2 inch Strips, 3 Sets, Black (VEL-30758-USA)</p><p> -30% 0FF </p><p>$5.27</p><a href="https://www.amazon.com/dp/B09V5FV7H8?tag=eloabder-20&linkCode=osi&th=1&psc=1">View Product</a></div><div class="product"><a href="https://www.amazon.com/dp/B00006RSP1?tag=eloabder-20&linkCode=osi&th=1&psc=1"><img src="https://m.media-amazon.com/images/I/41oE--c0W-L._SL500_.jpg" alt="Product Image"></a><p>VELCRO Brand Heavy Duty Tape with Adhesive | 15 Ft x 2 In | Holds 10 lbs, Black | Industrial Strength Roll, Cut Strips to Length | Strong Hold for Indoor or Outdoor Use, 15ft x 2in</p><p> -50% 0FF </p><p>$20.24</p><a href="https://www.amazon.com/dp/B00006RSP1?tag=eloabder-20&linkCode=osi&th=1&psc=1">View Product</a></div><div class="product"><a href="https://www.amazon.com/dp/B0BDLFSZR4?tag=eloabder-20&linkCode=osi&th=1&psc=1"><img src="https://m.media-amazon.com/images/I/41tLbo5s0BL._SL500_.jpg" alt="Product Image"></a><p>KeFanta Commercial Mop Heavy Duty Industrial Mop with Long Handle,60" Looped-End String Wet Cotton Mops for Floor Cleaning,Home,Kitchen,Office,Garage and Concrete/Tile Floor</p><p> -5% 0FF </p><p>$19.97</p><a href="https://www.amazon.com/dp/B0BDLFSZR4?tag=eloabder-20&linkCode=osi&th=1&psc=1">View Product</a></div>
<div class="product"><a href="https://www.amazon.com/dp/B0CTJ4Y52T?tag=eloabder-20&linkCode=osi&th=1&psc=1"><img src="https://m.media-amazon.com/images/I/410DrBVMpwL._SL500_.jpg" alt="Product Image"></a><p>Ernst Manufacturing Wrench Pro Wrench Storage for 20 Wrenches - Hi-Viz</p><p> -5% 0FF </p><p>$16.10</p><a href="https://www.amazon.com/dp/B0CTJ4Y52T?tag=eloabder-20&linkCode=osi&th=1&psc=1">View Product</a></div><div class="product"><a href="https://www.amazon.com/dp/B011BDWS5Y?tag=eloabder-20&linkCode=osi&th=1&psc=1"><img src="https://m.media-amazon.com/images/I/31vzNsRYhkL._SL500_.jpg" alt="Product Image"></a><p>Tower Manufacturing 30434009 Auto-Reset 15 AMP Right Angle GFCI Plug, Black</p><p> -6% 0FF </p><p>$16.96</p><a href="https://www.amazon.com/dp/B011BDWS5Y?tag=eloabder-20&linkCode=osi&th=1&psc=1">View Product</a></div><div class="product"><a href="https://www.amazon.com/dp/B0CTJ78V81?tag=eloabder-20&linkCode=osi&th=1&psc=1"><img src="https://m.media-amazon.com/images/I/41NufwoDLiL._SL500_.jpg" alt="Product Image"></a><p>Ernst Manufacturing Wrench Pro - Modular Wrench Organizer for 40 Tools with Magnetic Base (Hi-Viz) - Made in the USA</p><p> -5% 0FF </p><p>$37.95</p><a href="https://www.amazon.com/dp/B0CTJ78V81?tag=eloabder-20&linkCode=osi&th=1&psc=1">View Product</a></div><div class="product"><a href="https://www.amazon.com/dp/B075XZPMHX?tag=eloabder-20&linkCode=osi&th=1&psc=1"><img src="https://m.media-amazon.com/images/I/41YihmHjGFL._SL500_.jpg" alt="Product Image"></a><p>PURELL Brand CLEAN RELEASE Technology (CRT) HEALTHY SOAP Naturally Clean Foam, Fragrance Free, 1200 mL Refill for PURELL ES6 Automatic Soap Dispenser (Pack of 2) - 6470-02-Manufactured by GOJO, Inc.</p><p> -14% 0FF </p><p>$51.86 ($1.28 / Fl Oz)</p><a href="https://www.amazon.com/dp/B075XZPMHX?tag=eloabder-20&linkCode=osi&th=1&psc=1">View Product</a></div><div class="product"><a href="https://www.amazon.com/dp/B012IMWAXW?tag=eloabder-20&linkCode=osi&th=1&psc=1"><img src="https://m.media-amazon.com/images/I/41jdAol8VML._SL500_.jpg" alt="Product Image"></a><p>Schaeffer Manufacturing Co. 0191-012S Micron Moly Racing Engine Oil 20W-50, 1-Quart Bottle</p><p> -8% 0FF </p><p>$10.48</p><a href="https://www.amazon.com/dp/B012IMWAXW?tag=eloabder-20&linkCode=osi&th=1&psc=1">View Product</a></div><div class="product"><a href="https://www.amazon.com/dp/B09F8CM69J?tag=eloabder-20&linkCode=osi&th=1&psc=1"><img src="https://m.media-amazon.com/images/I/41Ok3l4S+nL._SL500_.jpg" alt="Product Image"></a><p>Boka Fluoride Free Toothpaste- Nano Hydroxyapatite, Remineralizing, Sensitive Teeth, Whitening - Dentist Recommended for Adult, Kids Oral Care- Lemon Lavender Flavor, 4 Fl Oz 1Pk US Manufactured</p><p> -19% 0FF </p><p>$12.99 ($3.25 / Ounce)</p><a href="https://www.amazon.com/dp/B09F8CM69J?tag=eloabder-20&linkCode=osi&th=1&psc=1">View Product</a></div><div class="product"><a href="https://www.amazon.com/dp/B0060BFYHM?tag=eloabder-20&linkCode=osi&th=1&psc=1"><img src="https://m.media-amazon.com/images/I/41oFKMzBXIL._SL500_.jpg" alt="Product Image"></a><p>Ernst Manufacturing 3/8-Inch Dura-Pro Twist Lock Socket Clips, 15-Pack, Black - 8441</p><p> -25% 0FF </p><p>$7.99</p><a href="https://www.amazon.com/dp/B0060BFYHM?tag=eloabder-20&linkCode=osi&th=1&psc=1">View Product</a></div>
<div class="product"><a href="https://www.amazon.com/dp/B0094KPK70?tag=eloabder-20&linkCode=osi&th=1&psc=1"><img src="https://m.media-amazon.com/images/I/31gFDiqADHL._SL500_.jpg" alt="Product Image"></a><p>Miss Jessie's Pillow Soft Curls Unisex Lotion 8.5 oz</p><p> -11% 0FF </p><p>$21.97 ($2.58 / Fl Oz)</p><a href="https://www.amazon.com/dp/B0094KPK70?tag=eloabder-20&linkCode=osi&th=1&psc=1">View Product</a></div><div class="product"><a href="https://www.amazon.com/dp/B000052YCL?tag=eloabder-20&linkCode=osi&th=1&psc=1"><img src="https://m.media-amazon.com/images/I/41LCxmzicBL._SL500_.jpg" alt="Product Image"></a><p>biot√®ne Oral Rinse Mouthwash for Dry Mouth, Breath Freshener and Dry Mouth Treatment, Fresh Mint, 16 fl oz</p><p> -15% 0FF </p><p>$6.79 ($0.42 / Fl Oz)</p><a href="https://www.amazon.com/dp/B000052YCL?tag=eloabder-20&linkCode=osi&th=1&psc=1">View Product</a></div><div class="product"><a href="https://www.amazon.com/dp/B006ZUW070?tag=eloabder-20&linkCode=osi&th=1&psc=1"><img src="https://m.media-amazon.com/images/I/311iQ7u1zvS._SL500_.jpg" alt="Product Image"></a><p>Method Antibacterial Toilet Bowl Cleaner, Spearmint, Kills 99.9% of Household Germs, 24 Fl Oz</p><p> -58% 0FF </p><p>$4.39 ($0.18 / Fl Oz)</p><a href="https://www.amazon.com/dp/B006ZUW070?tag=eloabder-20&linkCode=osi&th=1&psc=1">View Product</a></div><div class="product"><a href="https://www.amazon.com/dp/B002KAOAZ4?tag=eloabder-20&linkCode=osi&th=1&psc=1"><img src="https://m.media-amazon.com/images/I/41MXc4FkUXL._SL500_.jpg" alt="Product Image"></a><p>biot√®ne Oral Rinse Mouthwash for Dry Mouth, Breath Freshener and Dry Mouth Treatment, Fresh Mint - 33.8 fl oz</p><p> -22% 0FF </p><p>$10.98 ($0.32 / Fl Oz)</p><a href="https://www.amazon.com/dp/B002KAOAZ4?tag=eloabder-20&linkCode=osi&th=1&psc=1">View Product</a></div><div class="product"><a href="https://www.amazon.com/dp/B002L13EK4?tag=eloabder-20&linkCode=osi&th=1&psc=1"><img src="https://m.media-amazon.com/images/I/41WL7dl9L-L._SL500_.jpg" alt="Product Image"></a><p>Core Products Soft Comfort CorPak, No Frost Hot and Cold Therapy Pack - 10" x 13", Made in The USA</p><p> -17% 0FF </p><p>$14.98 ($14.98 / Count)</p><a href="https://www.amazon.com/dp/B002L13EK4?tag=eloabder-20&linkCode=osi&th=1&psc=1">View Product</a></div>
<div class="product"><a href="https://www.amazon.com/dp/B0CRNSYY12?tag=eloabder-20&linkCode=osi&th=1&psc=1"><img src="https://m.media-amazon.com/images/I/41CCImE12+L._SL500_.jpg" alt="Product Image"></a><p>Pvilub UFO LED High Bay Light 200W 2 Pack, 5000K Dimmable High Bay LED Light Fixture with US Plug 5' Cable, 28000LM IP65 Waterproof High Bay Lights for Workshop Factory Barn Warehouse</p><p> -50% 0FF </p><p>$44.99 ($22.50 / Count)</p><a href="https://www.amazon.com/dp/B0CRNSYY12?tag=eloabder-20&linkCode=osi&th=1&psc=1">View Product</a></div><div class="product"><a href="https://www.amazon.com/dp/B0CXX9R85C?tag=eloabder-20&linkCode=osi&th=1&psc=1"><img src="https://m.media-amazon.com/images/I/415nSzRaRzL._SL500_.jpg" alt="Product Image"></a><p>Sud Factory Dissolve X2 Upgraded Paint Hard Water Spot & Stain Remover for Cars, Trucks, Boats, Motorcycle, RVs, Homes & More - 16oz</p><p> -5% 0FF </p><p>$31.32 ($1.96 / Fl Oz)</p><a href="https://www.amazon.com/dp/B0CXX9R85C?tag=eloabder-20&linkCode=osi&th=1&psc=1">View Product</a></div><div class="product"><a href="https://www.amazon.com/dp/B0CYQ6YG8V?tag=eloabder-20&linkCode=osi&th=1&psc=1"><img src="https://m.media-amazon.com/images/I/415R2W7EePL._SL500_.jpg" alt="Product Image"></a><p>4-Pack UFO LED High Bay Light 200W, High Bay LED Shop Lights 6500K 30000LM Daylight UL Listed with US Plug 5' Cable, Hanging Hook, LED UFO High Bay Lights for Warehouse Workshop Garage Factory Barn</p><p> -32% 0FF </p><p>$129.99</p><a href="https://www.amazon.com/dp/B0CYQ6YG8V?tag=eloabder-20&linkCode=osi&th=1&psc=1">View Product</a></div><div class="product"><a href="https://www.amazon.com/dp/B00T3Z6VG0?tag=eloabder-20&linkCode=osi&th=1&psc=1"><img src="https://m.media-amazon.com/images/I/41HMtL8drLL._SL500_.jpg" alt="Product Image"></a><p>Lifefactory 20-Ounce Indoor/Outdoor Protective Silicone Sleeve Beverage Glass, 4 Count (Pack of 1), Orange, Grass Green, Cobalt, Huckleberry</p><p> -20% 0FF </p><p>$39.99 ($10.00 / Count)</p><a href="https://www.amazon.com/dp/B00T3Z6VG0?tag=eloabder-20&linkCode=osi&th=1&psc=1">View Product</a></div><div class="product"><a href="https://www.amazon.com/dp/B0CYQ2W7YR?tag=eloabder-20&linkCode=osi&th=1&psc=1"><img src="https://m.media-amazon.com/images/I/41zMwlG6vaL._SL500_.jpg" alt="Product Image"></a><p>6 Packs UFO LED High Bay Light - 200W High Bay LED Shop Lights, 6500K 30000LM UFO Lights with US Plug 5ft Cable, Hanging Hook, Commercial Bay Lighting Daylight for Warehouse Factory Shop - UL Listed</p><p> -36% 0FF </p><p>$179.99 ($30.00 / Count)</p><a href="https://www.amazon.com/dp/B0CYQ2W7YR?tag=eloabder-20&linkCode=osi&th=1&psc=1">View Product</a></div><div class="product"><a href="https://www.amazon.com/dp/B08Y2J4C4C?tag=eloabder-20&linkCode=osi&th=1&psc=1"><img src="https://m.media-amazon.com/images/I/41T83Y3drrL._SL500_.jpg" alt="Product Image"></a><p>Factory Direct Partners 10368-BK 16" School Stack Chair, Stacking Student Seat with Chromed Steel Legs and Nylon Swivel Glides for in-Home Learning or Classroom - Black (6-Pack)</p><p> -21% 0FF </p><p>$240.05 ($40.01 / Count)</p><a href="https://www.amazon.com/dp/B08Y2J4C4C?tag=eloabder-20&linkCode=osi&th=1&psc=1">View Product</a></div><div class="product"><a href="https://www.amazon.com/dp/B0D6X64LWH?tag=eloabder-20&linkCode=osi&th=1&psc=1"><img src="https://m.media-amazon.com/images/I/41MQiiwVEsL._SL500_.jpg" alt="Product Image"></a><p>White Knight M12x1.25 Lug Nuts for Select Nissan and Infiniti, Factory Style Chrome Med Mag with Washer - 5306-20AM (20 Pack)</p><p> -16% 0FF </p><p>$20.88</p><a href="https://www.amazon.com/dp/B0D6X64LWH?tag=eloabder-20&linkCode=osi&th=1&psc=1">View Product</a></div>
<div class="product"><a href="https://www.amazon.com/dp/B0CKWZTJTL?tag=eloabder-20&linkCode=osi&th=1&psc=1"><img src="https://m.media-amazon.com/images/I/51x2qwWd-3L._SL500_.jpg" alt="Product Image"></a><p>VEVOR 4pcs Machinery Mover, 8T Machinery Skate Dolly, 17637lbs Machinery Moving Skate, Machinery Mover Skate w/ 360¬∞ Rotation Cap and 4 Rollers, Heavy Duty Industrial Moving Equipment, Yellow</p><p> -5% 0FF </p><p>$142.49</p><a href="https://www.amazon.com/dp/B0CKWZTJTL?tag=eloabder-20&linkCode=osi&th=1&psc=1">View Product</a></div><div class="product"><a href="https://www.amazon.com/dp/B0CB8VNTLN?tag=eloabder-20&linkCode=osi&th=1&psc=1"><img src="https://m.media-amazon.com/images/I/41PG7e4nerL._SL500_.jpg" alt="Product Image"></a><p>VEVOR Machinery Skate Dolly, 13,200 LBS/6T Industrial Machinery Mover, Heavy Duty Carbon Steel Machinery Moving Skate with 4 PU Wheels and 360¬∞ Rotation Non-Slip Cap for Warehouse, Workshop, Factory</p><p> -26% 0FF </p><p>$29.69</p><a href="https://www.amazon.com/dp/B0CB8VNTLN?tag=eloabder-20&linkCode=osi&th=1&psc=1">View Product</a></div><div class="product"><a href="https://www.amazon.com/dp/B0BG5HT6VK?tag=eloabder-20&linkCode=osi&th=1&psc=1"><img src="https://m.media-amazon.com/images/I/419hHIpihrL._SL500_.jpg" alt="Product Image"></a><p>VEVOR Machinery Skate Dolly, 6614 LBS/3T Industrial Machinery Mover with Handle, Carbon Steel Machinery Moving Skate with 3 360¬∞ Swivel PU Wheels, 360¬∞ Rotation Non-Slip Cap for Warehouse, Workshop</p><p> -9% 0FF </p><p>$99.99</p><a href="https://www.amazon.com/dp/B0BG5HT6VK?tag=eloabder-20&linkCode=osi&th=1&psc=1">View Product</a></div>
<div class="product"><a href="https://www.amazon.com/dp/B07R71PYPH?tag=eloabder-20&linkCode=osi&th=1&psc=1"><img src="https://m.media-amazon.com/images/I/51xY0A0dj6L._SL500_.jpg" alt="Product Image"></a><p>NEENCA Professional Knee Brace for Pain Relief, Medical Knee Support with Patella Pad & Side Stabilizers, Compression Knee Sleeve for Meniscus Tear, ACL, Joint Pain, Runner, Workout - FSA/HSA Eligible</p><p> -15% 0FF </p><p>$22.07</p><a href="https://www.amazon.com/dp/B07R71PYPH?tag=eloabder-20&linkCode=osi&th=1&psc=1">View Product</a></div><div class="product"><a href="https://www.amazon.com/dp/B0D8KQ4349?tag=eloabder-20&linkCode=osi&th=1&psc=1"><img src="https://m.media-amazon.com/images/I/41E0E-DrOiL._SL500_.jpg" alt="Product Image"></a><p>Rechargeable EMF Meter, 5 Level LED Portable Handheld Magnetic Field Detector for Ghost Hunting and Inspections in Home, Electromagnetic Paranormal Equipment Tester Up to 20 + MG</p><p> -17% 0FF </p><p>$14.99</p><a href="https://www.amazon.com/dp/B0D8KQ4349?tag=eloabder-20&linkCode=osi&th=1&psc=1">View Product</a></div><div class="product"><a href="https://www.amazon.com/dp/B08R6XRYVD?tag=eloabder-20&linkCode=osi&th=1&psc=1"><img src="https://m.media-amazon.com/images/I/31Oss0Gr+fL._SL500_.jpg" alt="Product Image"></a><p>99.9% Copper Dowsing Rods - 2PCS Divining Rods - for Ghost Hunting Tools, Divining Water, Treasure, Buried Items Etc</p><p> -30% 0FF </p><p>$13.99</p><a href="https://www.amazon.com/dp/B08R6XRYVD?tag=eloabder-20&linkCode=osi&th=1&psc=1">View Product</a></div>
<div class="product"><a href="https://www.amazon.com/dp/B0723914V1?tag=eloabder-20&linkCode=osi&th=1&psc=1"><img src="https://m.media-amazon.com/images/I/51A+d87r2aL._SL500_.jpg" alt="Product Image"></a><p>DEKOPRO 228 Piece Socket Wrench Auto Repair Tool Combination Package Mixed Tool Set Hand Tool Kit with Plastic Toolbox Storage Case</p><p> -20% 0FF </p><p>$79.99</p><a href="https://www.amazon.com/dp/B0723914V1?tag=eloabder-20&linkCode=osi&th=1&psc=1">View Product</a></div><div class="product"><a href="https://www.amazon.com/dp/B0105SSMRO?tag=eloabder-20&linkCode=osi&th=1&psc=1"><img src="https://m.media-amazon.com/images/I/313ovohBnZL._SL500_.jpg" alt="Product Image"></a><p>7-piece Workpro Pliers Set with Groove Joint, Long Nose, Slip Joint, Linesman, and Diagonal Pliers for DIY & Home Use</p><p> -20% 0FF </p><p>$19.99</p><a href="https://www.amazon.com/dp/B0105SSMRO?tag=eloabder-20&linkCode=osi&th=1&psc=1">View Product</a></div><div class="product"><a href="https://www.amazon.com/dp/B0BR8B8XKJ?tag=eloabder-20&linkCode=osi&th=1&psc=1"><img src="https://m.media-amazon.com/images/I/41fSDIgwWCL._SL500_.jpg" alt="Product Image"></a><p>2Pcs Heavy Duty Automatic Center Punch, 5'' Premium Steel Spring Loaded Center Hole Punch, Adjustable Spring Impact Center Marker Scriber Tool for Metel, Plastics, Wood, Glass by karmiero</p><p> -20% 0FF </p><p>$3.99</p><a href="https://www.amazon.com/dp/B0BR8B8XKJ?tag=eloabder-20&linkCode=osi&th=1&psc=1">View Product</a></div><div class="product"><a href="https://www.amazon.com/dp/B08YRLZCPJ?tag=eloabder-20&linkCode=osi&th=1&psc=1"><img src="https://m.media-amazon.com/images/I/51LIpo1iBZS._SL500_.jpg" alt="Product Image"></a><p>Egofine 46 Pieces 1/4 inch Drive Socket Ratchet Wrench Set, with Bit Socket Set Metric and Extension Bar for Auto Repairing and Household, with Storage Case</p><p> -23% 0FF </p><p>$19.87</p><a href="https://www.amazon.com/dp/B08YRLZCPJ?tag=eloabder-20&linkCode=osi&th=1&psc=1">View Product</a></div><div class="product"><a href="https://www.amazon.com/dp/B07WP4165D?tag=eloabder-20&linkCode=osi&th=1&psc=1"><img src="https://m.media-amazon.com/images/I/51TA+8eP4zL._SL500_.jpg" alt="Product Image"></a><p>Laser Level Line Tool, Multipurpose Laser Level Kit Standard Cross Line Laser leveler Beam Tool with Metric Rulers 8ft/2.5M for Picture Hanging cabinets Tile Walls by AikTryee.</p><p> -48% 0FF </p><p>$9.95</p><a href="https://www.amazon.com/dp/B07WP4165D?tag=eloabder-20&linkCode=osi&th=1&psc=1">View Product</a></div><div class="product"><a href="https://www.amazon.com/dp/B09TB7M842?tag=eloabder-20&linkCode=osi&th=1&psc=1"><img src="https://m.media-amazon.com/images/I/412U9M3sOcL._SL500_.jpg" alt="Product Image"></a><p>DEWALT 20V MAX XR Cut Off Tool, Brushless and Compact, Bare Tool Only (DCS438B)</p><p> -37% 0FF </p><p>$125.90</p><a href="https://www.amazon.com/dp/B09TB7M842?tag=eloabder-20&linkCode=osi&th=1&psc=1">View Product</a></div><div class="product"><a href="https://www.amazon.com/dp/B0BRPVRC77?tag=eloabder-20&linkCode=osi&th=1&psc=1"><img src="https://m.media-amazon.com/images/I/51DFLa11vEL._SL500_.jpg" alt="Product Image"></a><p>HORUSDY 16-Piece Punch and Chisel Set, Including Taper Punch, Cold Chisels, Pin Punch, Center Punch</p><p> -22% 0FF </p><p>$20.99</p><a href="https://www.amazon.com/dp/B0BRPVRC77?tag=eloabder-20&linkCode=osi&th=1&psc=1">View Product</a></div>
<div class="product"><a href="https://www.amazon.com/dp/B088M48Z3G?tag=eloabder-20&linkCode=osi&th=1&psc=1"><img src="https://m.media-amazon.com/images/I/51MV5+juS8L._SL500_.jpg" alt="Product Image"></a><p>anezus Self Healing Sewing Mat, 12inch x 18inch Rotary Cutting Mat Double Sided 5-Ply Craft Cutting Board for Sewing Crafts Hobby Fabric Precision Scrapbooking Project</p><p> -44% 0FF </p><p>$8.99</p><a href="https://www.amazon.com/dp/B088M48Z3G?tag=eloabder-20&linkCode=osi&th=1&psc=1">View Product</a></div><div class="product"><a href="https://www.amazon.com/dp/B0BX2BN5KQ?tag=eloabder-20&linkCode=osi&th=1&psc=1"><img src="https://m.media-amazon.com/images/I/31VTaTFWBXL._SL500_.jpg" alt="Product Image"></a><p>12 * 12 inch Packing Paper for Moving 100 Sheets Protecting Fragile China and Glasses,Small Wrapping Paper for Shipping and Moving Box Filler</p><p> -20% 0FF </p><p>$6.99 ($0.07 / Count)</p><a href="https://www.amazon.com/dp/B0BX2BN5KQ?tag=eloabder-20&linkCode=osi&th=1&psc=1">View Product</a></div>
<div class="product"><a href="https://www.amazon.com/dp/B0CMZZGXPX?tag=eloabder-20&linkCode=osi&th=1&psc=1"><img src="https://m.media-amazon.com/images/I/31YMA2qw31L._SL500_.jpg" alt="Product Image"></a><p>CREGEAR ABS Plastic Sheet 1/8 Inch Thick - 12" x 12", Black Plastic Sheet Rigid Thermoplastic Sheet, ABS Plastic Board for Sign, Craft, DIY Project, 2 Different Surfaces - Texture & Smooth, 1 Pack</p><p> -11% 0FF </p><p>$7.97</p><a href="https://www.amazon.com/dp/B0CMZZGXPX?tag=eloabder-20&linkCode=osi&th=1&psc=1">View Product</a></div>
<div class="product"><a href="https://www.amazon.com/dp/B0B293QNWQ?tag=eloabder-20&linkCode=osi&th=1&psc=1"><img src="https://m.media-amazon.com/images/I/41+feq08GCL._SL500_.jpg" alt="Product Image"></a><p>Metal Ice Scoop 6 OzÔºåKitchen Ice Scooper for Ice Maker, Small Food Scoops for Bar Party Wedding Pet Dog Food, Stainless Steel Silver</p><p> -30% 0FF </p><p>$6.99</p><a href="https://www.amazon.com/dp/B0B293QNWQ?tag=eloabder-20&linkCode=osi&th=1&psc=1">View Product</a></div><div class="product"><a href="https://www.amazon.com/dp/B07PXLJ9MP?tag=eloabder-20&linkCode=osi&th=1&psc=1"><img src="https://m.media-amazon.com/images/I/41YOR10YvIL._SL500_.jpg" alt="Product Image"></a><p>Fayleeko Wire Coat Hangers 40 Pack Strong Heavy Duty Stainless Steel Metal Ultra Thin Space Saving Clothes Hangers 16.5 Inch</p><p> -38% 0FF </p><p>$24.88 ($0.62 / Count)</p><a href="https://www.amazon.com/dp/B07PXLJ9MP?tag=eloabder-20&linkCode=osi&th=1&psc=1">View Product</a></div><div class="product"><a href="https://www.amazon.com/dp/B000H5W3PI?tag=eloabder-20&linkCode=osi&th=1&psc=1"><img src="https://m.media-amazon.com/images/I/21FCToLy5VL._SL500_.jpg" alt="Product Image"></a><p>K&S Sheet Metal Stock, Made in The USA,Stainless Steel/Silver</p><p> -14% 0FF </p><p>$6.47</p><a href="https://www.amazon.com/dp/B000H5W3PI?tag=eloabder-20&linkCode=osi&th=1&psc=1">View Product</a></div><div class="product"><a href="https://www.amazon.com/dp/B07GDDF5JB?tag=eloabder-20&linkCode=osi&th=1&psc=1"><img src="https://m.media-amazon.com/images/I/31dFxe1Df0L._SL500_.jpg" alt="Product Image"></a><p>HURRICANE 10 Inch Aviation Tin Snips, Heavy Duty Metal Cutter Shears for Cutting Sheet Metal, Straight Cut, Chrome Vanadium Steel</p><p> -30% 0FF </p><p>$13.99</p><a href="https://www.amazon.com/dp/B07GDDF5JB?tag=eloabder-20&linkCode=osi&th=1&psc=1">View Product</a></div>
<div class="product"><a href="https://www.amazon.com/dp/B0D95L6W5J?tag=eloabder-20&linkCode=osi&th=1&psc=1"><img src="https://m.media-amazon.com/images/I/41tbedSgDfL._SL500_.jpg" alt="Product Image"></a><p>Tandefio 40 Sticks Brazing Rods Bcup-5 Solder Phos Copper Brazing Alloys Flat Welding Rods Industry 0.050"x1/8"x10" for Air Conditioning Refrigerator Cold Storage HVAC Units (Phosphor Copper)</p><p> -5% 0FF </p><p>$20.99</p><a href="https://www.amazon.com/dp/B0D95L6W5J?tag=eloabder-20&linkCode=osi&th=1&psc=1">View Product</a></div>
<div class="product"><a href="https://www.amazon.com/dp/B0053KMAMI?tag=eloabder-20&linkCode=osi&th=1&psc=1"><img src="https://m.media-amazon.com/images/I/41f4ot2fnZL._SL500_.jpg" alt="Product Image"></a><p>Party Dimensions Plastic 300 Count Cutlery Combo Box, Clear, Combo Box, Clear 300 Count</p><p> -25% 0FF </p><p>$14.99</p><a href="https://www.amazon.com/dp/B0053KMAMI?tag=eloabder-20&linkCode=osi&th=1&psc=1">View Product</a></div><div class="product"><a href="https://www.amazon.com/dp/B0CCMNPWGW?tag=eloabder-20&linkCode=osi&th=1&psc=1"><img src="https://m.media-amazon.com/images/I/41k5QSXXF8L._SL500_.jpg" alt="Product Image"></a><p>6 Pack Black Plastic Sheets 8x12x0.04 in Flexible High Tensile Plastic Sheets,Plastic Sheet Hard Plastic Sheet Black Plastic Panel for DIY Materials Handicrafts Home Decoration</p><p> -22% 0FF </p><p>$6.99</p><a href="https://www.amazon.com/dp/B0CCMNPWGW?tag=eloabder-20&linkCode=osi&th=1&psc=1">View Product</a></div><div class="product"><a href="https://www.amazon.com/dp/B085T6685R?tag=eloabder-20&linkCode=osi&th=1&psc=1"><img src="https://m.media-amazon.com/images/I/41RbX0YJ2PL._SL500_.jpg" alt="Product Image"></a><p>POSATE Heavy Weight Plastic Forks, Clear Disposable, 100 Count</p><p> -47% 0FF </p><p>$13.80</p><a href="https://www.amazon.com/dp/B085T6685R?tag=eloabder-20&linkCode=osi&th=1&psc=1">View Product</a></div><div class="product"><a href="https://www.amazon.com/dp/B0C1JMKHL4?tag=eloabder-20&linkCode=osi&th=1&psc=1"><img src="https://m.media-amazon.com/images/I/51vGnsuo0GL._SL500_.jpg" alt="Product Image"></a><p>MOACOCK 200 Count Plastic Silverware, Heavy Weight Plastic Forks Spoons Disposable Utensils Cutlery Set for Wedding Party Supplies Everyday Use</p><p> -7% 0FF </p><p>$12.99</p><a href="https://www.amazon.com/dp/B0C1JMKHL4?tag=eloabder-20&linkCode=osi&th=1&psc=1">View Product</a></div><div class="product"><a href="https://www.amazon.com/dp/B0CZHZ4VYY?tag=eloabder-20&linkCode=osi&th=1&psc=1"><img src="https://m.media-amazon.com/images/I/41NCRYSzzPL._SL500_.jpg" alt="Product Image"></a><p>Dealusy 100 Count Extra Heavy Duty Clear Plastic Knives Disposable, BPA-Free, Heat Resistant, Solid and Durable Disposable Knives Bulk, Premium Plastic Knives heavy duty for Party Supply</p><p> -31% 0FF </p><p>$8.99</p><a href="https://www.amazon.com/dp/B0CZHZ4VYY?tag=eloabder-20&linkCode=osi&th=1&psc=1">View Product</a></div><div class="product"><a href="https://www.amazon.com/dp/B00I9J3ACY?tag=eloabder-20&linkCode=osi&th=1&psc=1"><img src="https://m.media-amazon.com/images/I/51W96ohIwyL._SL500_.jpg" alt="Product Image"></a><p>Hefty Party On Disposable Plastic Cups, Red, 18 Ounce, 50 Count</p><p> -27% 0FF </p><p>$5.84 ($0.12 / Count)</p><a href="https://www.amazon.com/dp/B00I9J3ACY?tag=eloabder-20&linkCode=osi&th=1&psc=1">View Product</a></div>
<div class="product"><a href="https://www.amazon.com/dp/B08ZX4PNGL?tag=eloabder-20&linkCode=osi&th=1&psc=1"><img src="https://m.media-amazon.com/images/I/41qtw-wXhWL._SL500_.jpg" alt="Product Image"></a><p>Soil Moist SAP Water Storing Crystals Polymer Small Granular_20-100 mesh (1), White</p><p> -18% 0FF </p><p>$12.99 ($0.81 / Ounce)</p><a href="https://www.amazon.com/dp/B08ZX4PNGL?tag=eloabder-20&linkCode=osi&th=1&psc=1">View Product</a></div><div class="product"><a href="https://www.amazon.com/dp/B099KS2PDW?tag=eloabder-20&linkCode=osi&th=1&psc=1"><img src="https://m.media-amazon.com/images/I/51JgOs5PnML._SL500_.jpg" alt="Product Image"></a><p>Polymaker PLA PRO Filament 1.75mm, Tough & High Rigidity Black PLA Filament 1.75mm 1kg Cardboard Spool - PolyLite PLA PRO 3D Printer Filament 1.75mm, Print with Most 3D Printers Using 3D Filament</p><p> -14% 0FF </p><p>$24.99 ($0.71 / Ounce)</p><a href="https://www.amazon.com/dp/B099KS2PDW?tag=eloabder-20&linkCode=osi&th=1&psc=1">View Product</a></div><div class="product"><a href="https://www.amazon.com/dp/B0CK9D7FYJ?tag=eloabder-20&linkCode=osi&th=1&psc=1"><img src="https://m.media-amazon.com/images/I/51lrOOPPi4L._SL500_.jpg" alt="Product Image"></a><p>Scrub Daddy Color Sponge - Scratch-Free Multipurpose Dish Sponge Color Variety Pack - BPA Free & Made with Polymer Foam - Stain & Odor Resistant Kitchen Sponge (3 Count, 2 Pack)</p><p> -12% 0FF </p><p>$19.30 ($3.22 / Count)</p><a href="https://www.amazon.com/dp/B0CK9D7FYJ?tag=eloabder-20&linkCode=osi&th=1&psc=1">View Product</a></div><div class="product"><a href="https://www.amazon.com/dp/B00XXOFV2M?tag=eloabder-20&linkCode=osi&th=1&psc=1"><img src="https://m.media-amazon.com/images/I/31DpBHBqqxL._SL500_.jpg" alt="Product Image"></a><p>Intertape Polymer Group K2525P293 Central 260 Medium Duty Reinforced Water Activated Tape, 3" Width, 450' Length, FRAGILE, Pack of 10</p><p> -12% 0FF </p><p>$89.16 ($8.92 / Count)</p><a href="https://www.amazon.com/dp/B00XXOFV2M?tag=eloabder-20&linkCode=osi&th=1&psc=1">View Product</a></div><div class="product"><a href="https://www.amazon.com/dp/B0C6DNQF1H?tag=eloabder-20&linkCode=osi&th=1&psc=1"><img src="https://m.media-amazon.com/images/I/51lbJOfwjFL._SL500_.jpg" alt="Product Image"></a><p>DIYMAG Ceramic Round Magnets for Crafts 35 Packs with Adhesive Backing. 0.98Inch (25mm) Small Magnets Perfect for Fridge, DIY, Building, Scientific, Craft, and Office.Ôºà0.98 * 0.2Inch-35pÔºâ</p><p> -13% 0FF </p><p>$6.99 ($0.20 / Count)</p><a href="https://www.amazon.com/dp/B0C6DNQF1H?tag=eloabder-20&linkCode=osi&th=1&psc=1">View Product</a></div>
<div class="product"><a href="https://www.amazon.com/dp/B001TK0DSY?tag=eloabder-20&linkCode=osi&th=1&psc=1"><img src="https://m.media-amazon.com/images/I/41sY5CJF40L._SL500_.jpg" alt="Product Image"></a><p>Chemical Guys CWS_301_16 Citrus Wash & Gloss Foaming Car Wash Soap (Works with Foam Cannons, Foam Guns or Bucket Washes) Safe for Cars, Trucks, Motorcycles, RVs & More, 16 fl oz, Citrus Scent</p><p> -17% 0FF </p><p>$9.97 ($0.62 / Fl Oz)</p><a href="https://www.amazon.com/dp/B001TK0DSY?tag=eloabder-20&linkCode=osi&th=1&psc=1">View Product</a></div><div class="product"><a href="https://www.amazon.com/dp/B00HK95ZZY?tag=eloabder-20&linkCode=osi&th=1&psc=1"><img src="https://m.media-amazon.com/images/I/41ztWGvZpCL._SL500_.jpg" alt="Product Image"></a><p>SmartSign - U9-1214-NA_7x10 "Danger - Chemical Storage Area, Authorized Personnel Only" Sign | 7" x 10" Aluminum Black/Red on White</p><p> -16% 0FF </p><p>$10.93</p><a href="https://www.amazon.com/dp/B00HK95ZZY?tag=eloabder-20&linkCode=osi&th=1&psc=1">View Product</a></div>
<div class="product"><a href="https://www.amazon.com/dp/B0916KZ598?tag=eloabder-20&linkCode=osi&th=1&psc=1"><img src="https://m.media-amazon.com/images/I/510bNE6qm3L._SL500_.jpg" alt="Product Image"></a><p>Gorilla Max Strength Clear Construction Adhesive, 2.5 Ounce Squeeze Tube, Clear, (Pack of 1)</p><p> -11% 0FF </p><p>$7.97 ($3.19 / Fl Oz)</p><a href="https://www.amazon.com/dp/B0916KZ598?tag=eloabder-20&linkCode=osi&th=1&psc=1">View Product</a></div><div class="product"><a href="https://www.amazon.com/dp/B0BM27YSBB?tag=eloabder-20&linkCode=osi&th=1&psc=1"><img src="https://m.media-amazon.com/images/I/41j2z0sRK8L._SL500_.jpg" alt="Product Image"></a><p>Gorilla Heavy Duty Construction Adhesive, 7 Ounce Squeeze Tube, White, (Pack of 1)</p><p> -5% 0FF </p><p>$9.47 ($1.35 / Fl Oz)</p><a href="https://www.amazon.com/dp/B0BM27YSBB?tag=eloabder-20&linkCode=osi&th=1&psc=1">View Product</a></div><div class="product"><a href="https://www.amazon.com/dp/B07VNSXY31?tag=eloabder-20&linkCode=osi&th=1&psc=1"><img src="https://m.media-amazon.com/images/I/31AwF4uloCL._SL500_.jpg" alt="Product Image"></a><p>EZlifego Double Sided Tape Heavy Duty, Extra Large Nano Double Sided Adhesive Tape, Clear Mounting Tape Picture Hanging Adhesive Strips,Removable Wall Tape Sticky Poster Tape Decor Carpet Tape(9.85FT)</p><p> -20% 0FF </p><p>$11.99</p><a href="https://www.amazon.com/dp/B07VNSXY31?tag=eloabder-20&linkCode=osi&th=1&psc=1">View Product</a></div><div class="product"><a href="https://www.amazon.com/dp/B0006HUJCQ?tag=eloabder-20&linkCode=osi&th=1&psc=1"><img src="https://m.media-amazon.com/images/I/511pTqChTCL._SL500_.jpg" alt="Product Image"></a><p>Loctite 1364076 Super Glue Easy Squeeze Gel, .14 oz, Super Glue Liquid</p><p> -45% 0FF </p><p>$3.64 ($26.00 / Fl Oz)</p><a href="https://www.amazon.com/dp/B0006HUJCQ?tag=eloabder-20&linkCode=osi&th=1&psc=1">View Product</a></div><div class="product"><a href="https://www.amazon.com/dp/B000BQYHSY?tag=eloabder-20&linkCode=osi&th=1&psc=1"><img src="https://m.media-amazon.com/images/I/41jVQXZlyKL._SL500_.jpg" alt="Product Image"></a><p>Liquid Nails LN-700 4-Ounce Small Projects and Repairs Adhesive</p><p> -22% 0FF </p><p>$3.98 ($1.00 / Fl Oz)</p><a href="https://www.amazon.com/dp/B000BQYHSY?tag=eloabder-20&linkCode=osi&th=1&psc=1">View Product</a></div>
<div class="product"><a href="https://www.amazon.com/dp/B0002UEPVI?tag=eloabder-20&linkCode=osi&th=1&psc=1"><img src="https://m.media-amazon.com/images/I/41VgMnT8V8L._SL500_.jpg" alt="Product Image"></a><p>Permatex 80050 Clear RTV Silicone Adhesive Sealant, 3 oz</p><p> -28% 0FF </p><p>$5.04 ($1.68 / Ounce)</p><a href="https://www.amazon.com/dp/B0002UEPVI?tag=eloabder-20&linkCode=osi&th=1&psc=1">View Product</a></div><div class="product"><a href="https://www.amazon.com/dp/B01NCSN5AS?tag=eloabder-20&linkCode=osi&th=1&psc=1"><img src="https://m.media-amazon.com/images/I/41u1Bk8aMML._SL500_.jpg" alt="Product Image"></a><p>Gorilla Waterproof Caulk & Seal 100% Silicone Sealant, White, 10oz Cartridge (Pack of 1)</p><p> -10% 0FF </p><p>$9.84 ($0.98 / Ounce)</p><a href="https://www.amazon.com/dp/B01NCSN5AS?tag=eloabder-20&linkCode=osi&th=1&psc=1">View Product</a></div><div class="product"><a href="https://www.amazon.com/dp/B0B8QPH3RW?tag=eloabder-20&linkCode=osi&th=1&psc=1"><img src="https://m.media-amazon.com/images/I/31FmC2PDnsL._SL500_.jpg" alt="Product Image"></a><p>GE All Purpose Silicone Caulk - 100% Waterproof Silicone Sealant, Stronger Adhesion, Freeze & Sun Proof - 10 oz Cartridge, Clear, Pack of 1</p><p> -22% 0FF </p><p>$6.98</p><a href="https://www.amazon.com/dp/B0B8QPH3RW?tag=eloabder-20&linkCode=osi&th=1&psc=1">View Product</a></div><div class="product"><a href="https://www.amazon.com/dp/B000XBDJWC?tag=eloabder-20&linkCode=osi&th=1&psc=1"><img src="https://m.media-amazon.com/images/I/31O8FwTY5WL._SL500_.jpg" alt="Product Image"></a><p>3M Marine Adhesive Sealant 4000 UV, PN06580, White, 295 mL Cartridge, 10 Fl Oz (Pack of 1)</p><p> -15% 0FF </p><p>$18.75 ($1.88 / Fl Oz)</p><a href="https://www.amazon.com/dp/B000XBDJWC?tag=eloabder-20&linkCode=osi&th=1&psc=1">View Product</a></div><div class="product"><a href="https://www.amazon.com/dp/B01MQW8AEM?tag=eloabder-20&linkCode=osi&th=1&psc=1"><img src="https://m.media-amazon.com/images/I/31gdoMW-i8L._SL500_.jpg" alt="Product Image"></a><p>Gorilla 8050002 Clear Silicone Sealant, 1-Pack</p><p> -10% 0FF </p><p>$9.84 ($0.98 / Fl Oz)</p><a href="https://www.amazon.com/dp/B01MQW8AEM?tag=eloabder-20&linkCode=osi&th=1&psc=1">View Product</a></div>

<div class="product"><a href="https://www.amazon.com/dp/B004UICH5O?tag=eloabder-20&linkCode=osi&th=1&psc=1"><img src="https://m.media-amazon.com/images/I/5123T4CVtTL._SL500_.jpg" alt="Product Image"></a><p>Dynarex DynaLube Lubricating Jelly, Water Soluble and Sterile Lubricant Jelly, Used for Body Orifices, Hinged Instruments and Medical Devices, 1 Box of 144 DynaLube Packets, 2.7g</p><p> -5% 0FF </p><p>$12.49 ($0.09 / Count)</p><a href="https://www.amazon.com/dp/B004UICH5O?tag=eloabder-20&linkCode=osi&th=1&psc=1">View Product</a></div><div class="product"><a href="https://www.amazon.com/dp/B087ZHPVRW?tag=eloabder-20&linkCode=osi&th=1&psc=1"><img src="https://m.media-amazon.com/images/I/51My23RlqsL._SL500_.jpg" alt="Product Image"></a><p>3-IN-ONE Professional Garage Door Lubricant with Smart Straw Sprays 2 Ways, 11 OZ Twin Pack, 100584, Clear</p><p> -20% 0FF </p><p>$15.96 ($7.98 / Count)</p><a href="https://www.amazon.com/dp/B087ZHPVRW?tag=eloabder-20&linkCode=osi&th=1&psc=1">View Product</a></div><div class="product"><a href="https://www.amazon.com/dp/B07K323XYQ?tag=eloabder-20&linkCode=osi&th=1&psc=1"><img src="https://m.media-amazon.com/images/I/41Stkw4geDL._SL500_.jpg" alt="Product Image"></a><p>McKesson Lubricating Jelly Sterile 4 oz. Tube 1 Each 16-8919</p><p> -63% 0FF </p><p>$5.48 ($0.11 / Ounce)</p><a href="https://www.amazon.com/dp/B07K323XYQ?tag=eloabder-20&linkCode=osi&th=1&psc=1">View Product</a></div><div class="product"><a href="https://www.amazon.com/dp/B00AF0ODGM?tag=eloabder-20&linkCode=osi&th=1&psc=1"><img src="https://m.media-amazon.com/images/I/418phnGj-VL._SL500_.jpg" alt="Product Image"></a><p>WD-40 Specialist Dry Lube with SMART STRAW SPRAYS 2 WAYS, 10 OZ</p><p> -6% 0FF </p><p>$7.98 ($0.80 / Ounce)</p><a href="https://www.amazon.com/dp/B00AF0ODGM?tag=eloabder-20&linkCode=osi&th=1&psc=1">View Product</a></div><div class="product"><a href="https://www.amazon.com/dp/B0081JE0OO?tag=eloabder-20&linkCode=osi&th=1&psc=1"><img src="https://m.media-amazon.com/images/I/31YRFZU58NL._SL500_.jpg" alt="Product Image"></a><p>Super Lube 92003 Silicone Lubricating Grease with PTFE, 3 oz Tube, Translucent White</p><p> -34% 0FF </p><p>$11.80 ($3.93 / Ounce)</p><a href="https://www.amazon.com/dp/B0081JE0OO?tag=eloabder-20&linkCode=osi&th=1&psc=1">View Product</a></div><div class="product"><a href="https://www.amazon.com/dp/B000UKUHXK?tag=eloabder-20&linkCode=osi&th=1&psc=1"><img src="https://m.media-amazon.com/images/I/31PHNtI4eWL._SL500_.jpg" alt="Product Image"></a><p>Super Lube 51004 Synthetic Oil with PTFE, High Viscosity, 4 oz Bottle,Translucent white(Packaging may vary)</p><p> -27% 0FF </p><p>$7.82 ($1.96 / Fl Oz)</p><a href="https://www.amazon.com/dp/B000UKUHXK?tag=eloabder-20&linkCode=osi&th=1&psc=1">View Product</a></div>

<div class="product"><a href="https://www.amazon.com/dp/B0BRPQW3G9?tag=eloabder-20&linkCode=osi&th=1&psc=1"><img src="https://m.media-amazon.com/images/I/51TpMRJpWeL._SL500_.jpg" alt="Product Image"></a><p>JEGONFRI High Hardness Wood Screws Assortment Kit, 209 pcs, Phillips Drive Flat Head, Wood Screws, Screws, Drywall Screws, Assorted Screws, Screws Set, 6 Sizes (2‚Äù,1-1/2‚Äù,1-1/4‚Äù,1‚Äù,3/4‚Äù,1/2‚Äù)</p><p> -20% 0FF </p><p>$7.96</p><a href="https://www.amazon.com/dp/B0BRPQW3G9?tag=eloabder-20&linkCode=osi&th=1&psc=1">View Product</a></div><div class="product"><a href="https://www.amazon.com/dp/B0BHNK23GJ?tag=eloabder-20&linkCode=osi&th=1&psc=1"><img src="https://m.media-amazon.com/images/I/51ZAmhP99TL._SL500_.jpg" alt="Product Image"></a><p>KURUI Drywall Screws Assortment Kit, #6 Black Wood Screws for Drywall,165pcs Coarse Thread Sheetrock Screws Set, Phillips Drive Self Tapping Dry Wall Screws 4 Sizes 1",1-1/4",1-5/8",2"</p><p> -24% 0FF </p><p>$7.59 ($0.05 / Count)</p><a href="https://www.amazon.com/dp/B0BHNK23GJ?tag=eloabder-20&linkCode=osi&th=1&psc=1">View Product</a></div><div class="product"><a href="https://www.amazon.com/dp/B0D3HVHPXW?tag=eloabder-20&linkCode=osi&th=1&psc=1"><img src="https://m.media-amazon.com/images/I/51boObkp+HL._SL500_.jpg" alt="Product Image"></a><p>GVAKMM Drywall Screws Assortment Kit,#7 Black Wood Screws Set,160pcsÔºå5 Sizes(3'',2'',1-3/8'',1'',5/8''),Coarse Thread Phillips Drive Bugle Head Sharp Point,Ideal for Wood,Sheetrock and More</p><p> -13% 0FF </p><p>$6.99 ($0.58 / Ounce)</p><a href="https://www.amazon.com/dp/B0D3HVHPXW?tag=eloabder-20&linkCode=osi&th=1&psc=1">View Product</a></div>
<div class="product"><a href="https://www.amazon.com/dp/B09KS23KQ6?tag=eloabder-20&linkCode=osi&th=1&psc=1"><img src="https://m.media-amazon.com/images/I/41ZHEcuqY-L._SL500_.jpg" alt="Product Image"></a><p>Mr. Pen- Bolts, Nuts, and Washer Assortment Kit, 113 pcs, Nuts and Bolts Assortment Kit, Assorted Nuts and Bolts, Nut Bolt and Washer Assortment, Bolt and Nut Assortment</p><p> -24% 0FF </p><p>$6.85</p><a href="https://www.amazon.com/dp/B09KS23KQ6?tag=eloabder-20&linkCode=osi&th=1&psc=1">View Product</a></div><div class="product"><a href="https://www.amazon.com/dp/B076CVQZWG?tag=eloabder-20&linkCode=osi&th=1&psc=1"><img src="https://m.media-amazon.com/images/I/51LutRS-fXL._SL500_.jpg" alt="Product Image"></a><p>Jackson Palmer 2201 Piece Hardware Assortment Kit with Screws, Nuts, Bolts & Washers (3 Trays)‚Ä¶</p><p> -24% 0FF </p><p>$37.99</p><a href="https://www.amazon.com/dp/B076CVQZWG?tag=eloabder-20&linkCode=osi&th=1&psc=1">View Product</a></div><div class="product"><a href="https://www.amazon.com/dp/B0BC24J6SS?tag=eloabder-20&linkCode=osi&th=1&psc=1"><img src="https://m.media-amazon.com/images/I/517eaNxBNaL._SL500_.jpg" alt="Product Image"></a><p>720 Pcs Nuts and Bolts Assortment Kit, M3 M4 M5 Carbon Steel Screws Bolts and Nuts and Washers Assortment Set, Assorted Cross Pan Head Machine Screws Nuts and Bolts, with Storage Case</p><p> -10% 0FF </p><p>$8.98</p><a href="https://www.amazon.com/dp/B0BC24J6SS?tag=eloabder-20&linkCode=osi&th=1&psc=1">View Product</a></div><div class="product"><a href="https://www.amazon.com/dp/B0CF8NNVKQ?tag=eloabder-20&linkCode=osi&th=1&psc=1"><img src="https://m.media-amazon.com/images/I/61oepk6Ti8L._SL500_.jpg" alt="Product Image"></a><p>FOLIV 907pcs Grade 8.8 Metric Bolt Assortment, M4 M5 M6 M8 Heavy Duty Bolts and Nuts Kit, Yellow Zinc Plated, Length from 12-30mm</p><p> -20% 0FF </p><p>$35.19</p><a href="https://www.amazon.com/dp/B0CF8NNVKQ?tag=eloabder-20&linkCode=osi&th=1&psc=1">View Product</a></div>
<div class="product"><a href="https://www.amazon.com/dp/B0CP7D6KP4?tag=eloabder-20&linkCode=osi&th=1&psc=1"><img src="https://m.media-amazon.com/images/I/51R0Yv5C8aL._SL500_.jpg" alt="Product Image"></a><p>Dianrui 187PCS Metric Hex Nuts Assortment Kit, 9 Size 304 Stainless Steel Hex Nut M2 M2.5 M3 M4 M5 M6 M10 M12 Hexnut Set Hardware Nuts</p><p> -22% 0FF </p><p>$6.99</p><a href="https://www.amazon.com/dp/B0CP7D6KP4?tag=eloabder-20&linkCode=osi&th=1&psc=1">View Product</a></div><div class="product"><a href="https://www.amazon.com/dp/B002SA36AG?tag=eloabder-20&linkCode=osi&th=1&psc=1"><img src="https://m.media-amazon.com/images/I/51cZlQGUFRL._SL500_.jpg" alt="Product Image"></a><p>Dorman 6110761 Lug Nut (M12 x 1.25 Thread Size)</p><p> -45% 0FF </p><p>$3.49</p><a href="https://www.amazon.com/dp/B002SA36AG?tag=eloabder-20&linkCode=osi&th=1&psc=1">View Product</a></div><div class="product"><a href="https://www.amazon.com/dp/B07WCSW7HR?tag=eloabder-20&linkCode=osi&th=1&psc=1"><img src="https://m.media-amazon.com/images/I/51uxWdeYcjL._SL500_.jpg" alt="Product Image"></a><p>ECCPP 20 Pieces Wheel Lug Nuts M12x1.25 12mmx1.25 Wheel Lug Bolts Shank Length 28mm fits for 2015-2022 for Renegade |2018-2022 for Compass |2014-2022 for Cherokee</p><p> -28% 0FF </p><p>$14.47</p><a href="https://www.amazon.com/dp/B07WCSW7HR?tag=eloabder-20&linkCode=osi&th=1&psc=1">View Product</a></div><div class="product"><a href="https://www.amazon.com/dp/B0D1Y5PQ4K?tag=eloabder-20&linkCode=osi&th=1&psc=1"><img src="https://m.media-amazon.com/images/I/51SyHC67C5L._SL500_.jpg" alt="Product Image"></a><p>Quacc 20pcs M8 Nyloc Steel Nuts, Nylon Locknuts for Fastener, Nylon Inserted Hex Lock Nuts, Silver 304 Stainless Steel Self Locking Nuts for Bolts</p><p> -19% 0FF </p><p>$3.79 ($0.19 / Ounce)</p><a href="https://www.amazon.com/dp/B0D1Y5PQ4K?tag=eloabder-20&linkCode=osi&th=1&psc=1">View Product</a></div>
<div class="product"><a href="https://www.amazon.com/dp/B0BZYSSWY8?tag=eloabder-20&linkCode=osi&th=1&psc=1"><img src="https://m.media-amazon.com/images/I/419sIfP-AJL._SL500_.jpg" alt="Product Image"></a><p>1/4" x 1" Stainless Fender Washer,18-8 (304) Stainless Steel Flat Washer,1/4" ID x 1" OD x 0.078" Thick(40Pcs)</p><p> -31% 0FF </p><p>$6.19</p><a href="https://www.amazon.com/dp/B0BZYSSWY8?tag=eloabder-20&linkCode=osi&th=1&psc=1">View Product</a></div><div class="product"><a href="https://www.amazon.com/dp/B0BFJMK5QW?tag=eloabder-20&linkCode=osi&th=1&psc=1"><img src="https://m.media-amazon.com/images/I/51D9Ij56zKL._SL500_.jpg" alt="Product Image"></a><p>Fender Washers for Screws ‚Äî 225Pcs Washers Assortment, Washers for Bolts in 15 Different Sizes (M2 M2.5 M3 M4 M5 M6 M8 M10 M12)‚ÄîStainless Steel Washers for Home & Industrial Usage</p><p> -9% 0FF </p><p>$20.87 ($0.09 / Count)</p><a href="https://www.amazon.com/dp/B0BFJMK5QW?tag=eloabder-20&linkCode=osi&th=1&psc=1">View Product</a></div><div class="product"><a href="https://www.amazon.com/dp/B07K8W71N1?tag=eloabder-20&linkCode=osi&th=1&psc=1"><img src="https://m.media-amazon.com/images/I/412HYFMiQBL._SL500_.jpg" alt="Product Image"></a><p>100 Qty #8 Stainless Steel Countersunk Finish Washers | 304 SS Finishing Cup (BCP574)</p><p> -30% 0FF </p><p>$7.49 ($0.07 / Count)</p><a href="https://www.amazon.com/dp/B07K8W71N1?tag=eloabder-20&linkCode=osi&th=1&psc=1">View Product</a></div>
<div class="product"><a href="https://www.amazon.com/dp/B09V32CKNJ?tag=eloabder-20&linkCode=osi&th=1&psc=1"><img src="https://m.media-amazon.com/images/I/41MtaPf4TNL._SL500_.jpg" alt="Product Image"></a><p>KURUI 28Pcs Heavy Duty Hollow Wall Anchors for Drywall Ceiling, Toggle Bolts and Wing Nut Kit, Metal Drywall Anchors and Screws Assortment Set, 3 Sizes Butterfly Anchors (1/8in, 3/16in, 1/4in)</p><p> -23% 0FF </p><p>$9.99</p><a href="https://www.amazon.com/dp/B09V32CKNJ?tag=eloabder-20&linkCode=osi&th=1&psc=1">View Product</a></div><div class="product"><a href="https://www.amazon.com/dp/B07VS5QKBC?tag=eloabder-20&linkCode=osi&th=1&psc=1"><img src="https://m.media-amazon.com/images/I/41MIrlAQ6nL._SL500_.jpg" alt="Product Image"></a><p>HongWay 370pcs Plastic Drywall Wall Anchors Kit with Screws, Includes 5 Different Assorted Size Anchors and Screws</p><p> -17% 0FF </p><p>$14.99</p><a href="https://www.amazon.com/dp/B07VS5QKBC?tag=eloabder-20&linkCode=osi&th=1&psc=1">View Product</a></div>
<div class="product"><a href="https://www.amazon.com/dp/B0CY2YK7ZG?tag=eloabder-20&linkCode=osi&th=1&psc=1"><img src="https://m.media-amazon.com/images/I/51kBI181CNL._SL500_.jpg" alt="Product Image"></a><p>Linkup 600pcs 15 Sizes Pop Rivets Assortment Kit,Aluminum Rivets, Silver pop rivet set including 3/32" 1/8" 5/32" 3/16" 1/4" blind rivets for metal Dome Head rivet kit</p><p> -31% 0FF </p><p>$21.99</p><a href="https://www.amazon.com/dp/B0CY2YK7ZG?tag=eloabder-20&linkCode=osi&th=1&psc=1">View Product</a></div><div class="product"><a href="https://www.amazon.com/dp/B08J2NZK4D?tag=eloabder-20&linkCode=osi&th=1&psc=1"><img src="https://m.media-amazon.com/images/I/51iH27ON2BL._SL500_.jpg" alt="Product Image"></a><p>ISPINNER 385pcs 8 Sizes Aluminum Blind Rivets, Pop Rivets Assortment Kit (Silver)</p><p> -21% 0FF </p><p>$13.59</p><a href="https://www.amazon.com/dp/B08J2NZK4D?tag=eloabder-20&linkCode=osi&th=1&psc=1">View Product</a></div><div class="product"><a href="https://www.amazon.com/dp/B0BZ7WKC3V?tag=eloabder-20&linkCode=osi&th=1&psc=1"><img src="https://m.media-amazon.com/images/I/51fSy2j6lSL._SL500_.jpg" alt="Product Image"></a><p>SATANTECH 200PCS Black Rivets Pop Rivets Assortment Kit, Large flange Aluminum Rivets(1/8" 3/16" 1/4") Assorted Blind Rivets with Case</p><p> -16% 0FF </p><p>$21.77</p><a href="https://www.amazon.com/dp/B0BZ7WKC3V?tag=eloabder-20&linkCode=osi&th=1&psc=1">View Product</a></div><div class="product"><a href="https://www.amazon.com/dp/B0CWR7K9P2?tag=eloabder-20&linkCode=osi&th=1&psc=1"><img src="https://m.media-amazon.com/images/I/512Gp89+ScL._SL500_.jpg" alt="Product Image"></a><p>Zuorery 500pcs Pop Rivets Assortment Kit, 14 Sizes Aluminum Blind Rivets (3/32" 1/8" 5/32" 3/16") Assorted Blind Rivets</p><p> -6% 0FF </p><p>$12.99</p><a href="https://www.amazon.com/dp/B0CWR7K9P2?tag=eloabder-20&linkCode=osi&th=1&psc=1">View Product</a></div>
<div class="product"><a href="https://www.amazon.com/dp/B0CNC3WJ58?tag=eloabder-20&linkCode=osi&th=1&psc=1"><img src="https://m.media-amazon.com/images/I/41MDnQ+2C5L._SL500_.jpg" alt="Product Image"></a><p>Eujqo Nails for Hanging Pictures Small Nails Picture Hanging Nails 700Pcs Finishing Nails Hardware Nails for Wall Wood Nails</p><p> -50% 0FF </p><p>$3.99</p><a href="https://www.amazon.com/dp/B0CNC3WJ58?tag=eloabder-20&linkCode=osi&th=1&psc=1">View Product</a></div><div class="product"><a href="https://www.amazon.com/dp/B08BJC6MJC?tag=eloabder-20&linkCode=osi&th=1&psc=1"><img src="https://m.media-amazon.com/images/I/414ssEUuJRL._SL500_.jpg" alt="Product Image"></a><p>Mr. Pen- Nail Assortment Kit, 600 Pcs, 4 Sizes, Silver, Small Nails for Hanging Pictures, Finishing Nails, Gold Wall Nails for Hanging, Pin Nails, Hardware Nails, Assorted Nails, Galvanized Nails</p><p> -54% 0FF </p><p>$5.99</p><a href="https://www.amazon.com/dp/B08BJC6MJC?tag=eloabder-20&linkCode=osi&th=1&psc=1">View Product</a></div><div class="product"><a href="https://www.amazon.com/dp/B0BSH3P97Y?tag=eloabder-20&linkCode=osi&th=1&psc=1"><img src="https://m.media-amazon.com/images/I/515eMwXqY0L._SL500_.jpg" alt="Product Image"></a><p>KURUI 700pcs Hardware Nails for Hanging Pictures Assorted Kit, Up to 2"-Long Picture Hanging Nails for Wall Drywall Wood, Finish Nails Assortment Kit, 640 Frame Nails and 60 Small Finishing Nails</p><p> -36% 0FF </p><p>$6.38</p><a href="https://www.amazon.com/dp/B0BSH3P97Y?tag=eloabder-20&linkCode=osi&th=1&psc=1">View Product</a></div><div class="product"><a href="https://www.amazon.com/dp/B089FLMFPB?tag=eloabder-20&linkCode=osi&th=1&psc=1"><img src="https://m.media-amazon.com/images/I/51p5T9Cef4L._SL500_.jpg" alt="Product Image"></a><p>376pcs Premium Hardware Nails Assortment Kit, Maximum Length 2 Inches Galvanized Nails, Picture Hanging Nails, Wood Nails, Wall Nails with Storage Box | 6 Sizes</p><p> -30% 0FF </p><p>$6.99</p><a href="https://www.amazon.com/dp/B089FLMFPB?tag=eloabder-20&linkCode=osi&th=1&psc=1">View Product</a></div><div class="product"><a href="https://www.amazon.com/dp/B0B3CFCZGW?tag=eloabder-20&linkCode=osi&th=1&psc=1"><img src="https://m.media-amazon.com/images/I/51rr+Y77q0L._SL500_.jpg" alt="Product Image"></a><p>6 Sizes Gold Hardware Nails Assortment Kit, 358pcs, Brass Plated, Nails for Hanging Pictures, Finishing Nails, Wood Nails, Wall Nails for Hanging (3‚Äù, 2‚Äù, 1-1/2‚Äù, 1-1/4", 1‚Äù, 3/4")</p><p> -25% 0FF </p><p>$8.98</p><a href="https://www.amazon.com/dp/B0B3CFCZGW?tag=eloabder-20&linkCode=osi&th=1&psc=1">View Product</a></div>
<div class="product"><a href="https://www.amazon.com/dp/B0BDBJJQJR?tag=eloabder-20&linkCode=osi&th=1&psc=1"><img src="https://m.media-amazon.com/images/I/41iMq4y4RWL._SL500_.jpg" alt="Product Image"></a><p>Standard Chisel Point Staples, 0.25" Leg, 0.5" Crown, Steel, 5,000/Box, 5 Boxes/Pack, 25,000/Pack</p><p> -18% 0FF </p><p>$11.80</p><a href="https://www.amazon.com/dp/B0BDBJJQJR?tag=eloabder-20&linkCode=osi&th=1&psc=1">View Product</a></div><div class="product"><a href="https://www.amazon.com/dp/B0052ECDD6?tag=eloabder-20&linkCode=osi&th=1&psc=1"><img src="https://m.media-amazon.com/images/I/41miIfkguxL._SL500_.jpg" alt="Product Image"></a><p>BOSTITCH BTA706-5C Heavy Duty Construction Staples, 3/8 x 2/5-Inch, 5000-Pack</p><p> -21% 0FF </p><p>$10.48 ($0.00 / Count)</p><a href="https://www.amazon.com/dp/B0052ECDD6?tag=eloabder-20&linkCode=osi&th=1&psc=1">View Product</a></div><div class="product"><a href="https://www.amazon.com/dp/B00004Z2HC?tag=eloabder-20&linkCode=osi&th=1&psc=1"><img src="https://m.media-amazon.com/images/I/51vaslx65UL._SL500_.jpg" alt="Product Image"></a><p>Arrow 215 JT21 Thin Wire Staples for Staple Guns and Staplers, Use for Upholstery, Crafts, General Repairs, 5/16-Inch Leg Length, 7/16-Inch Crown Width, 1000-Pack</p><p> -35% 0FF </p><p>$4.97</p><a href="https://www.amazon.com/dp/B00004Z2HC?tag=eloabder-20&linkCode=osi&th=1&psc=1">View Product</a></div><div class="product"><a href="https://www.amazon.com/dp/B09VP4YTPQ?tag=eloabder-20&linkCode=osi&th=1&psc=1"><img src="https://m.media-amazon.com/images/I/41WvD-VnynL._SL500_.jpg" alt="Product Image"></a><p>OMOTOOL Steel Wire Fencing Staples (200 pcs), Galvanized U-shaped fasteners Nails for Wire Mesh and Woven Fencing</p><p> -30% 0FF </p><p>$6.98</p><a href="https://www.amazon.com/dp/B09VP4YTPQ?tag=eloabder-20&linkCode=osi&th=1&psc=1">View Product</a></div>
<div class="product"><a href="https://www.amazon.com/dp/B08N6DYNKQ?tag=eloabder-20&linkCode=osi&th=1&psc=1"><img src="https://m.media-amazon.com/images/I/51oGt2PvPLL._SL500_.jpg" alt="Product Image"></a><p>Mixiflor 20 Pcs 5 Sizes 60/80/120/240 Grits Abrasive Flap Wheel Sander, 1/4 Inch Shank Flap Wheels for Drill, Die Grinder Flap Wheel,Flap Wheel Sander for Drill</p><p> -15% 0FF </p><p>$22.99</p><a href="https://www.amazon.com/dp/B08N6DYNKQ?tag=eloabder-20&linkCode=osi&th=1&psc=1">View Product</a></div>
<div class="product"><a href="https://www.amazon.com/dp/B0B5GHT937?tag=eloabder-20&linkCode=osi&th=1&psc=1"><img src="https://m.media-amazon.com/images/I/51LBYzTtFqL._SL500_.jpg" alt="Product Image"></a><p>SALI 25 Pack 4-1/2 Inch Grinding Wheels for General Purpose Metal & Stainless Steel, Aluminum Oxide Grinding Disc for Angle Grinder, Depressed Center 4.5" * 1/4" * 7/8"(115 * 6.0 * 22.2 mm)</p><p> -9% 0FF </p><p>$26.49</p><a href="https://www.amazon.com/dp/B0B5GHT937?tag=eloabder-20&linkCode=osi&th=1&psc=1">View Product</a></div><div class="product"><a href="https://www.amazon.com/dp/B00002246K?tag=eloabder-20&linkCode=osi&th=1&psc=1"><img src="https://m.media-amazon.com/images/I/51cqvp+fIGL._SL500_.jpg" alt="Product Image"></a><p>DEWALT DW4514 1/4" Thick Grinding Wheel with 4-1/2" Diameter and 7/8" Arbor</p><p> -46% 0FF </p><p>$1.65</p><a href="https://www.amazon.com/dp/B00002246K?tag=eloabder-20&linkCode=osi&th=1&psc=1">View Product</a></div><div class="product"><a href="https://www.amazon.com/dp/B07SQP8JGR?tag=eloabder-20&linkCode=osi&th=1&psc=1"><img src="https://m.media-amazon.com/images/I/51M3TdMS3OL._SL500_.jpg" alt="Product Image"></a><p>KSEIBI 651006 Grinding Wheels 25-Pack, Aluminum Oxide Discs for Metal & Stainless Steel, 4-1/2" x 1/4" x 7/8", Aggressive Grinding for Angle Grinders, Depressed Center Design</p><p> -6% 0FF </p><p>$26.99</p><a href="https://www.amazon.com/dp/B07SQP8JGR?tag=eloabder-20&linkCode=osi&th=1&psc=1">View Product</a></div><div class="product"><a href="https://www.amazon.com/dp/B00004RH8I?tag=eloabder-20&linkCode=osi&th=1&psc=1"><img src="https://m.media-amazon.com/images/I/6113QduJyJL._SL500_.jpg" alt="Product Image"></a><p>DEWALT Grinding Wheel, General Purpose for Metal, 4-1/2-Inch x 1/4-Inch x 5/8-Inch (DW4523)</p><p> -40% 0FF </p><p>$2.92</p><a href="https://www.amazon.com/dp/B00004RH8I?tag=eloabder-20&linkCode=osi&th=1&psc=1">View Product</a></div><div class="product"><a href="https://www.amazon.com/dp/B0791MGN72?tag=eloabder-20&linkCode=osi&th=1&psc=1"><img src="https://m.media-amazon.com/images/I/51LQaKOgppL._SL500_.jpg" alt="Product Image"></a><p>BHA Depressed Center Metal Grinding Wheels for Angle Grinders, 4.5‚Äù x 1/4‚Äù x 7/8‚Äù - 5 Pack</p><p> -15% 0FF </p><p>$16.99</p><a href="https://www.amazon.com/dp/B0791MGN72?tag=eloabder-20&linkCode=osi&th=1&psc=1">View Product</a></div><div class="product"><a href="https://www.amazon.com/dp/B09TSV5SP9?tag=eloabder-20&linkCode=osi&th=1&psc=1"><img src="https://m.media-amazon.com/images/I/61w4UIIWQdL._SL500_.jpg" alt="Product Image"></a><p>PRETEC 26 Packs Angle Grinder Cutting Flap Grinding Disc Wheel 4 1/2in Inches - 20 Packs 4.5"x1/4"x7/8" Cut off Wheels,3 Packs 4.5"x7/8" 60 Grit Flap Discs, 3 Packs 4.5"x1/25"x7/8" Grinding Wheels</p><p> -8% 0FF </p><p>$22.99</p><a href="https://www.amazon.com/dp/B09TSV5SP9?tag=eloabder-20&linkCode=osi&th=1&psc=1">View Product</a></div><div class="product"><a href="https://www.amazon.com/dp/B07FT71TLC?tag=eloabder-20&linkCode=osi&th=1&psc=1"><img src="https://m.media-amazon.com/images/I/51-wpozOUIL._SL500_.jpg" alt="Product Image"></a><p>NEIKO 11142A 10 Pack Zirconia Flap Discs 4-1/2 for Angle Grinder, 40 Grit Flapper Wheel, Angled T29 Grinding Wheel 4.5 Inch Flap Disc, 7/8" Arbor Grinding Disc, Flap Wheel for Wood & Metal Sanding</p><p> -19% 0FF </p><p>$17.07</p><a href="https://www.amazon.com/dp/B07FT71TLC?tag=eloabder-20&linkCode=osi&th=1&psc=1">View Product</a></div>
<div class="product"><a href="https://www.amazon.com/dp/B0956S39GC?tag=eloabder-20&linkCode=osi&th=1&psc=1"><img src="https://m.media-amazon.com/images/I/51mP1FW0pIL._SL500_.jpg" alt="Product Image"></a><p>Truswe Cut Off Wheels 52 Pack,4 1/2 Inch,0.45 USD/Pack,Metal and Stainless Steel Cutting Wheel for Angle Grinder,Ultra Thin Cut-Off Wheel Cutting Disc (52 PCS 4-1/2 x .045 x 7/8 inch Cut Off Wheels)</p><p> -26% 0FF </p><p>$24.29</p><a href="https://www.amazon.com/dp/B0956S39GC?tag=eloabder-20&linkCode=osi&th=1&psc=1">View Product</a></div><div class="product"><a href="https://www.amazon.com/dp/B07WGSK4V7?tag=eloabder-20&linkCode=osi&th=1&psc=1"><img src="https://m.media-amazon.com/images/I/510MTzQR9sL._SL500_.jpg" alt="Product Image"></a><p>WORKPRO 20-Pack Cut-Off Wheels, 4-1/2 x 7/8-inch Metal&Stainless Steel Cutting Wheel, Thin Metal Cutting Disc for Angle Grinder</p><p> -6% 0FF </p><p>$15.99</p><a href="https://www.amazon.com/dp/B07WGSK4V7?tag=eloabder-20&linkCode=osi&th=1&psc=1">View Product</a></div><div class="product"><a href="https://www.amazon.com/dp/B08C7F9CVS?tag=eloabder-20&linkCode=osi&th=1&psc=1"><img src="https://m.media-amazon.com/images/I/51KoNeHcHyL._SL500_.jpg" alt="Product Image"></a><p>EZARC Diamond Cutting Wheel 4 1/2 x 7/8 Inch for Metal, Cut Off Wheel with 5000+ Cuts on Rebar, Steel, Iron and INOX</p><p> -11% 0FF </p><p>$16.97</p><a href="https://www.amazon.com/dp/B08C7F9CVS?tag=eloabder-20&linkCode=osi&th=1&psc=1">View Product</a></div><div class="product"><a href="https://www.amazon.com/dp/B08FR63K33?tag=eloabder-20&linkCode=osi&th=1&psc=1"><img src="https://m.media-amazon.com/images/I/51Js3m5R8aL._SL500_.jpg" alt="Product Image"></a><p>50 Pack Cut Off Wheels 4 1/2 inch Thin Metal & Stainless Steel Cutting Wheel, Professional Fast Cutting Disc for Angle Grinder</p><p> -20% 0FF </p><p>$26.49</p><a href="https://www.amazon.com/dp/B08FR63K33?tag=eloabder-20&linkCode=osi&th=1&psc=1">View Product</a></div>
<div class="product"><a href="https://www.amazon.com/dp/B01K22Q9R8?tag=eloabder-20&linkCode=osi&th=1&psc=1"><img src="https://m.media-amazon.com/images/I/41VcU0uPlLL._SL500_.jpg" alt="Product Image"></a><p>42 Pcs Wet Dry Sandpaper 120 to 3000 Grit Assortment 9 * 3.6 Inches Abrasive Paper Sheets for Automotive Sanding Wood Furniture Finishing</p><p> -11% 0FF </p><p>$7.99 ($0.19 / Count)</p><a href="https://www.amazon.com/dp/B01K22Q9R8?tag=eloabder-20&linkCode=osi&th=1&psc=1">View Product</a></div><div class="product"><a href="https://www.amazon.com/dp/B0894N7QT2?tag=eloabder-20&linkCode=osi&th=1&psc=1"><img src="https://m.media-amazon.com/images/I/51Rfp3gQTWL._SL500_.jpg" alt="Product Image"></a><p>100PCS 5 Inch 8 Holes Sanding Discs 60 120 240 400 600 800 1000 1200 1500 2000 Grit Sandpaper Sander Round Sand Paper (100pcs 60-2000 grit)</p><p> -24% 0FF </p><p>$12.99</p><a href="https://www.amazon.com/dp/B0894N7QT2?tag=eloabder-20&linkCode=osi&th=1&psc=1">View Product</a></div><div class="product"><a href="https://www.amazon.com/dp/B07HHY6MKY?tag=eloabder-20&linkCode=osi&th=1&psc=1"><img src="https://m.media-amazon.com/images/I/41QDuvYCQlL._SL500_.jpg" alt="Product Image"></a><p>WORKPRO 150-piece Sanding Discs Set - 5-Inch 8-Hole Sandpaper 10 Grades Include 60, 80, 100, 120, 150,180, 240, 320, 400, 600 Grits for Random Orbital Sander(Not for Oscillating Tools or Mouse Sander)</p><p> -20% 0FF </p><p>$19.99 ($0.13 / Count)</p><a href="https://www.amazon.com/dp/B07HHY6MKY?tag=eloabder-20&linkCode=osi&th=1&psc=1">View Product</a></div><div class="product"><a href="https://www.amazon.com/dp/B09X6DY6RW?tag=eloabder-20&linkCode=osi&th=1&psc=1"><img src="https://m.media-amazon.com/images/I/41rifda9wbL._SL500_.jpg" alt="Product Image"></a><p>Afruxy 4 Pack Extra Fine Sanding Block, Washable and Reusable Sanding Sponge for Wood Drywall Metal Glasses Coarse/Medium/Fine/Superfine in 60/80/120/220 Grit Sandpaper Block Sand Paper Brick</p><p> -25% 0FF </p><p>$8.99 ($2.25 / Count)</p><a href="https://www.amazon.com/dp/B09X6DY6RW?tag=eloabder-20&linkCode=osi&th=1&psc=1">View Product</a></div>
<div class="product"><a href="https://www.amazon.com/dp/B07CH6QNCV?tag=eloabder-20&linkCode=osi&th=1&psc=1"><img src="https://m.media-amazon.com/images/I/413Vmyc4FPL._SL500_.jpg" alt="Product Image"></a><p>VASTOOLS Welding Chipping Hammer with Coil Spring Handle,10.5",Cone and Vertical Chisel/ 10" Wire Brush(Free), Black</p><p> -18% 0FF </p><p>$13.99</p><a href="https://www.amazon.com/dp/B07CH6QNCV?tag=eloabder-20&linkCode=osi&th=1&psc=1">View Product</a></div><div class="product"><a href="https://www.amazon.com/dp/B0D6QRJJ4R?tag=eloabder-20&linkCode=osi&th=1&psc=1"><img src="https://m.media-amazon.com/images/I/41KF4m4nNfL._SL500_.jpg" alt="Product Image"></a><p>120A MIG Welding Machine, 110V/220V Flux Core Welder/Lift TIG/Stick Welder 3 in 1, Portable Gasless Welder with IGBT Inverter, Welding Gun & Welding Wire, Weld Kit for Aluminum, Metal</p><p> -56% 0FF </p><p>$69.99</p><a href="https://www.amazon.com/dp/B0D6QRJJ4R?tag=eloabder-20&linkCode=osi&th=1&psc=1">View Product</a></div>
<div class="product"><a href="https://www.amazon.com/dp/B09YGXKZC1?tag=eloabder-20&linkCode=osi&th=1&psc=1"><img src="https://m.media-amazon.com/images/I/417vPDmhw0L._SL500_.jpg" alt="Product Image"></a><p>ARCCAPTAIN Stick Welder, [Large LED Display] 200A ARC/Lift TIG Welding Machine with Synergic Control, IGBT Inverter 110V/220V Portable MMA Welder Machine with Hot Start, Arc force and Anti-Stick</p><p> -31% 0FF </p><p>$116.63</p><a href="https://www.amazon.com/dp/B09YGXKZC1?tag=eloabder-20&linkCode=osi&th=1&psc=1">View Product</a></div><div class="product"><a href="https://www.amazon.com/dp/B0D9LDRJV7?tag=eloabder-20&linkCode=osi&th=1&psc=1"><img src="https://m.media-amazon.com/images/I/51o3VwWmuzL._SL500_.jpg" alt="Product Image"></a><p>AwxryoX Portable Handheld Welding Machine, 110V 140Amp Upgraded Maquina de Soldar with IGBT Inverter 6 Variable Current, Soldadora Welding Tool Set with 3/32"-1/8" Welding Rod & Protective Gloves</p><p> -25% 0FF </p><p>$89.99</p><a href="https://www.amazon.com/dp/B0D9LDRJV7?tag=eloabder-20&linkCode=osi&th=1&psc=1">View Product</a></div><div class="product"><a href="https://www.amazon.com/dp/B09WDGL3GQ?tag=eloabder-20&linkCode=osi&th=1&psc=1"><img src="https://m.media-amazon.com/images/I/518jYZZcNhL._SL500_.jpg" alt="Product Image"></a><p>Welding Machine, Upgraded MMA-250A 110V Welder Machine,Portable Stick Welder IGBT Digital Display LCD,Home DIY Arc Welder,Hot Start Arc Force Anti-stick Mini Welder</p><p> -14% 0FF </p><p>$67.79</p><a href="https://www.amazon.com/dp/B09WDGL3GQ?tag=eloabder-20&linkCode=osi&th=1&psc=1">View Product</a></div><div class="product"><a href="https://www.amazon.com/dp/B0BR8TS34Y?tag=eloabder-20&linkCode=osi&th=1&psc=1"><img src="https://m.media-amazon.com/images/I/51NzsbTpmyL._SL500_.jpg" alt="Product Image"></a><p>Welding machine handheld | 110V IGBT Digital Stick WelderÔºåPortable welder machine with Complete Accessory Set & Carrying Case</p><p> -50% 0FF </p><p>$49.99</p><a href="https://www.amazon.com/dp/B0BR8TS34Y?tag=eloabder-20&linkCode=osi&th=1&psc=1">View Product</a></div><div class="product"><a href="https://www.amazon.com/dp/B0BN81636G?tag=eloabder-20&linkCode=osi&th=1&psc=1"><img src="https://m.media-amazon.com/images/I/41q0oXAoP1L._SL500_.jpg" alt="Product Image"></a><p>AZZUNO MIG Welder,Flux Core Welder Machine 110V 130Amp, Gasless MIG Welding Machine IGBT Inverter Welder Portable Wire Feed Welder (110V)</p><p> -21% 0FF </p><p>$85.99</p><a href="https://www.amazon.com/dp/B0BN81636G?tag=eloabder-20&linkCode=osi&th=1&psc=1">View Product</a></div>
<div class="product"><a href="https://www.amazon.com/dp/B07MKRYWMD?tag=eloabder-20&linkCode=osi&th=1&psc=1"><img src="https://m.media-amazon.com/images/I/31nmFb6CayL._SL500_.jpg" alt="Product Image"></a><p>Hobart 770890 Auto-Darkening Welding Helmet, Large, Black</p><p> -10% 0FF </p><p>$98.99</p><a href="https://www.amazon.com/dp/B07MKRYWMD?tag=eloabder-20&linkCode=osi&th=1&psc=1">View Product</a></div><div class="product"><a href="https://www.amazon.com/dp/B07V9G94NK?tag=eloabder-20&linkCode=osi&th=1&psc=1"><img src="https://m.media-amazon.com/images/I/31SAUhqpDZL._SL500_.jpg" alt="Product Image"></a><p>Lincoln Electric K3034-4 VIKING 3350 Auto Darkening Welding Helmet with 4C Lens Technology, Matte Black, extra large</p><p> -29% 0FF </p><p>$357.99</p><a href="https://www.amazon.com/dp/B07V9G94NK?tag=eloabder-20&linkCode=osi&th=1&psc=1">View Product</a></div><div class="product"><a href="https://www.amazon.com/dp/B0BYXPR9F3?tag=eloabder-20&linkCode=osi&th=1&psc=1"><img src="https://m.media-amazon.com/images/I/51ggHp1dC3L._SL500_.jpg" alt="Product Image"></a><p>TOOLIOM Welding Helmet Solar Power Auto Darkening Welding Helmet Adjustable Shade Range for MIG TIG Stick Welder Mask Blue Eagle</p><p> -13% 0FF </p><p>$27.99</p><a href="https://www.amazon.com/dp/B0BYXPR9F3?tag=eloabder-20&linkCode=osi&th=1&psc=1">View Product</a></div><div class="product"><a href="https://www.amazon.com/dp/B0BV6RYWV9?tag=eloabder-20&linkCode=osi&th=1&psc=1"><img src="https://m.media-amazon.com/images/I/41HBwMbwbaL._SL500_.jpg" alt="Product Image"></a><p>ARCCAPTAIN Welding Helmet Auto Darkening, 3.94"X3.66" Large Viewing Screen True Color Welding Hood with 4 Arc Sensor Solar Powered, Wide Shade 4-5/5-9/9-13 for ARC TIG MIG Welding Helmets for Men</p><p> -17% 0FF </p><p>$59.99</p><a href="https://www.amazon.com/dp/B0BV6RYWV9?tag=eloabder-20&linkCode=osi&th=1&psc=1">View Product</a></div>
<div class="product"><a href="https://www.amazon.com/dp/B07RX7TNBY?tag=eloabder-20&linkCode=osi&th=1&psc=1"><img src="https://m.media-amazon.com/images/I/417ep0UH1cL._SL500_.jpg" alt="Product Image"></a><p>WZQH 16 Inches,932‚Ñâ,Leather Forge Welding Gloves, Heat/Fire Resistant,Mitts for BBQ,Oven,Grill,Fireplace,Tig,Mig,Baking,Furnace,Stove,Pot Holder,Animal Handling Glove.Black-gray</p><p> -32% 0FF </p><p>$19.74 ($19.74 / Count)</p><a href="https://www.amazon.com/dp/B07RX7TNBY?tag=eloabder-20&linkCode=osi&th=1&psc=1">View Product</a></div><div class="product"><a href="https://www.amazon.com/dp/B00IYX04YC?tag=eloabder-20&linkCode=osi&th=1&psc=1"><img src="https://m.media-amazon.com/images/I/51vjm0ZOsgL._SL500_.jpg" alt="Product Image"></a><p>Lincoln Electric Leather Welding Gloves KH641, Premium Hand Protection from Welder and Cutting Torch Heat, Commercial Quality, Cotton Lined, Gauntlet Cuff, Unisex, Grey, One Size</p><p> -5% 0FF </p><p>$18.98</p><a href="https://www.amazon.com/dp/B00IYX04YC?tag=eloabder-20&linkCode=osi&th=1&psc=1">View Product</a></div><div class="product"><a href="https://www.amazon.com/dp/B078FMLJSW?tag=eloabder-20&linkCode=osi&th=1&psc=1"><img src="https://m.media-amazon.com/images/I/41cO-Y-5sjL._SL500_.jpg" alt="Product Image"></a><p>Revco GM1611 Top Grain Leather Cowhide MIG Welding Gloves with Reinforced Palm & Thumb & Index Finger, Seamless Forefinger, 5" Cuff for Extra Protection (Medium)</p><p> -7% 0FF </p><p>$27.99</p><a href="https://www.amazon.com/dp/B078FMLJSW?tag=eloabder-20&linkCode=osi&th=1&psc=1">View Product</a></div>
<div class="product"><a href="https://www.amazon.com/dp/B07W41G6P3?tag=eloabder-20&linkCode=osi&th=1&psc=1"><img src="https://m.media-amazon.com/images/I/51FnU0Vr4ZL._SL500_.jpg" alt="Product Image"></a><p>YESWELDER Flux Core Gasless Mig Wire, Mild Steel E71TGS .030-Diameter, 2-Pound Strong ABS Plastic Spool</p><p> -30% 0FF </p><p>$15.99</p><a href="https://www.amazon.com/dp/B07W41G6P3?tag=eloabder-20&linkCode=osi&th=1&psc=1">View Product</a></div><div class="product"><a href="https://www.amazon.com/dp/B0BRCT2NLM?tag=eloabder-20&linkCode=osi&th=1&psc=1"><img src="https://m.media-amazon.com/images/I/412YtbTwWWL._SL500_.jpg" alt="Product Image"></a><p>0.035 flux core welding wire, 3 Spools E71T-GS Low Splatter gasless Carbon Steel Mig Welding Wire Compatible With HF Fourney Harbor Welder(3 PACK)</p><p> -9% 0FF </p><p>$29.99</p><a href="https://www.amazon.com/dp/B0BRCT2NLM?tag=eloabder-20&linkCode=osi&th=1&psc=1">View Product</a></div><div class="product"><a href="https://www.amazon.com/dp/B003XKH71O?tag=eloabder-20&linkCode=osi&th=1&psc=1"><img src="https://m.media-amazon.com/images/I/51aO46a0SrL._SL500_.jpg" alt="Product Image"></a><p>INEFIL ER70S-6 .030-Inch on 10-Pound Spool Carbon Steel Mig Solid Welding Wire</p><p> -24% 0FF </p><p>$25.05 ($0.16 / Ounce)</p><a href="https://www.amazon.com/dp/B003XKH71O?tag=eloabder-20&linkCode=osi&th=1&psc=1">View Product</a></div><div class="product"><a href="https://www.amazon.com/dp/B00F429SZM?tag=eloabder-20&linkCode=osi&th=1&psc=1"><img src="https://m.media-amazon.com/images/I/41BHKwqBRIL._SL500_.jpg" alt="Product Image"></a><p>Blue Demon E71TGS X .035‚Äù X 2 LB MIG/GMAW Gasless Flux Core Carbon Steel Welding Wire, All Position, Easy Slag Removal, Formulated To Provide Porosity-Free, X-Ray Quality Welds</p><p> -30% 0FF </p><p>$11.91</p><a href="https://www.amazon.com/dp/B00F429SZM?tag=eloabder-20&linkCode=osi&th=1&psc=1">View Product</a></div><div class="product"><a href="https://www.amazon.com/dp/B01I82OSC2?tag=eloabder-20&linkCode=osi&th=1&psc=1"><img src="https://m.media-amazon.com/images/I/41QrzqdrCEL._SL500_.jpg" alt="Product Image"></a><p>Lincoln Electric MIG Welding Wire, NR-211-MP, .035, Spool, Model: ED030584 (Pack of 3)</p><p> -6% 0FF </p><p>$46.99 ($15.66 / Count)</p><a href="https://www.amazon.com/dp/B01I82OSC2?tag=eloabder-20&linkCode=osi&th=1&psc=1">View Product</a></div><div class="product"><a href="https://www.amazon.com/dp/B09YYCRKR2?tag=eloabder-20&linkCode=osi&th=1&psc=1"><img src="https://m.media-amazon.com/images/I/51DpQ1PI8pL._SL500_.jpg" alt="Product Image"></a><p>ARCCAPTAIN Flux Core Welding Wire .030, E71T-GS Mig Welding Wire 2-Pound Spool Gasless Mild Carbon Steel Compatible With Lincoln Miller Forney Harbor Welder</p><p> -8% 0FF </p><p>$16.99</p><a href="https://www.amazon.com/dp/B09YYCRKR2?tag=eloabder-20&linkCode=osi&th=1&psc=1">View Product</a></div><div class="product"><a href="https://www.amazon.com/dp/B09DYCK78H?tag=eloabder-20&linkCode=osi&th=1&psc=1"><img src="https://m.media-amazon.com/images/I/41umOmMUkzL._SL500_.jpg" alt="Product Image"></a><p>TOOLIOM ER70S-6 .030"(0.8 mm) Mild Steel Mig Solid Welding Wire on 10-Pound Spool for TL-200M TL-250M Pro</p><p> -7% 0FF </p><p>$27.99</p><a href="https://www.amazon.com/dp/B09DYCK78H?tag=eloabder-20&linkCode=osi&th=1&psc=1">View Product</a></div>
<div class="product"><a href="https://www.amazon.com/dp/B0B3D96MN6?tag=eloabder-20&linkCode=osi&th=1&psc=1"><img src="https://m.media-amazon.com/images/I/51k0bP+5e6L._SL500_.jpg" alt="Product Image"></a><p>Soldering Iron Premium Kit, 60W Soldering Gun with Ceramic Heater, 12-in-1 Soldering Tool, Adjustable Temperature 200 to 450¬∞C, Includes Soldering Iron Tip, Solder Wire, Pump and Paste</p><p> -20% 0FF </p><p>$23.99</p><a href="https://www.amazon.com/dp/B0B3D96MN6?tag=eloabder-20&linkCode=osi&th=1&psc=1">View Product</a></div><div class="product"><a href="https://www.amazon.com/dp/B087767KNW?tag=eloabder-20&linkCode=osi&th=1&psc=1"><img src="https://m.media-amazon.com/images/I/41rapiHruXL._SL500_.jpg" alt="Product Image"></a><p>Soldering Iron Kit, 60W Soldering Iron with Interchangeable Iron Tips, 10-in-1 Adjustable Temperature Soldering Welding Iron Kit for any Hobby Enthusiast 110V US Plug</p><p> -13% 0FF </p><p>$12.99</p><a href="https://www.amazon.com/dp/B087767KNW?tag=eloabder-20&linkCode=osi&th=1&psc=1">View Product</a></div><div class="product"><a href="https://www.amazon.com/dp/B082F1WKP9?tag=eloabder-20&linkCode=osi&th=1&psc=1"><img src="https://m.media-amazon.com/images/I/518z061SWZL._SL500_.jpg" alt="Product Image"></a><p>YIHUA 926 III 60W Digital Display Soldering Iron Station Kit w 2 Helping Hands, 6 Extra Iron Tips, Lead-Free Solder, Solder Sucker, S/S Tweezers, ¬∞C/¬∫F Conversion, Auto Sleep & Calibration Support</p><p> -17% 0FF </p><p>$49.99</p><a href="https://www.amazon.com/dp/B082F1WKP9?tag=eloabder-20&linkCode=osi&th=1&psc=1">View Product</a></div><div class="product"><a href="https://www.amazon.com/dp/B002PIA6Z4?tag=eloabder-20&linkCode=osi&th=1&psc=1"><img src="https://m.media-amazon.com/images/I/41hE8aKpakL._SL500_.jpg" alt="Product Image"></a><p>Pro'sKit 900-015 Helping Hands Soldering Aid</p><p> -35% 0FF </p><p>$7.59</p><a href="https://www.amazon.com/dp/B002PIA6Z4?tag=eloabder-20&linkCode=osi&th=1&psc=1">View Product</a></div><div class="product"><a href="https://www.amazon.com/dp/B094GZ6CPZ?tag=eloabder-20&linkCode=osi&th=1&psc=1"><img src="https://m.media-amazon.com/images/I/510vFCSfPqL._SL500_.jpg" alt="Product Image"></a><p>Lesnow solder wick braid 10ft Length Desoldering Wick Braid Remover Tool Solder Sucker 1 piece No-Clean soldering Wick Wire Roll and Disassemble Electrical Components</p><p> -20% 0FF </p><p>$7.99</p><a href="https://www.amazon.com/dp/B094GZ6CPZ?tag=eloabder-20&linkCode=osi&th=1&psc=1">View Product</a></div><div class="product"><a href="https://www.amazon.com/dp/B0CZ9KB3PS?tag=eloabder-20&linkCode=osi&th=1&psc=1"><img src="https://m.media-amazon.com/images/I/41i90xEV7CL._SL500_.jpg" alt="Product Image"></a><p>60W Digital Soldering Station Fast Heating Precision Temperature Control Soldering Iron Station with Stable Base Auto Sleep 10 Soldering Iron Tips Soldering Station Kit for Beginners DIY hobbyist</p><p> -15% 0FF </p><p>$39.88</p><a href="https://www.amazon.com/dp/B0CZ9KB3PS?tag=eloabder-20&linkCode=osi&th=1&psc=1">View Product</a></div><div class="product"><a href="https://www.amazon.com/dp/B00NS4J6BY?tag=eloabder-20&linkCode=osi&th=1&psc=1"><img src="https://m.media-amazon.com/images/I/51zuuNWwBjL._SL500_.jpg" alt="Product Image"></a><p>Thermaltronics TMT-TC-2 Tip Tinner (20g) in 0.8oz Container</p><p> -21% 0FF </p><p>$6.35 ($7.94 / Ounce)</p><a href="https://www.amazon.com/dp/B00NS4J6BY?tag=eloabder-20&linkCode=osi&th=1&psc=1">View Product</a></div>
<div class="product"><a href="https://www.amazon.com/dp/B097T8CG94?tag=eloabder-20&linkCode=osi&th=1&psc=1"><img src="https://m.media-amazon.com/images/I/51ciNJ1DuTL._SL500_.jpg" alt="Product Image"></a><p>Soldering Iron Kit,Electric 60W Soldering Gun Welding Tools with ON/OFF Swicth,5 Soldering Iron Tips,Tweezers,solder wire,for soldering Kit and Repairing,DIY</p><p> -50% 0FF </p><p>$5.99</p><a href="https://www.amazon.com/dp/B097T8CG94?tag=eloabder-20&linkCode=osi&th=1&psc=1">View Product</a></div><div class="product"><a href="https://www.amazon.com/dp/B08R3515SF?tag=eloabder-20&linkCode=osi&th=1&psc=1"><img src="https://m.media-amazon.com/images/I/41-UwHjbdpL._SL500_.jpg" alt="Product Image"></a><p>Soldering Iron Kit, 80W 110V LCD Digital Soldering Welding Iron Kit with Ceramic Heater, Portable Soldering Kit with 5pcs Tips, Stand, Solder Tube, Sponge, Solder Paste,for Metal,Electric, DIY</p><p> -23% 0FF </p><p>$9.95</p><a href="https://www.amazon.com/dp/B08R3515SF?tag=eloabder-20&linkCode=osi&th=1&psc=1">View Product</a></div><div class="product"><a href="https://www.amazon.com/dp/B0BW4HMXJ3?tag=eloabder-20&linkCode=osi&th=1&psc=1"><img src="https://m.media-amazon.com/images/I/516tKeqajpL._SL500_.jpg" alt="Product Image"></a><p>Soldering Iron Kit 80W LCD Adjustable Temperature 180-520‚ÑÉ Solder Kit Electronics 13 in 1 Welding Tools with ON/OFF Switch, Solder Wire, Flux, 5 Soldering Tips, Desoldering Pump, Stand, Tweezers</p><p> -27% 0FF </p><p>$18.98</p><a href="https://www.amazon.com/dp/B0BW4HMXJ3?tag=eloabder-20&linkCode=osi&th=1&psc=1">View Product</a></div>
<div class="product"><a href="https://www.amazon.com/dp/B077JDGY1J?tag=eloabder-20&linkCode=osi&th=1&psc=1"><img src="https://m.media-amazon.com/images/I/41yRK+nzODL._SL500_.jpg" alt="Product Image"></a><p>Weller 70 Watt Digital Soldering Station | WE1010NA</p><p> -25% 0FF </p><p>$115.00</p><a href="https://www.amazon.com/dp/B077JDGY1J?tag=eloabder-20&linkCode=osi&th=1&psc=1">View Product</a></div><div class="product"><a href="https://www.amazon.com/dp/B09TXP1KDV?tag=eloabder-20&linkCode=osi&th=1&psc=1"><img src="https://m.media-amazon.com/images/I/51-97nkYLSL._SL500_.jpg" alt="Product Image"></a><p>WEP 927-IV Soldering Station Kit High-Power 110W with 3 Preset Channels, Sleep Mode, LED Magnifier, 5 Extra Iron Tips, Tip Cleaner, 2 Helping Hands, Tip Storage Slots, Lead-free Solder Wire, Tweezers</p><p> -25% 0FF </p><p>$59.99</p><a href="https://www.amazon.com/dp/B09TXP1KDV?tag=eloabder-20&linkCode=osi&th=1&psc=1">View Product</a></div><div class="product"><a href="https://www.amazon.com/dp/B07RVMZNYR?tag=eloabder-20&linkCode=osi&th=1&psc=1"><img src="https://m.media-amazon.com/images/I/51MK9AVKTeL._SL500_.jpg" alt="Product Image"></a><p>YIHUA 939D+ Digital Soldering Station, 75W Equivalent with Precision Heat Control (392¬∞F to 896¬∞F) and Built-in Transformer. ESD Safe, Lead Free with ¬∞C/¬∞F display (Black)</p><p> -17% 0FF </p><p>$59.99</p><a href="https://www.amazon.com/dp/B07RVMZNYR?tag=eloabder-20&linkCode=osi&th=1&psc=1">View Product</a></div><div class="product"><a href="https://www.amazon.com/dp/B0BX5KXBPD?tag=eloabder-20&linkCode=osi&th=1&psc=1"><img src="https://m.media-amazon.com/images/I/51kzeXwC0sL._SL500_.jpg" alt="Product Image"></a><p>WEP 882D Soldering Iron Station 2-IN-1 SMD Hot Air Rework Station with 2 Spools of Solder Wire, 5 Soldering Tips, 3 Hot Air Nozzles, Brass Wool Tip Cleaner, Tweezers, Desoldering pump</p><p> -12% 0FF </p><p>$48.44</p><a href="https://www.amazon.com/dp/B0BX5KXBPD?tag=eloabder-20&linkCode=osi&th=1&psc=1">View Product</a></div><div class="product"><a href="https://www.amazon.com/dp/B07S4GPM66?tag=eloabder-20&linkCode=osi&th=1&psc=1"><img src="https://m.media-amazon.com/images/I/51Z2ti7tGQL._SL500_.jpg" alt="Product Image"></a><p>YIHUA 853D 2A USB SMD Hot Air Rework Soldering Iron Station, DC Power Supply 0-15V 0-2A with 5V USB Charging Port and 35 Volt DC Voltage Test Meter</p><p> -12% 0FF </p><p>$149.99</p><a href="https://www.amazon.com/dp/B07S4GPM66?tag=eloabder-20&linkCode=osi&th=1&psc=1">View Product</a></div><div class="product"><a href="https://www.amazon.com/dp/B07RY5XWVG?tag=eloabder-20&linkCode=osi&th=1&psc=1"><img src="https://m.media-amazon.com/images/I/51C2g+FzzUL._SL500_.jpg" alt="Product Image"></a><p>YIHUA 862BD+ SMD ESD Safe 2 in 1 Soldering Iron Hot Air Rework Station ¬∞F /¬∞C with Multiple Functions</p><p> -27% 0FF </p><p>$101.95</p><a href="https://www.amazon.com/dp/B07RY5XWVG?tag=eloabder-20&linkCode=osi&th=1&psc=1">View Product</a></div>
<div class="product"><a href="https://www.amazon.com/dp/B008ZIV85A?tag=eloabder-20&linkCode=osi&th=1&psc=1"><img src="https://m.media-amazon.com/images/I/41CWW+v4uOL._SL500_.jpg" alt="Product Image"></a><p>SRA Solder 135 Rosin Paste Soldering Flux For Electronics, No Clean Flux Made for Lead and Lead-Free Solder Circuit Boards and Copper Electrical Wire - Safe Clean Residues with No Goopy Mess (2oz Jar)</p><p> -23% 0FF </p><p>$8.49</p><a href="https://www.amazon.com/dp/B008ZIV85A?tag=eloabder-20&linkCode=osi&th=1&psc=1">View Product</a></div><div class="product"><a href="https://www.amazon.com/dp/B08MVXW4RY?tag=eloabder-20&linkCode=osi&th=1&psc=1"><img src="https://m.media-amazon.com/images/I/51ACPA4yj1L._SL500_.jpg" alt="Product Image"></a><p>2 Jar Solder Flux, Flux for Soldering, Rosin Soldering Flux Paste for Lead-Free Electronics Soldering and Soldering DIY (1.2oz/35g in a Jar)</p><p> -30% 0FF </p><p>$6.98</p><a href="https://www.amazon.com/dp/B08MVXW4RY?tag=eloabder-20&linkCode=osi&th=1&psc=1">View Product</a></div>
<div class="product"><a href="https://www.amazon.com/dp/B07PX44JQM?tag=eloabder-20&linkCode=osi&th=1&psc=1"><img src="https://m.media-amazon.com/images/I/41MRmHNswpL._SL500_.jpg" alt="Product Image"></a><p>Metabo HPT Compound Miter Saw, 10" Miter Saw with Large Table Saw for woodworking, Power saw with 15-Amp Motor, Accurate Miter Angles, 0-45¬∞ Bevel, 24T TCT Miter Saw Blade, Positive Stops, C10FCGS</p><p> -25% 0FF </p><p>$119.00</p><a href="https://www.amazon.com/dp/B07PX44JQM?tag=eloabder-20&linkCode=osi&th=1&psc=1">View Product</a></div><div class="product"><a href="https://www.amazon.com/dp/B0CCNY7798?tag=eloabder-20&linkCode=osi&th=1&psc=1"><img src="https://m.media-amazon.com/images/I/51Wb7rA81NL._SL500_.jpg" alt="Product Image"></a><p>DEKOPRO Drill Set: Tool Set with 8V Blue Cordless Drill, Home Tool Kit with Drill, Hand Tool Kits for Women 126 Piece</p><p> -33% 0FF </p><p>$59.99</p><a href="https://www.amazon.com/dp/B0CCNY7798?tag=eloabder-20&linkCode=osi&th=1&psc=1">View Product</a></div><div class="product"><a href="https://www.amazon.com/dp/B07JPFHQKG?tag=eloabder-20&linkCode=osi&th=1&psc=1"><img src="https://m.media-amazon.com/images/I/413RBSqCVzL._SL500_.jpg" alt="Product Image"></a><p>DEWALT 20V MAX XR Jig Saw, 3,200 Blade Speed, Cordless, Brushless Motor, LED Light, Bare Tool Only (DCS334B)</p><p> -46% 0FF </p><p>$129.00</p><a href="https://www.amazon.com/dp/B07JPFHQKG?tag=eloabder-20&linkCode=osi&th=1&psc=1">View Product</a></div><div class="product"><a href="https://www.amazon.com/dp/B01IR1SXVQ?tag=eloabder-20&linkCode=osi&th=1&psc=1"><img src="https://m.media-amazon.com/images/I/41ryU1i4DeL._SL500_.jpg" alt="Product Image"></a><p>BLACK+DECKER 20V MAX Power Tool Combo Kit, 4-Tool Cordless Power Tool Set with 2 Batteries and Charger (BD4KITCDCRL)</p><p> -29% 0FF </p><p>$141.83</p><a href="https://www.amazon.com/dp/B01IR1SXVQ?tag=eloabder-20&linkCode=osi&th=1&psc=1">View Product</a></div>
<div class="product"><a href="https://www.amazon.com/dp/B0C4L88ZFW?tag=eloabder-20&linkCode=osi&th=1&psc=1"><img src="https://m.media-amazon.com/images/I/51SJoHf6mJL._SL500_.jpg" alt="Product Image"></a><p>FADAKWALT Cordless Drill Set,12V Power Drill Set with Battery and Charger, Electric Driver/Drill Bits, 3/8'' Keyless Chuck,21+1 Torque Setting, 180 inch-lbs, with LED Electric Drill Set (Green)</p><p> -20% 0FF </p><p>$23.98</p><a href="https://www.amazon.com/dp/B0C4L88ZFW?tag=eloabder-20&linkCode=osi&th=1&psc=1">View Product</a></div><div class="product"><a href="https://www.amazon.com/dp/B07CR1GPBQ?tag=eloabder-20&linkCode=osi&th=1&psc=1"><img src="https://m.media-amazon.com/images/I/51Py58xkv6L._SL500_.jpg" alt="Product Image"></a><p>AVID POWER 20V MAX Lithium lon Cordless Drill Set, Power Drill Kit with Battery and Charger, 3/8-Inch Keyless Chuck, Variable Speed, 16 Position and 22pcs Drill Bits (Red)</p><p> -12% 0FF </p><p>$43.99</p><a href="https://www.amazon.com/dp/B07CR1GPBQ?tag=eloabder-20&linkCode=osi&th=1&psc=1">View Product</a></div><div class="product"><a href="https://www.amazon.com/dp/B09Y8BWFZB?tag=eloabder-20&linkCode=osi&th=1&psc=1"><img src="https://m.media-amazon.com/images/I/51Ixq-DjI3L._SL500_.jpg" alt="Product Image"></a><p>DEKOPRO 8V Cordless Drill, Drill Set with 3/8"Keyless Chuck, 42pcs Acessories, Built-in LED, Type-C Charge Cable, Pink Power Drill for Drilling and Tightening/Loosening Screws</p><p> -17% 0FF </p><p>$29.99</p><a href="https://www.amazon.com/dp/B09Y8BWFZB?tag=eloabder-20&linkCode=osi&th=1&psc=1">View Product</a></div>
<div class="product"><a href="https://www.amazon.com/dp/B01KJJQ1MC?tag=eloabder-20&linkCode=osi&th=1&psc=1"><img src="https://m.media-amazon.com/images/I/51zT9DcQquL._SL500_.jpg" alt="Product Image"></a><p>Skil 5080-01 13-Amp 7-1/4" Circular Saw, Red</p><p> -33% 0FF </p><p>$39.99</p><a href="https://www.amazon.com/dp/B01KJJQ1MC?tag=eloabder-20&linkCode=osi&th=1&psc=1">View Product</a></div><div class="product"><a href="https://www.amazon.com/dp/B076HPKK19?tag=eloabder-20&linkCode=osi&th=1&psc=1"><img src="https://m.media-amazon.com/images/I/41b2h45bkSS._SL500_.jpg" alt="Product Image"></a><p>BLACK+DECKER 20V MAX* Cordless Reciprocating Saw Kit (BDCR20C)</p><p> -21% 0FF </p><p>$54.99</p><a href="https://www.amazon.com/dp/B076HPKK19?tag=eloabder-20&linkCode=osi&th=1&psc=1">View Product</a></div><div class="product"><a href="https://www.amazon.com/dp/B07WP376TG?tag=eloabder-20&linkCode=osi&th=1&psc=1"><img src="https://m.media-amazon.com/images/I/51PemucX5WL._SL500_.jpg" alt="Product Image"></a><p>GALAX PRO Circular Saw and Reciprocating Saw Combo Kit with 1pcs 4.0Ah Lithium Battery and One Charger, 7 Saw Blades and Tool Bag</p><p> -21% 0FF </p><p>$109.99</p><a href="https://www.amazon.com/dp/B07WP376TG?tag=eloabder-20&linkCode=osi&th=1&psc=1">View Product</a></div><div class="product"><a href="https://www.amazon.com/dp/B00F2CGXGG?tag=eloabder-20&linkCode=osi&th=1&psc=1"><img src="https://m.media-amazon.com/images/I/41gldz3g2lS._SL500_.jpg" alt="Product Image"></a><p>DEWALT (DWE7491RS) 10-Inch Table Saw, 32-1/2-Inch Rip Capacity, Yellow/Black/Silver</p><p> -18% 0FF </p><p>$549.00</p><a href="https://www.amazon.com/dp/B00F2CGXGG?tag=eloabder-20&linkCode=osi&th=1&psc=1">View Product</a></div><div class="product"><a href="https://www.amazon.com/dp/B086SRQVVM?tag=eloabder-20&linkCode=osi&th=1&psc=1"><img src="https://m.media-amazon.com/images/I/41dsapo-W7L._SL500_.jpg" alt="Product Image"></a><p>Electric Circular Saw, HYCHIKA 6.2A Mini Circular Saw with 3 Blades(4-1/2‚Äù), Compact Hand Saw Max Cutting Depth 1-7/8'' (90¬∞), Rubber Handle, 10 Feet Cord, Fit for Wood Soft Metal Plastic Cuts</p><p> -22% 0FF </p><p>$54.38</p><a href="https://www.amazon.com/dp/B086SRQVVM?tag=eloabder-20&linkCode=osi&th=1&psc=1">View Product</a></div>
<div class="product"><a href="https://www.amazon.com/dp/B00RVZ7DNO?tag=eloabder-20&linkCode=osi&th=1&psc=1"><img src="https://m.media-amazon.com/images/I/41WHxI6Z+bL._SL500_.jpg" alt="Product Image"></a><p>DEWALT Angle Grinder, 4.5 Inch, 11 Amp, With Paddle Switch (DWE402)</p><p> -19% 0FF </p><p>$88.82</p><a href="https://www.amazon.com/dp/B00RVZ7DNO?tag=eloabder-20&linkCode=osi&th=1&psc=1">View Product</a></div><div class="product"><a href="https://www.amazon.com/dp/B07L21GNHL?tag=eloabder-20&linkCode=osi&th=1&psc=1"><img src="https://m.media-amazon.com/images/I/5199mmz0eBS._SL500_.jpg" alt="Product Image"></a><p>Metabo HPT 4-1/2-Inch Angle Grinder, Includes 5 Grinding Wheels & Hard Case, 6.2-Amp Motor, Compact & Lightweight, G12SR4</p><p> -20% 0FF </p><p>$39.00</p><a href="https://www.amazon.com/dp/B07L21GNHL?tag=eloabder-20&linkCode=osi&th=1&psc=1">View Product</a></div><div class="product"><a href="https://www.amazon.com/dp/B009ELXH1K?tag=eloabder-20&linkCode=osi&th=1&psc=1"><img src="https://m.media-amazon.com/images/I/41xbd2K1xkL._SL500_.jpg" alt="Product Image"></a><p>DEWALT Angle Grinder, One-Touch Guard, 4-1/2 -Inch (DWE4011)</p><p> -11% 0FF </p><p>$79.00</p><a href="https://www.amazon.com/dp/B009ELXH1K?tag=eloabder-20&linkCode=osi&th=1&psc=1">View Product</a></div><div class="product"><a href="https://www.amazon.com/dp/B06WW85XHR?tag=eloabder-20&linkCode=osi&th=1&psc=1"><img src="https://m.media-amazon.com/images/I/41IyxzFrgQL._SL500_.jpg" alt="Product Image"></a><p>DEWALT Angle Grinder Tool, 4-1/2-Inch to 5-Inch, Trigger Switch (DWE43116)</p><p> -20% 0FF </p><p>$134.93</p><a href="https://www.amazon.com/dp/B06WW85XHR?tag=eloabder-20&linkCode=osi&th=1&psc=1">View Product</a></div><div class="product"><a href="https://www.amazon.com/dp/B0002SRK6M?tag=eloabder-20&linkCode=osi&th=1&psc=1"><img src="https://m.media-amazon.com/images/I/31rUdEYHfiL._SL500_.jpg" alt="Product Image"></a><p>DEWALT Angle Grinder, 7-Inch, 13-Amp, 8,000 RPM, With Dust Ejection System, Corded (DW840)</p><p> -18% 0FF </p><p>$122.13</p><a href="https://www.amazon.com/dp/B0002SRK6M?tag=eloabder-20&linkCode=osi&th=1&psc=1">View Product</a></div><div class="product"><a href="https://www.amazon.com/dp/B01HD4EH4A?tag=eloabder-20&linkCode=osi&th=1&psc=1"><img src="https://m.media-amazon.com/images/I/31bCbZzbjxL._SL500_.jpg" alt="Product Image"></a><p>BOSCH GWS8-45 4-1/2 Inch 7.5 Amp Angle Grinder</p><p> -15% 0FF </p><p>$58.98</p><a href="https://www.amazon.com/dp/B01HD4EH4A?tag=eloabder-20&linkCode=osi&th=1&psc=1">View Product</a></div><div class="product"><a href="https://www.amazon.com/dp/B09MCMN9SJ?tag=eloabder-20&linkCode=osi&th=1&psc=1"><img src="https://m.media-amazon.com/images/I/51bilvYEN5L._SL500_.jpg" alt="Product Image"></a><p>7.5Amp 4-1/2 Inch 12000 RPM Angle Grinder with 2 Guards, 3 Cutting Wheels, 3 Discs, Non-Slip Handle and Carbon Brush for Metal and Wood</p><p> -13% 0FF </p><p>$39.99</p><a href="https://www.amazon.com/dp/B09MCMN9SJ?tag=eloabder-20&linkCode=osi&th=1&psc=1">View Product</a></div><div class="product"><a href="https://www.amazon.com/dp/B01FJLKS1K?tag=eloabder-20&linkCode=osi&th=1&psc=1"><img src="https://m.media-amazon.com/images/I/41OMZZp7LWL._SL500_.jpg" alt="Product Image"></a><p>WEN 944 7-Amp Angle Grinder, 4-1/2", Grey,black,orange</p><p> -30% 0FF </p><p>$24.35</p><a href="https://www.amazon.com/dp/B01FJLKS1K?tag=eloabder-20&linkCode=osi&th=1&psc=1">View Product</a></div>
<div class="product"><a href="https://www.amazon.com/dp/B07FDL1TW5?tag=eloabder-20&linkCode=osi&th=1&psc=1"><img src="https://m.media-amazon.com/images/I/51OYzHg15RL._SL500_.jpg" alt="Product Image"></a><p>SKIL Corded Multi-Function Detail Sander with Micro-Filter Dust Box 3 Additional Attachments & 12pc Sanding Sheet- SR232301</p><p> -27% 0FF </p><p>$29.00</p><a href="https://www.amazon.com/dp/B07FDL1TW5?tag=eloabder-20&linkCode=osi&th=1&psc=1">View Product</a></div><div class="product"><a href="https://www.amazon.com/dp/B0858C7X3M?tag=eloabder-20&linkCode=osi&th=1&psc=1"><img src="https://m.media-amazon.com/images/I/41-u+iAaY0L._SL500_.jpg" alt="Product Image"></a><p>DEWALT Random Orbit Sander, Variable Speed, 5-Inch (DWE6423)</p><p> -29% 0FF </p><p>$69.99</p><a href="https://www.amazon.com/dp/B0858C7X3M?tag=eloabder-20&linkCode=osi&th=1&psc=1">View Product</a></div><div class="product"><a href="https://www.amazon.com/dp/B01ALMMJH8?tag=eloabder-20&linkCode=osi&th=1&psc=1"><img src="https://m.media-amazon.com/images/I/41c+p-fOD8L._SL500_.jpg" alt="Product Image"></a><p>DEWALT Electric Sander, 1/4-Inch Sheet, (DWE6411)</p><p> -17% 0FF </p><p>$53.64</p><a href="https://www.amazon.com/dp/B01ALMMJH8?tag=eloabder-20&linkCode=osi&th=1&psc=1">View Product</a></div><div class="product"><a href="https://www.amazon.com/dp/B07JQM7C28?tag=eloabder-20&linkCode=osi&th=1&psc=1"><img src="https://m.media-amazon.com/images/I/41dKlVcpqTL._SL500_.jpg" alt="Product Image"></a><p>DEWALT 20V MAX Orbital Sander, Tool Only (DCW210B)</p><p> -41% 0FF </p><p>$105.00</p><a href="https://www.amazon.com/dp/B07JQM7C28?tag=eloabder-20&linkCode=osi&th=1&psc=1">View Product</a></div><div class="product"><a href="https://www.amazon.com/dp/B07KL4QGSQ?tag=eloabder-20&linkCode=osi&th=1&psc=1"><img src="https://m.media-amazon.com/images/I/41Ucr142bJL._SL500_.jpg" alt="Product Image"></a><p>WEN Benchtop Belt and Disc Sander with 4 x 36 in. Belt, 6 in. Disc and Cast Iron Base (6502T)</p><p> -27% 0FF </p><p>$98.80</p><a href="https://www.amazon.com/dp/B07KL4QGSQ?tag=eloabder-20&linkCode=osi&th=1&psc=1">View Product</a></div><div class="product"><a href="https://www.amazon.com/dp/B00OJWLVM6?tag=eloabder-20&linkCode=osi&th=1&psc=1"><img src="https://m.media-amazon.com/images/I/41uzJE+Q03L._SL500_.jpg" alt="Product Image"></a><p>BLACK+DECKER 2.0 Amp Electric 1/4 Sheet Orbit Sander (BDEQS300)</p><p> -29% 0FF </p><p>$28.41</p><a href="https://www.amazon.com/dp/B00OJWLVM6?tag=eloabder-20&linkCode=osi&th=1&psc=1">View Product</a></div>
<div class="product"><a href="https://www.amazon.com/dp/B0DC68CKKH?tag=eloabder-20&linkCode=osi&th=1&psc=1"><img src="https://m.media-amazon.com/images/I/41gqGPLD28L._SL500_.jpg" alt="Product Image"></a><p>VEVOR Air Compressor 80 Gallon, 6.5HP 15.5SCFM@90 PSI, 2-Stage 145PSI Oil Free Stationary Air Compressor Tank, 86dB Quiet Compressor for Industrial Manufacturing, Construction Sites (3-Phase Power)</p><p> -6% 0FF </p><p>$1,141.99</p><a href="https://www.amazon.com/dp/B0DC68CKKH?tag=eloabder-20&linkCode=osi&th=1&psc=1">View Product</a></div><div class="product"><a href="https://www.amazon.com/dp/B0CSZ1NVW4?tag=eloabder-20&linkCode=osi&th=1&psc=1"><img src="https://m.media-amazon.com/images/I/41RAQPUKmVL._SL500_.jpg" alt="Product Image"></a><p>FYPower Air Compressor Whip Hose 3/8 Inch x 10 Feet Lead in Hybrid Hose with Fittings, Flexible and Kink Resistant, 1/4" Industrial Quick Coupler and Plug Kit - Red</p><p> -50% 0FF </p><p>$9.49</p><a href="https://www.amazon.com/dp/B0CSZ1NVW4?tag=eloabder-20&linkCode=osi&th=1&psc=1">View Product</a></div><div class="product"><a href="https://www.amazon.com/dp/B0D1QK5ZKD?tag=eloabder-20&linkCode=osi&th=1&psc=1"><img src="https://m.media-amazon.com/images/I/41lJM5B8d2L._SL500_.jpg" alt="Product Image"></a><p>Uharbour Air Compressor Hose 1/4" x 50 Feet, 1/4 Air Hose PVC/Rubber Hybrid, Air Hose for Compressor with 1/4" MNPT Brass Fitting, Air Hose 50 ft for Air Compressor</p><p> -50% 0FF </p><p>$11.49 ($0.23 / Foot)</p><a href="https://www.amazon.com/dp/B0D1QK5ZKD?tag=eloabder-20&linkCode=osi&th=1&psc=1">View Product</a></div><div class="product"><a href="https://www.amazon.com/dp/B0CQ1ZXN5N?tag=eloabder-20&linkCode=osi&th=1&psc=1"><img src="https://m.media-amazon.com/images/I/413MD4U9LOL._SL500_.jpg" alt="Product Image"></a><p>DEWENWILS 3/8 Inch x 50FT Hybrid Air Hose 300 PSI, Heavy Duty Air Compressor Hose with 1/4" Industrial Quick Coupler Fittings, Flexible and Kink Resistant Air Hose (Red)</p><p> -50% 0FF </p><p>$16.24 ($0.32 / Foot)</p><a href="https://www.amazon.com/dp/B0CQ1ZXN5N?tag=eloabder-20&linkCode=osi&th=1&psc=1">View Product</a></div><div class="product"><a href="https://www.amazon.com/dp/B0CHB3GDSV?tag=eloabder-20&linkCode=osi&th=1&psc=1"><img src="https://m.media-amazon.com/images/I/41TgWdqGdPL._SL500_.jpg" alt="Product Image"></a><p>Giraffe Tools TA15BPLUS Retractable Air Hose Reel with Swivel Bracket 3/8" x 50 ft Hybrid Hose, Ceiling/Wall Mounted Heavy Duty Industrial Air Compressor Hose Reel, 300PSI, 50ft</p><p> -9% 0FF </p><p>$99.99</p><a href="https://www.amazon.com/dp/B0CHB3GDSV?tag=eloabder-20&linkCode=osi&th=1&psc=1">View Product</a></div><div class="product"><a href="https://www.amazon.com/dp/B08PDT69XS?tag=eloabder-20&linkCode=osi&th=1&psc=1"><img src="https://m.media-amazon.com/images/I/41a6Z-s1uhL._SL500_.jpg" alt="Product Image"></a><p>Craftsman 20-piece Air Accessory Kit</p><p> -24% 0FF </p><p>$33.28</p><a href="https://www.amazon.com/dp/B08PDT69XS?tag=eloabder-20&linkCode=osi&th=1&psc=1">View Product</a></div><div class="product"><a href="https://www.amazon.com/dp/B07MBY35K6?tag=eloabder-20&linkCode=osi&th=1&psc=1"><img src="https://m.media-amazon.com/images/I/41wG+631zAL._SL500_.jpg" alt="Product Image"></a><p>AZUNO Digital Tire Inflator with Pressure Gauge, 200 PSI (0.1 Res) w/LED Flashlight, Heavy Duty Air Compressor Accessories 7pcs Set, w/Lock on Air Dual Head Chuck and 90¬∞ Tire Valve</p><p> -6% 0FF </p><p>$25.99</p><a href="https://www.amazon.com/dp/B07MBY35K6?tag=eloabder-20&linkCode=osi&th=1&psc=1">View Product</a></div>
<div class="product"><a href="https://www.amazon.com/dp/B0918CSK8N?tag=eloabder-20&linkCode=osi&th=1&psc=1"><img src="https://m.media-amazon.com/images/I/51PHon751vL._SL500_.jpg" alt="Product Image"></a><p>TOOLPEAK 1/4 inch angle air die grinder with 22 pcs 2-inch roll lock sanding discs, polished color angle pneumatic die grinder, air die grinder kit</p><p> -5% 0FF </p><p>$38.57</p><a href="https://www.amazon.com/dp/B0918CSK8N?tag=eloabder-20&linkCode=osi&th=1&psc=1">View Product</a></div><div class="product"><a href="https://www.amazon.com/dp/B000VZAENC?tag=eloabder-20&linkCode=osi&th=1&psc=1"><img src="https://m.media-amazon.com/images/I/21onsePfIFL._SL500_.jpg" alt="Product Image"></a><p>Ingersoll Rand 114GQC Quick Change Air Hammer 3-Piece Chisel Set, 3500 BPM, 2-5/8" Stroke, .401 Shank</p><p> -13% 0FF </p><p>$64.99</p><a href="https://www.amazon.com/dp/B000VZAENC?tag=eloabder-20&linkCode=osi&th=1&psc=1">View Product</a></div><div class="product"><a href="https://www.amazon.com/dp/B079FCZT4N?tag=eloabder-20&linkCode=osi&th=1&psc=1"><img src="https://m.media-amazon.com/images/I/41MB8jWnISS._SL500_.jpg" alt="Product Image"></a><p>WEN 61721 18-Gauge 3/8-Inch to 2-Inch Pneumatic Brad Nailer</p><p> -38% 0FF </p><p>$27.99</p><a href="https://www.amazon.com/dp/B079FCZT4N?tag=eloabder-20&linkCode=osi&th=1&psc=1">View Product</a></div><div class="product"><a href="https://www.amazon.com/dp/B00OK3TWUW?tag=eloabder-20&linkCode=osi&th=1&psc=1"><img src="https://m.media-amazon.com/images/I/314nu+8-0xL._SL500_.jpg" alt="Product Image"></a><p>DEWALT Grinder Tool, Self-locking Touch Control, 3-Inch (DWMT70784)</p><p> -66% 0FF </p><p>$42.84</p><a href="https://www.amazon.com/dp/B00OK3TWUW?tag=eloabder-20&linkCode=osi&th=1&psc=1">View Product</a></div><div class="product"><a href="https://www.amazon.com/dp/B008JYRDEU?tag=eloabder-20&linkCode=osi&th=1&psc=1"><img src="https://m.media-amazon.com/images/I/316BGYzWEtL._SL500_.jpg" alt="Product Image"></a><p>Ingersoll Rand 301B 1/4-Inch Right-Angle Air Die Grinder</p><p> -17% 0FF </p><p>$66.55</p><a href="https://www.amazon.com/dp/B008JYRDEU?tag=eloabder-20&linkCode=osi&th=1&psc=1">View Product</a></div><div class="product"><a href="https://www.amazon.com/dp/B07MSL5X4W?tag=eloabder-20&linkCode=osi&th=1&psc=1"><img src="https://m.media-amazon.com/images/I/41Q7jIwxfQS._SL500_.jpg" alt="Product Image"></a><p>Metabo HPT Palm Nailer | Pro Preferred Brand of Pneumatic Nailers | Over-molded Rubber Grip | 360 Degree Swivel Fitting | Magnetic Nose | Ideal For Tight Spaces | 5-Year Warranty | NH90AB</p><p> -20% 0FF </p><p>$39.00</p><a href="https://www.amazon.com/dp/B07MSL5X4W?tag=eloabder-20&linkCode=osi&th=1&psc=1">View Product</a></div><div class="product"><a href="https://www.amazon.com/dp/B09XQ9Z1B9?tag=eloabder-20&linkCode=osi&th=1&psc=1"><img src="https://m.media-amazon.com/images/I/61exAD7KuDL._SL500_.jpg" alt="Product Image"></a><p>Air Cut Off Tool with 5Pcs 3-inch Die Grinder Cut-Off Wheels, Pneumatic Metal Sheet Cutting Tool, Heavy Duty Air Cutter Cut off Tool</p><p> -9% 0FF </p><p>$31.99</p><a href="https://www.amazon.com/dp/B09XQ9Z1B9?tag=eloabder-20&linkCode=osi&th=1&psc=1">View Product</a></div><div class="product"><a href="https://www.amazon.com/dp/B0CWV1M883?tag=eloabder-20&linkCode=osi&th=1&psc=1"><img src="https://m.media-amazon.com/images/I/415GvPJJSYL._SL500_.jpg" alt="Product Image"></a><p>Pneumatic Chamfering Tool Handheld, Mini Air-Powered Chamfering Machine Trimming, 45¬∞ Arc Corner with 1/4 Inch Air Inlet for Metal Wood Beveling Deburring (C&R Angle Blades)</p><p> -7% 0FF </p><p>$51.99</p><a href="https://www.amazon.com/dp/B0CWV1M883?tag=eloabder-20&linkCode=osi&th=1&psc=1">View Product</a></div>
<div class="product"><a href="https://www.amazon.com/dp/B0BZNPPBBN?tag=eloabder-20&linkCode=osi&th=1&psc=1"><img src="https://m.media-amazon.com/images/I/51U1TjcJAVL._SL500_.jpg" alt="Product Image"></a><p>6 Pack Hydraulic Seal Installation Tools, Hydraulic Cylinder Piston Repair Rebuild Seal Kit, U-Cup Rod Seal Installation Tool Kits Upgraded Super Strong Seal Twistor Install Tool Set</p><p> -5% 0FF </p><p>$38.99</p><a href="https://www.amazon.com/dp/B0BZNPPBBN?tag=eloabder-20&linkCode=osi&th=1&psc=1">View Product</a></div>
<div class="product"><a href="https://www.amazon.com/dp/B008ASBLJI?tag=eloabder-20&linkCode=osi&th=1&psc=1"><img src="https://m.media-amazon.com/images/I/4191b6i6byL._SL500_.jpg" alt="Product Image"></a><p>Forearm Forklift 2-Person Lifting and Moving Straps; Lift, Move and Carry Furniture, Appliances, Mattresses or Any Item up to 800 lbs. Safely and Easily Like a Pro, Orange</p><p> -33% 0FF </p><p>$19.99</p><a href="https://www.amazon.com/dp/B008ASBLJI?tag=eloabder-20&linkCode=osi&th=1&psc=1">View Product</a></div><div class="product"><a href="https://www.amazon.com/dp/B01G6C1R8O?tag=eloabder-20&linkCode=osi&th=1&psc=1"><img src="https://m.media-amazon.com/images/I/41BBAL4ekvS._SL500_.jpg" alt="Product Image"></a><p>Gymreapers Knee Sleeves (1 Pair) With Gym Bag - IPF Approved - Knee Sleeve & Compression Brace for Squats, Fitness, Weightlifting, and Powerlifting 7MM Sleeve Pair - For Men & Women (Large)</p><p> -14% 0FF </p><p>$59.99</p><a href="https://www.amazon.com/dp/B01G6C1R8O?tag=eloabder-20&linkCode=osi&th=1&psc=1">View Product</a></div><div class="product"><a href="https://www.amazon.com/dp/B0CB8NRQNJ?tag=eloabder-20&linkCode=osi&th=1&psc=1"><img src="https://m.media-amazon.com/images/I/41TGm-OVXtL._SL500_.jpg" alt="Product Image"></a><p>HOLKIE Retractable Casters Heavy Duty Casters with Lifting and Lowering Function Maximum Load of 700 lbs (4 casters) for Workbenches or Other Equipment</p><p> -13% 0FF </p><p>$25.99 ($6.50 / Count)</p><a href="https://www.amazon.com/dp/B0CB8NRQNJ?tag=eloabder-20&linkCode=osi&th=1&psc=1">View Product</a></div>
<div class="product"><a href="https://www.amazon.com/dp/B08669YYV7?tag=eloabder-20&linkCode=osi&th=1&psc=1"><img src="https://m.media-amazon.com/images/I/51UV5G4XfgL._SL500_.jpg" alt="Product Image"></a><p>RoMech 660lb Digital Hanging Scale with Cast Aluminum Case, Handheld 300Kg Mini Crane Scale with Hooks for Farm Hunting Fishing Outdoor (Orange)</p><p> -25% 0FF </p><p>$29.99</p><a href="https://www.amazon.com/dp/B08669YYV7?tag=eloabder-20&linkCode=osi&th=1&psc=1">View Product</a></div><div class="product"><a href="https://www.amazon.com/dp/B0CMHX7Q2X?tag=eloabder-20&linkCode=osi&th=1&psc=1"><img src="https://m.media-amazon.com/images/I/31NOuexL2YL._SL500_.jpg" alt="Product Image"></a><p>VEVOR Crane Scale, Hanging Scale Industrial Heavy Duty, Digital Crane Scale with Remote Control, Cast Aluminum Case & LED Screen, 2200 lbs/1000 kg,High Precision for Construction, Factory, Farm</p><p> -10% 0FF </p><p>$66.59</p><a href="https://www.amazon.com/dp/B0CMHX7Q2X?tag=eloabder-20&linkCode=osi&th=1&psc=1">View Product</a></div>
<div class="product"><a href="https://www.amazon.com/dp/B0CQCDVKJ1?tag=eloabder-20&linkCode=osi&th=1&psc=1"><img src="https://m.media-amazon.com/images/I/41GQHYTm0VL._SL500_.jpg" alt="Product Image"></a><p>VEVOR 2-in-1 Electric Hoist Winch, 1100 lbs Lift Capacity, 1500W Portable Power Winch Crane, 22.9 ft Lifting Height, 13 ft/min with Wired Remote Control, for Garage, Warehouse, Factory Lifting Towing</p><p> -17% 0FF </p><p>$107.99</p><a href="https://www.amazon.com/dp/B0CQCDVKJ1?tag=eloabder-20&linkCode=osi&th=1&psc=1">View Product</a></div><div class="product"><a href="https://www.amazon.com/dp/B0CT2LSGSD?tag=eloabder-20&linkCode=osi&th=1&psc=1"><img src="https://m.media-amazon.com/images/I/41-pWD30jmL._SL500_.jpg" alt="Product Image"></a><p>3 in 1 Electric Hoist Winch,2200LBS Wired and Wireless Remote Control,110/120V-Portable Power Electric Hoist,41ft Lifting Garage Lift Hoist& Pure Copper Motor,forGarage,Factories,Warehouses,Verandahs</p><p> -6% 0FF </p><p>$146.56</p><a href="https://www.amazon.com/dp/B0CT2LSGSD?tag=eloabder-20&linkCode=osi&th=1&psc=1">View Product</a></div><div class="product"><a href="https://www.amazon.com/dp/B09TW27PBZ?tag=eloabder-20&linkCode=osi&th=1&psc=1"><img src="https://m.media-amazon.com/images/I/411FSmkLWEL._SL500_.jpg" alt="Product Image"></a><p>VEVOR Electric Hoist, 440LBS Attic Hoist, Ladder Hoist, 110V Electric Hoist with 14ft Remote Control & Single/Double Slings for Lifting in Factories, Warehouses, Construction Site, Attic</p><p> -15% 0FF </p><p>$82.44</p><a href="https://www.amazon.com/dp/B09TW27PBZ?tag=eloabder-20&linkCode=osi&th=1&psc=1">View Product</a></div><div class="product"><a href="https://www.amazon.com/dp/B0C4DSHF17?tag=eloabder-20&linkCode=osi&th=1&psc=1"><img src="https://m.media-amazon.com/images/I/51EnChC+cEL._SL500_.jpg" alt="Product Image"></a><p>VEVOR 1320lbs Electric Hoist with Wireless Remote Control,110v Electric Hoist with Remote Control, 40ft/20ft Lifting Height & Pure Copper Motor, for Garage Warehouse Factory</p><p> -12% 0FF </p><p>$112.49</p><a href="https://www.amazon.com/dp/B0C4DSHF17?tag=eloabder-20&linkCode=osi&th=1&psc=1">View Product</a></div>
<div class="product"><a href="https://www.amazon.com/dp/B08GQ9VXKK?tag=eloabder-20&linkCode=osi&th=1&psc=1"><img src="https://m.media-amazon.com/images/I/51D47aU7KVL._SL500_.jpg" alt="Product Image"></a><p>Sidasu Forklift Safety Cage 36x36 Inches Forklift Work Platform 1200LBS Capacity with 4 Wheels Aerial Platform Collapsible Lift Basket Aerial Rails for Lifting Loader</p><p> -11% 0FF </p><p>$159.99</p><a href="https://www.amazon.com/dp/B08GQ9VXKK?tag=eloabder-20&linkCode=osi&th=1&psc=1">View Product</a></div><div class="product"><a href="https://www.amazon.com/dp/B0CRYQTYPQ?tag=eloabder-20&linkCode=osi&th=1&psc=1"><img src="https://m.media-amazon.com/images/I/51wrhc6U5NL._SL500_.jpg" alt="Product Image"></a><p>Santiano Forklift Cover,All-Weather Use, Multi-Functional, No Disassembly, Waterproof, Dustproof, Wind & Snow Protection,600D Oxford&EVA Eco-Friendly Material - Work Year-Round!Up to 6000 Lbs</p><p> -10% 0FF </p><p>$89.99</p><a href="https://www.amazon.com/dp/B0CRYQTYPQ?tag=eloabder-20&linkCode=osi&th=1&psc=1">View Product</a></div>
<div class="product"><a href="https://www.amazon.com/dp/B0D3LGSK5H?tag=eloabder-20&linkCode=osi&th=1&psc=1"><img src="https://m.media-amazon.com/images/I/41Stu0GX-WL._SL500_.jpg" alt="Product Image"></a><p>VEVOR Belt Conveyor, 47 x 7.8 inch Conveyor Table, Heavy Duty Stainless Steel Motorized Belt Conveyor for Inkjet Coding Applications Powered PVC Belt Anti-Static Adjustable Speed (Double Guardrail)</p><p> -30% 0FF </p><p>$168.99</p><a href="https://www.amazon.com/dp/B0D3LGSK5H?tag=eloabder-20&linkCode=osi&th=1&psc=1">View Product</a></div><div class="product"><a href="https://www.amazon.com/dp/B0D7Q3GX1Q?tag=eloabder-20&linkCode=osi&th=1&psc=1"><img src="https://m.media-amazon.com/images/I/41FysGv+h2L._SL500_.jpg" alt="Product Image"></a><p>biosp Adjustable Conveyor Roller Stand with Wheels, Conveyor System Table Height Adjusts between 23'' and 36'', Infeed/Outfeed Support Expandable Gravity Conveyor Belt 300 lbs Load Weight Capacity</p><p> -27% 0FF </p><p>$134.99</p><a href="https://www.amazon.com/dp/B0D7Q3GX1Q?tag=eloabder-20&linkCode=osi&th=1&psc=1">View Product</a></div>
<div class="product"><a href="https://www.amazon.com/dp/B085X1KRSY?tag=eloabder-20&linkCode=osi&th=1&psc=1"><img src="https://m.media-amazon.com/images/I/31zzyc8v40L._SL500_.jpg" alt="Product Image"></a><p>Rhino Cart All Terrain Mover - All Terrain Moving Dolly for Heavy Appliance, Furniture, and Building Material Handling with 2,000lb Load Rating</p><p> -11% 0FF </p><p>$141.86</p><a href="https://www.amazon.com/dp/B085X1KRSY?tag=eloabder-20&linkCode=osi&th=1&psc=1">View Product</a></div><div class="product"><a href="https://www.amazon.com/dp/B097K7JG56?tag=eloabder-20&linkCode=osi&th=1&psc=1"><img src="https://m.media-amazon.com/images/I/51L7oLmBU6L._SL500_.jpg" alt="Product Image"></a><p>XClifes Labor-Saving Handle 2 Pack, 12 in Construction Jack, Wall Tile Locator, Multi-Function Height Adjustment Lifting Device, Door Panel Lifting Cabinet Jack, Raised by 6.69 in,Dynamic Load 450 LB</p><p> -70% 0FF </p><p>$41.99</p><a href="https://www.amazon.com/dp/B097K7JG56?tag=eloabder-20&linkCode=osi&th=1&psc=1">View Product</a></div>
<div class="product"><a href="https://www.amazon.com/dp/B0C73SXNLS?tag=eloabder-20&linkCode=osi&th=1&psc=1"><img src="https://m.media-amazon.com/images/I/51wYIKHX3sL._SL500_.jpg" alt="Product Image"></a><p>Space Saving Hangers, 10PCS Magic Hangers, 5 Holes Sturdy Plastic Hanger Clothes Organizer, Closet Organizers and Storage, Space Saver Hangers Organization, College Dorm Room Essentials (Gray)</p><p> -60% 0FF </p><p>$7.97</p><a href="https://www.amazon.com/dp/B0C73SXNLS?tag=eloabder-20&linkCode=osi&th=1&psc=1">View Product</a></div><div class="product"><a href="https://www.amazon.com/dp/B0BS3JQFBN?tag=eloabder-20&linkCode=osi&th=1&psc=1"><img src="https://m.media-amazon.com/images/I/51B12NhX-VL._SL500_.jpg" alt="Product Image"></a><p>HUITEM Space Saving 6 Tier Pant Hangers, Anti-Slip, Stainless Steel, 2 Pack, Black</p><p> -37% 0FF </p><p>$16.99 ($8.50 / Count)</p><a href="https://www.amazon.com/dp/B0BS3JQFBN?tag=eloabder-20&linkCode=osi&th=1&psc=1">View Product</a></div><div class="product"><a href="https://www.amazon.com/dp/B091KFT7WN?tag=eloabder-20&linkCode=osi&th=1&psc=1"><img src="https://m.media-amazon.com/images/I/415blLO8QrS._SL500_.jpg" alt="Product Image"></a><p>Magic Pants Hangers Space Saving - 2 Pack for Closet Multiple Layers Multifunctional Uses Rack Organizer for Trousers Scarves Slack (2 Pack with 10 Metal Clips)</p><p> -32% 0FF </p><p>$17.59 ($8.80 / Count)</p><a href="https://www.amazon.com/dp/B091KFT7WN?tag=eloabder-20&linkCode=osi&th=1&psc=1">View Product</a></div><div class="product"><a href="https://www.amazon.com/dp/B0CX56DY6R?tag=eloabder-20&linkCode=osi&th=1&psc=1"><img src="https://m.media-amazon.com/images/I/41lm5CT5cBL._SL500_.jpg" alt="Product Image"></a><p>ZEDODIER Tank Top Hanger, Rotatable Bra Organzier for Closet, Max 24 Storage Capacity Sport Bra Holder, Metal Space Saving Closet Organizers and Storage, Silver</p><p> -20% 0FF </p><p>$7.99</p><a href="https://www.amazon.com/dp/B0CX56DY6R?tag=eloabder-20&linkCode=osi&th=1&psc=1">View Product</a></div><div class="product"><a href="https://www.amazon.com/dp/B0CPPHDVDJ?tag=eloabder-20&linkCode=osi&th=1&psc=1"><img src="https://m.media-amazon.com/images/I/51sbXFj+BoL._SL500_.jpg" alt="Product Image"></a><p>2 Pack Closet-Organizers-and-Storage,6 Tier Mens-Shorts Pants-Hangers-Space-Saving,Skirt-Hangers with Clips for Closet Organizer,College-Dorm-Room-Essentials,Closet Storage Jean Yoga Legging Hanger</p><p> -8% 0FF </p><p>$11.99</p><a href="https://www.amazon.com/dp/B0CPPHDVDJ?tag=eloabder-20&linkCode=osi&th=1&psc=1">View Product</a></div>
<div class="product"><a href="https://www.amazon.com/dp/B0B7KTX5LC?tag=eloabder-20&linkCode=osi&th=1&psc=1"><img src="https://m.media-amazon.com/images/I/51JTXlpt4rL._SL500_.jpg" alt="Product Image"></a><p>Bezuny 72" H|36" W All-Metal Garage Shelving Unit and Storage-Easy Assembly Shelves 5-Tier Rack|Heavy-Duty Adjustable Shelf|Steel Waterproof Rust-Resistant Shelves for Industrial,Warehouse,Basement</p><p> -30% 0FF </p><p>$69.99</p><a href="https://www.amazon.com/dp/B0B7KTX5LC?tag=eloabder-20&linkCode=osi&th=1&psc=1">View Product</a></div><div class="product"><a href="https://www.amazon.com/dp/B0B5S3PH6P?tag=eloabder-20&linkCode=osi&th=1&psc=1"><img src="https://m.media-amazon.com/images/I/51jO-STn4XL._SL500_.jpg" alt="Product Image"></a><p>REIBII Garage Shelving, 72" Garage Storage Shelves Heavy Duty Shelving Units and Storage Loads 2500LBS, Adjustable 5 Tier Metal Shelving for Garage Shelves, Utility Shelf Rack, 72" H*35.5" W*16" D</p><p> -20% 0FF </p><p>$79.85</p><a href="https://www.amazon.com/dp/B0B5S3PH6P?tag=eloabder-20&linkCode=osi&th=1&psc=1">View Product</a></div><div class="product"><a href="https://www.amazon.com/dp/B0B6BDKTLB?tag=eloabder-20&linkCode=osi&th=1&psc=1"><img src="https://m.media-amazon.com/images/I/51ku-TmYb3L._SL500_.jpg" alt="Product Image"></a><p>REIBII 36" W x 16" D x 72" H Garage Shelving 2500LBS Capacity Adjustable 5-Tier Heavy Duty Metal Shelving Rack Shelf for Garage,Shed, Pantry, Basement,2 Pack</p><p> -40% 0FF </p><p>$117.99</p><a href="https://www.amazon.com/dp/B0B6BDKTLB?tag=eloabder-20&linkCode=osi&th=1&psc=1">View Product</a></div>
<div class="product"><a href="https://www.amazon.com/dp/B0BV5K3K6V?tag=eloabder-20&linkCode=osi&th=1&psc=1"><img src="https://m.media-amazon.com/images/I/41lZ9MOqYgL._SL500_.jpg" alt="Product Image"></a><p>Pro-Lift Garage Storage Shelves - Heavy Duty 4-Tier Adjustable Metal Wire Shelving Units with 8000 lbs Total Capacity for Garage Basement Racking Organization - 72" H X 77" W X 24" D</p><p> -10% 0FF </p><p>$404.99</p><a href="https://www.amazon.com/dp/B0BV5K3K6V?tag=eloabder-20&linkCode=osi&th=1&psc=1">View Product</a></div><div class="product"><a href="https://www.amazon.com/dp/B0BV6P81V5?tag=eloabder-20&linkCode=osi&th=1&psc=1"><img src="https://m.media-amazon.com/images/I/41cJ52D8IXL._SL500_.jpg" alt="Product Image"></a><p>Pro-LifT Garage Storage Shelves - Heavy Duty 3-Tier Adjustable Metal Wire Shelving Units with 3000 lbs Total Capacity for Garage Basement Racking Organization - 48" H X 48" W X 24" D</p><p> -10% 0FF </p><p>$269.99</p><a href="https://www.amazon.com/dp/B0BV6P81V5?tag=eloabder-20&linkCode=osi&th=1&psc=1">View Product</a></div><div class="product"><a href="https://www.amazon.com/dp/B099RT478T?tag=eloabder-20&linkCode=osi&th=1&psc=1"><img src="https://m.media-amazon.com/images/I/51qH610h91L._SL500_.jpg" alt="Product Image"></a><p>FLEXIMOUNTS Garage Shelving, 3-Tier Heavy Duty Adjustable Shelf, 4650 lbs Weight Capacity Storage Rack, 4 Feet Tall Industrial Metal Shelving</p><p> -20% 0FF </p><p>$159.99</p><a href="https://www.amazon.com/dp/B099RT478T?tag=eloabder-20&linkCode=osi&th=1&psc=1">View Product</a></div><div class="product"><a href="https://www.amazon.com/dp/B0BVB3KSF8?tag=eloabder-20&linkCode=osi&th=1&psc=1"><img src="https://m.media-amazon.com/images/I/41OiNKSrE9L._SL500_.jpg" alt="Product Image"></a><p>Pro-LifT Garage Storage Shelves - Heavy Duty 5-Tier Adjustable Metal Wire Shelving Units with 4000 lbs Total Capacity for Garage Basement Racking Organization - 72" H X 48" W X 18" D</p><p> -21% 0FF </p><p>$172.90</p><a href="https://www.amazon.com/dp/B0BVB3KSF8?tag=eloabder-20&linkCode=osi&th=1&psc=1">View Product</a></div><div class="product"><a href="https://www.amazon.com/dp/B00EZEN2KW?tag=eloabder-20&linkCode=osi&th=1&psc=1"><img src="https://m.media-amazon.com/images/I/41NZ6KW-NBL._SL500_.jpg" alt="Product Image"></a><p>BestOffice 18x48x72 Storage Shelves Commercial Heavy Duty Metal Shelves Garage Organizer Wire Rack Shelving Storage Unit Shelf Adjustable Utility 6000 LBS Capacity,Chrome</p><p> -32% 0FF </p><p>$88.99</p><a href="https://www.amazon.com/dp/B00EZEN2KW?tag=eloabder-20&linkCode=osi&th=1&psc=1">View Product</a></div>
<div class="product"><a href="https://www.amazon.com/dp/B0052PPNQO?tag=eloabder-20&linkCode=osi&th=1&psc=1"><img src="https://m.media-amazon.com/images/I/41wsX9EmOEL._SL500_.jpg" alt="Product Image"></a><p>Vestil PLP2-4840-GREEN Polyethylene Pallet with 4 Way Entry 8000 lbs Capacity 40 In Length 48 In Width 6 In Height</p><p> -11% 0FF </p><p>$178.00</p><a href="https://www.amazon.com/dp/B0052PPNQO?tag=eloabder-20&linkCode=osi&th=1&psc=1">View Product</a></div>
<div class="product"><a href="https://www.amazon.com/dp/B0D3HYC8H1?tag=eloabder-20&linkCode=osi&th=1&psc=1"><img src="https://m.media-amazon.com/images/I/51g1Q8n8fvL._SL500_.jpg" alt="Product Image"></a><p>Dealusy 50 Pack (100-Piece) 24 oz Meal Prep Containers Reusable with Lids, Sturdy Leakproof & Food Safe, Microwave, Freezer, Dishwasher Safe Food Prep Containers, To Go Take Out Plastic Food Storage</p><p> -38% 0FF </p><p>$19.99 ($0.40 / Count)</p><a href="https://www.amazon.com/dp/B0D3HYC8H1?tag=eloabder-20&linkCode=osi&th=1&psc=1">View Product</a></div><div class="product"><a href="https://www.amazon.com/dp/B0BJ8DLPZ2?tag=eloabder-20&linkCode=osi&th=1&psc=1"><img src="https://m.media-amazon.com/images/I/51uDVTFjr8L._SL500_.jpg" alt="Product Image"></a><p>Axe Sickle 200 Count Clear Plastic Hinged Take Out Containers Clamshell Takeout Tray Food Clamshell Containers Outside Diameter 5.3 x 4.7 inch for Dessert, Snacksetc, Cakes, Cookies, Salads</p><p> -8% 0FF </p><p>$23.99 ($0.12 / Count)</p><a href="https://www.amazon.com/dp/B0BJ8DLPZ2?tag=eloabder-20&linkCode=osi&th=1&psc=1">View Product</a></div>
<div class="product"><a href="https://www.amazon.com/dp/B01A12J3GI?tag=eloabder-20&linkCode=osi&th=1&psc=1"><img src="https://m.media-amazon.com/images/I/51OnLlU2IyL._SL500_.jpg" alt="Product Image"></a><p>DEWALT DPG82-11 Concealer Clear Anti-Fog Dual Mold Safety Goggle, Clear Lens, 1 Pair</p><p> -6% 0FF </p><p>$12.24</p><a href="https://www.amazon.com/dp/B01A12J3GI?tag=eloabder-20&linkCode=osi&th=1&psc=1">View Product</a></div><div class="product"><a href="https://www.amazon.com/dp/B0BGSFQJF6?tag=eloabder-20&linkCode=osi&th=1&psc=1"><img src="https://m.media-amazon.com/images/I/510nceKxovL._SL500_.jpg" alt="Product Image"></a><p>TICONN 12 Clear Safety Glasses for Men, Safety Goggles with Scratch Impact Resistant Meets ANSI Z87.1 Standard (12 Pack)</p><p> -13% 0FF </p><p>$12.99</p><a href="https://www.amazon.com/dp/B0BGSFQJF6?tag=eloabder-20&linkCode=osi&th=1&psc=1">View Product</a></div>
<div class="product"><a href="https://www.amazon.com/dp/B093FJWP7J?tag=eloabder-20&linkCode=osi&th=1&psc=1"><img src="https://m.media-amazon.com/images/I/51YRhBJ7CiL._SL500_.jpg" alt="Product Image"></a><p>Personal Protective Equipment (PPE) Isolation Door Caddy, Nylon Oxford NFPA-701 Large Scale Flame Retardant Coating 18.5 X 31 Inch, Included 2 Hooks - Royal Blue (with Back Pockets)</p><p> -13% 0FF </p><p>$84.97</p><a href="https://www.amazon.com/dp/B093FJWP7J?tag=eloabder-20&linkCode=osi&th=1&psc=1">View Product</a></div>
<div class="product"><a href="https://www.amazon.com/dp/B01AWK1XAS?tag=eloabder-20&linkCode=osi&th=1&psc=1"><img src="https://m.media-amazon.com/images/I/41Oax+1e+4L._SL500_.jpg" alt="Product Image"></a><p>NoCry Clear Safety Glasses for Men and Women with Anti-Fog and Scratch Resistant Wrap Around Lenses, Adjustable Temples and Nose Pads ‚Äî Certified ANSI Z87 Safety Glasses ‚Äî 100% UV Protective Eyewear</p><p> -18% 0FF </p><p>$13.99</p><a href="https://www.amazon.com/dp/B01AWK1XAS?tag=eloabder-20&linkCode=osi&th=1&psc=1">View Product</a></div><div class="product"><a href="https://www.amazon.com/dp/B0BNHKWR6W?tag=eloabder-20&linkCode=osi&th=1&psc=1"><img src="https://m.media-amazon.com/images/I/41yahLzQNGL._SL500_.jpg" alt="Product Image"></a><p>HPYNPES Safety GlassesClear Anti-Fog Goggles Over-Spec Glasses Protective Eye Wear Industrial Approved Wide-VisionÔºà4 PACKÔºâ</p><p> -50% 0FF </p><p>$9.99</p><a href="https://www.amazon.com/dp/B0BNHKWR6W?tag=eloabder-20&linkCode=osi&th=1&psc=1">View Product</a></div><div class="product"><a href="https://www.amazon.com/dp/B08S35C88L?tag=eloabder-20&linkCode=osi&th=1&psc=1"><img src="https://m.media-amazon.com/images/I/31X6+YNSuzS._SL500_.jpg" alt="Product Image"></a><p>SolidWork Safety Glasses Clear Lens with Side Shields, Anti Fog, Anti Scratch, Anti-Glare, Protective Eyewear for Men & Women</p><p> -15% 0FF </p><p>$16.99</p><a href="https://www.amazon.com/dp/B08S35C88L?tag=eloabder-20&linkCode=osi&th=1&psc=1">View Product</a></div><div class="product"><a href="https://www.amazon.com/dp/B016KZ2APQ?tag=eloabder-20&linkCode=osi&th=1&psc=1"><img src="https://m.media-amazon.com/images/I/311+k1qPWOL._SL500_.jpg" alt="Product Image"></a><p>3M Safety Glasses Solus 1000 Series ANSI Z87 Scotchgard Anti-Fog Clear Lens Low Profile Blue/Black Frame</p><p> -12% 0FF </p><p>$15.86</p><a href="https://www.amazon.com/dp/B016KZ2APQ?tag=eloabder-20&linkCode=osi&th=1&psc=1">View Product</a></div>
<div class="product"><a href="https://www.amazon.com/dp/B001FPCUHA?tag=eloabder-20&linkCode=osi&th=1&psc=1"><img src="https://m.media-amazon.com/images/I/31F0QDXn4KL._SL500_.jpg" alt="Product Image"></a><p>Flents Foam Ear Plugs, 10 Pair with Case for Sleeping, Snoring, Loud Noise, Traveling, Concerts, Construction, & Studying, NRR 33, Purple, Made in the USA,10 Count (Pack of 1)</p><p> -51% 0FF </p><p>$3.46 ($0.35 / Count)</p><a href="https://www.amazon.com/dp/B001FPCUHA?tag=eloabder-20&linkCode=osi&th=1&psc=1">View Product</a></div><div class="product"><a href="https://www.amazon.com/dp/B004CZYJLA?tag=eloabder-20&linkCode=osi&th=1&psc=1"><img src="https://m.media-amazon.com/images/I/31N8m8qA-yL._SL500_.jpg" alt="Product Image"></a><p>Flents Foam Ear Plugs, 10 Pair with Case for Sleeping, Snoring, Loud Noise, Traveling, Concerts, Construction, & Studying, NRR 33, Green, Made in the USA</p><p> -39% 0FF </p><p>$4.26 ($0.43 / Count)</p><a href="https://www.amazon.com/dp/B004CZYJLA?tag=eloabder-20&linkCode=osi&th=1&psc=1">View Product</a></div><div class="product"><a href="https://www.amazon.com/dp/B0DCZBPB4B?tag=eloabder-20&linkCode=osi&th=1&psc=1"><img src="https://m.media-amazon.com/images/I/41YdD7Ib+fL._SL500_.jpg" alt="Product Image"></a><p>Ear plugs for Sleeping 45dB Noise Cancelling Ear plugs for Concert, Work, Travel, Focus & Noise Sensitivity Silicone Hearing Protection Earplugs with 8 Ear Tips Reusable Noise Reduction Ear plug Black</p><p> -33% 0FF </p><p>$19.99</p><a href="https://www.amazon.com/dp/B0DCZBPB4B?tag=eloabder-20&linkCode=osi&th=1&psc=1">View Product</a></div><div class="product"><a href="https://www.amazon.com/dp/B085VNX9RT?tag=eloabder-20&linkCode=osi&th=1&psc=1"><img src="https://m.media-amazon.com/images/I/51-GbKB7ecL._SL500_.jpg" alt="Product Image"></a><p>Ear Plugs for Sleeping,16 Pairs Noise Canceling Soft Reusable Silicone Earplugs Waterproof Noise Reduction Earplugs for Concert,Swimming,Study,Loud Noise,Snoring</p><p> -34% 0FF </p><p>$8.59</p><a href="https://www.amazon.com/dp/B085VNX9RT?tag=eloabder-20&linkCode=osi&th=1&psc=1">View Product</a></div><div class="product"><a href="https://www.amazon.com/dp/B07G1MWHNR?tag=eloabder-20&linkCode=osi&th=1&psc=1"><img src="https://m.media-amazon.com/images/I/51xb3+YIUzL._SL500_.jpg" alt="Product Image"></a><p>Mack's Pillow Soft Silicone Earplugs, 12 Pair ‚Äì The Original Moldable Silicone Putty Ear Plugs for Sleeping, Snoring, Swimming, Travel, Concerts and Studying | Made in USA</p><p> -15% 0FF </p><p>$10.98 ($0.92 / Count)</p><a href="https://www.amazon.com/dp/B07G1MWHNR?tag=eloabder-20&linkCode=osi&th=1&psc=1">View Product</a></div><div class="product"><a href="https://www.amazon.com/dp/B0C852XHM7?tag=eloabder-20&linkCode=osi&th=1&psc=1"><img src="https://m.media-amazon.com/images/I/41cVUZQHT1L._SL500_.jpg" alt="Product Image"></a><p>Lenicany 30Pair Soft Foam EarPlugs, 32dB Disposable Sound Blocking Noise Cancelling Ear Plugs for Sleeping/Concerts Loud Music/Shooting Guns/Work Construction, Hearing Safety Protection (Blue)</p><p> -10% 0FF </p><p>$5.39 ($0.18 / Count)</p><a href="https://www.amazon.com/dp/B0C852XHM7?tag=eloabder-20&linkCode=osi&th=1&psc=1">View Product</a></div>
<div class="product"><a href="https://www.amazon.com/dp/B007JZ1N00?tag=eloabder-20&linkCode=osi&th=1&psc=1"><img src="https://m.media-amazon.com/images/I/41xRp2ZPBML._SL500_.jpg" alt="Product Image"></a><p>3M Half Facepiece Reusable Respirator 6200, NIOSH, Four-Point Harness, Comfortable Fit, Dual Airline Supplied Air Compatible, Bayonet Connections, Painting, Sanding, Cleaning, Medium</p><p> -28% 0FF </p><p>$14.75</p><a href="https://www.amazon.com/dp/B007JZ1N00?tag=eloabder-20&linkCode=osi&th=1&psc=1">View Product</a></div><div class="product"><a href="https://www.amazon.com/dp/B00004Z4EB?tag=eloabder-20&linkCode=osi&th=1&psc=1"><img src="https://m.media-amazon.com/images/I/51AYNvsO9wL._SL500_.jpg" alt="Product Image"></a><p>3M P95/OV Paint Project Reusable Respirator 6211, Medium Size, NIOSH-APPROVED Organic Vapor Cartridge & P95 Rated Filters, Lightweight, Flexible, Thermoplastic Faceseal For Comfort (6211P1-DC)</p><p> -14% 0FF </p><p>$34.20</p><a href="https://www.amazon.com/dp/B00004Z4EB?tag=eloabder-20&linkCode=osi&th=1&psc=1">View Product</a></div><div class="product"><a href="https://www.amazon.com/dp/B00IF7RCU6?tag=eloabder-20&linkCode=osi&th=1&psc=1"><img src="https://m.media-amazon.com/images/I/41AYgABL6KL._SL500_.jpg" alt="Product Image"></a><p>3M Rugged Comfort Quick Latch Half Facepiece Reusable Respirator 6503QL, NIOSH, Cool Flow Exhalation Valve, Bayonet Connection, Silicone Face Seal, for Gases, Vapors, Dust, Maintenance, Construction,L</p><p> -23% 0FF </p><p>$28.11</p><a href="https://www.amazon.com/dp/B00IF7RCU6?tag=eloabder-20&linkCode=osi&th=1&psc=1">View Product</a></div><div class="product"><a href="https://www.amazon.com/dp/B087FCW79Y?tag=eloabder-20&linkCode=osi&th=1&psc=1"><img src="https://m.media-amazon.com/images/I/41C6rOloEmL._SL500_.jpg" alt="Product Image"></a><p>RANKSING Reusable Respirator Gas Mask Half Facepiece Shield 6200 Face Cover with Filters for Dust, Fumes, Asbestos, Chemicals and Other Airborne Particles while Painting, Spraying, Polishing and More</p><p> -40% 0FF </p><p>$17.99</p><a href="https://www.amazon.com/dp/B087FCW79Y?tag=eloabder-20&linkCode=osi&th=1&psc=1">View Product</a></div><div class="product"><a href="https://www.amazon.com/dp/B007JZ1LG6?tag=eloabder-20&linkCode=osi&th=1&psc=1"><img src="https://m.media-amazon.com/images/I/41PsiHhcy1L._SL500_.jpg" alt="Product Image"></a><p>3M Full Facepiece Reusable Respirator 6800, NIOSH, Large Lens, ANSI High Impact Eye Protection, Silicone Face Seal, Four-Point Harness, Comfortable Fit, Painting, Dust, Chemicals, Medium</p><p> -56% 0FF </p><p>$93.00</p><a href="https://www.amazon.com/dp/B007JZ1LG6?tag=eloabder-20&linkCode=osi&th=1&psc=1">View Product</a></div>
<div class="product"><a href="https://www.amazon.com/dp/B08SYM9K52?tag=eloabder-20&linkCode=osi&th=1&psc=1"><img src="https://m.media-amazon.com/images/I/41bReMzs8sL._SL500_.jpg" alt="Product Image"></a><p>Klein Tools 60347 Hard Hat, Vented Full Brim, Class C, Premium KARBN Pattern, Rechargeable Lamp, Padded Sweat-Wicking Sweatband, Top Pad</p><p> -32% 0FF </p><p>$79.99</p><a href="https://www.amazon.com/dp/B08SYM9K52?tag=eloabder-20&linkCode=osi&th=1&psc=1">View Product</a></div><div class="product"><a href="https://www.amazon.com/dp/B07FQTCYTW?tag=eloabder-20&linkCode=osi&th=1&psc=1"><img src="https://m.media-amazon.com/images/I/41xEGl20DeL._SL500_.jpg" alt="Product Image"></a><p>Pyramex HP24110 Full Brim Hard Hat 4 Point Ratchet Suspension - White, 12 Count</p><p> -6% 0FF </p><p>$109.53</p><a href="https://www.amazon.com/dp/B07FQTCYTW?tag=eloabder-20&linkCode=osi&th=1&psc=1">View Product</a></div><div class="product"><a href="https://www.amazon.com/dp/B07L6QMYGG?tag=eloabder-20&linkCode=osi&th=1&psc=1"><img src="https://m.media-amazon.com/images/I/31xNCnPSZXL._SL500_.jpg" alt="Product Image"></a><p>Pyramex Ridgeline Full Brim Hard Hat 4 Point Ratchet Vented Matte Black Graphite Pattern</p><p> -15% 0FF </p><p>$28.00</p><a href="https://www.amazon.com/dp/B07L6QMYGG?tag=eloabder-20&linkCode=osi&th=1&psc=1">View Product</a></div><div class="product"><a href="https://www.amazon.com/dp/B078B9QD55?tag=eloabder-20&linkCode=osi&th=1&psc=1"><img src="https://m.media-amazon.com/images/I/41zmuOz7-DL._SL500_.jpg" alt="Product Image"></a><p>Pyramex Ridgeline Cap Style Hard Hat 4 Point Ratchet Vented Matte Black Graphite Pattern</p><p> -21% 0FF </p><p>$27.00</p><a href="https://www.amazon.com/dp/B078B9QD55?tag=eloabder-20&linkCode=osi&th=1&psc=1">View Product</a></div>
<div class="product"><a href="https://www.amazon.com/dp/B0BW9185XF?tag=eloabder-20&linkCode=osi&th=1&psc=1"><img src="https://m.media-amazon.com/images/I/51lDE-LgnFL._SL500_.jpg" alt="Product Image"></a><p>NEOTRIL Safety Work Gloves MicroFoam Nitrile Coated-3 Pairs, Seamless Knit Nylon Bulk Pack Working Gloves with Grip for Men Women Light Duty Work,Automotive,Warehouse (Gray,L)</p><p> -31% 0FF </p><p>$9.99</p><a href="https://www.amazon.com/dp/B0BW9185XF?tag=eloabder-20&linkCode=osi&th=1&psc=1">View Product</a></div><div class="product"><a href="https://www.amazon.com/dp/B00004XOH8?tag=eloabder-20&linkCode=osi&th=1&psc=1"><img src="https://m.media-amazon.com/images/I/41vrr-XI8HL._SL500_.jpg" alt="Product Image"></a><p>Ironclad General Utility Work Gloves GUG, All-Purpose, Performance Fit, Durable, Machine Washable, (1 Pair), Large - GUG-04-L , Black</p><p> -34% 0FF </p><p>$14.83</p><a href="https://www.amazon.com/dp/B00004XOH8?tag=eloabder-20&linkCode=osi&th=1&psc=1">View Product</a></div><div class="product"><a href="https://www.amazon.com/dp/B0797N2YW1?tag=eloabder-20&linkCode=osi&th=1&psc=1"><img src="https://m.media-amazon.com/images/I/41JMMfokSfL._SL500_.jpg" alt="Product Image"></a><p>HANDLANDY Mens Work Gloves Touch screen, Synthetic Leather Utility Gloves, Flexible Breathable Fit- Padded Knuckles & Palm (Large)</p><p> -19% 0FF </p><p>$12.80 ($12.80 / Count)</p><a href="https://www.amazon.com/dp/B0797N2YW1?tag=eloabder-20&linkCode=osi&th=1&psc=1">View Product</a></div>
<div class="product"><a href="https://www.amazon.com/dp/B01N5L2JG7?tag=eloabder-20&linkCode=osi&th=1&psc=1"><img src="https://m.media-amazon.com/images/I/41TB3tRdI3L._SL500_.jpg" alt="Product Image"></a><p>Skechers Men's Flex Advantage Bendon Work Shoe, Black, 9</p><p> -17% 0FF </p><p>$70.83</p><a href="https://www.amazon.com/dp/B01N5L2JG7?tag=eloabder-20&linkCode=osi&th=1&psc=1">View Product</a></div><div class="product"><a href="https://www.amazon.com/dp/B00QX3UKXA?tag=eloabder-20&linkCode=osi&th=1&psc=1"><img src="https://m.media-amazon.com/images/I/41y-VMqnzVL._SL500_.jpg" alt="Product Image"></a><p>Skechers womens Sure Track Trickel-w health care and food service shoes, Black, 9 X-Wide US</p><p> -38% 0FF </p><p>$58.63</p><a href="https://www.amazon.com/dp/B00QX3UKXA?tag=eloabder-20&linkCode=osi&th=1&psc=1">View Product</a></div><div class="product"><a href="https://www.amazon.com/dp/B08XLM93P7?tag=eloabder-20&linkCode=osi&th=1&psc=1"><img src="https://m.media-amazon.com/images/I/41VlYm6BhQL._SL500_.jpg" alt="Product Image"></a><p>Shoes for Crews Everlight Mens Non Slip Work Shoes - Men's Work & Safety Footwear, Lace-Up Breathable Work Shoes for Men, Zapato de Trabajo para Hombre, Size 11.5 Black</p><p> -14% 0FF </p><p>$59.98</p><a href="https://www.amazon.com/dp/B08XLM93P7?tag=eloabder-20&linkCode=osi&th=1&psc=1">View Product</a></div><div class="product"><a href="https://www.amazon.com/dp/B01KXSD3Q6?tag=eloabder-20&linkCode=osi&th=1&psc=1"><img src="https://m.media-amazon.com/images/I/41KIVA8d16L._SL500_.jpg" alt="Product Image"></a><p>Skechers Men's Dighton Athletic Work Food Service Shoe, Black, 10.5</p><p> -19% 0FF </p><p>$40.35</p><a href="https://www.amazon.com/dp/B01KXSD3Q6?tag=eloabder-20&linkCode=osi&th=1&psc=1">View Product</a></div><div class="product"><a href="https://www.amazon.com/dp/B0CRB5HDWQ?tag=eloabder-20&linkCode=osi&th=1&psc=1"><img src="https://m.media-amazon.com/images/I/410N9FwQahL._SL500_.jpg" alt="Product Image"></a><p>Non Slip Waterproof Shoes for Men Work Slip Resistant Oil Slip On Loafers Chef Kitchen Restaurant Food Service Zapatos de Trabajo para Hombres antideslizante para cocina Black</p><p> -20% 0FF </p><p>$39.89</p><a href="https://www.amazon.com/dp/B0CRB5HDWQ?tag=eloabder-20&linkCode=osi&th=1&psc=1">View Product</a></div><div class="product"><a href="https://www.amazon.com/dp/B0777Z16G2?tag=eloabder-20&linkCode=osi&th=1&psc=1"><img src="https://m.media-amazon.com/images/I/41ZjAWKjD1L._SL500_.jpg" alt="Product Image"></a><p>Skechers Men's Nampa Food Service Shoe, Black, 14 Wide</p><p> -28% 0FF </p><p>$40.34</p><a href="https://www.amazon.com/dp/B0777Z16G2?tag=eloabder-20&linkCode=osi&th=1&psc=1">View Product</a></div>
<div class="product"><a href="https://www.amazon.com/dp/B0032U3JXA?tag=eloabder-20&linkCode=osi&th=1&psc=1"><img src="https://m.media-amazon.com/images/I/51fQWw+gCYL._SL500_.jpg" alt="Product Image"></a><p>Guardian Fall Protection 00815 BOS-T50 Bucket of Safe-Tie - 5 Gallon Bucket, 50 ft. Vertical Lifeline Assembly, 5 Temper Reusable Anchor, Safety Harness Kit, Yellow</p><p> -20% 0FF </p><p>$87.92</p><a href="https://www.amazon.com/dp/B0032U3JXA?tag=eloabder-20&linkCode=osi&th=1&psc=1">View Product</a></div><div class="product"><a href="https://www.amazon.com/dp/B004A7XV50?tag=eloabder-20&linkCode=osi&th=1&psc=1"><img src="https://m.media-amazon.com/images/I/41Cmyb7QFkL._SL500_.jpg" alt="Product Image"></a><p>Guardian Fall Protection 10785 Premium 3-Foot Cross-Arm Straps with Large and Small D-Rings</p><p> -21% 0FF </p><p>$26.13</p><a href="https://www.amazon.com/dp/B004A7XV50?tag=eloabder-20&linkCode=osi&th=1&psc=1">View Product</a></div>
<div class="product"><a href="https://www.amazon.com/dp/B00HSJCS06?tag=eloabder-20&linkCode=osi&th=1&psc=1"><img src="https://m.media-amazon.com/images/I/51FCdQhuNVL._SL500_.jpg" alt="Product Image"></a><p>Accuform Lockout Tags, Pack of 25, Bilingual Danger Do Not Operation Equipment Lock Out, US Made OSHA Compliant Tags, Tear & Water Resistant PF-Cardstock, 5.75"x 3.25", TSP105CTP</p><p> -11% 0FF </p><p>$17.86 ($0.71 / Count)</p><a href="https://www.amazon.com/dp/B00HSJCS06?tag=eloabder-20&linkCode=osi&th=1&psc=1">View Product</a></div>
<div class="product"><a href="https://www.amazon.com/dp/B0C5M773VW?tag=eloabder-20&linkCode=osi&th=1&psc=1"><img src="https://m.media-amazon.com/images/I/51uxbEonuhL._SL500_.jpg" alt="Product Image"></a><p>SecuCaptain Emergency Fire Blanket for Home and Kitchen - 2 Pack 40"x40" Flame Suppression Fiberglass Fire Blankets for House Camping Car Office Warehouse Emergency Survival Safety</p><p> -43% 0FF </p><p>$16.99</p><a href="https://www.amazon.com/dp/B0C5M773VW?tag=eloabder-20&linkCode=osi&th=1&psc=1">View Product</a></div><div class="product"><a href="https://www.amazon.com/dp/B001229JCU?tag=eloabder-20&linkCode=osi&th=1&psc=1"><img src="https://m.media-amazon.com/images/I/31W6FuKPMcL._SL500_.jpg" alt="Product Image"></a><p>First Alert EZ Fire Spray, Extinguishing Aerosol Spray, AF400 Red 18 Ounce (Pack of 1)</p><p> -55% 0FF </p><p>$12.49</p><a href="https://www.amazon.com/dp/B001229JCU?tag=eloabder-20&linkCode=osi&th=1&psc=1">View Product</a></div><div class="product"><a href="https://www.amazon.com/dp/B00002ND64?tag=eloabder-20&linkCode=osi&th=1&psc=1"><img src="https://m.media-amazon.com/images/I/41r+PeZkpJL._SL500_.jpg" alt="Product Image"></a><p>Kidde FA110 Multi Purpose Fire Extinguisher 1A10BC, 1 Pack, red</p><p> -31% 0FF </p><p>$25.49</p><a href="https://www.amazon.com/dp/B00002ND64?tag=eloabder-20&linkCode=osi&th=1&psc=1">View Product</a></div><div class="product"><a href="https://www.amazon.com/dp/B07CQJCD6G?tag=eloabder-20&linkCode=osi&th=1&psc=1"><img src="https://m.media-amazon.com/images/I/31EmoFZ3KTL._SL500_.jpg" alt="Product Image"></a><p>Sellstrom Odyssey II Wildland Fire Safety Goggles - Anti-Fog, Anti-Scratch Eye Protection Goggles for Men & Women - FR Strap, fits over Glasses, ANSI Z87.1</p><p> -28% 0FF </p><p>$16.78</p><a href="https://www.amazon.com/dp/B07CQJCD6G?tag=eloabder-20&linkCode=osi&th=1&psc=1">View Product</a></div><div class="product"><a href="https://www.amazon.com/dp/B00005OU7B?tag=eloabder-20&linkCode=osi&th=1&psc=1"><img src="https://m.media-amazon.com/images/I/51O8BtvNfSL._SL500_.jpg" alt="Product Image"></a><p>Kidde Fire Escape Ladder, 2-Story Rope Ladder, Extends to 13-Feet, Anti-Slip Rungs</p><p> -36% 0FF </p><p>$40.99</p><a href="https://www.amazon.com/dp/B00005OU7B?tag=eloabder-20&linkCode=osi&th=1&psc=1">View Product</a></div><div class="product"><a href="https://www.amazon.com/dp/B08Z61XL6V?tag=eloabder-20&linkCode=osi&th=1&psc=1"><img src="https://m.media-amazon.com/images/I/519EzZgGD6L._SL500_.jpg" alt="Product Image"></a><p>Mart Cobra Emergency Fire Blanket for Home and Kitchen - 2 Pack - Fire Blankets Emergency for Home 40‚Äù x 40‚Äù - Fire Suppression Blanket - Home Safety</p><p> -25% 0FF </p><p>$29.87</p><a href="https://www.amazon.com/dp/B08Z61XL6V?tag=eloabder-20&linkCode=osi&th=1&psc=1">View Product</a></div>
<div class="product"><a href="https://www.amazon.com/dp/B07D6QGQYB?tag=eloabder-20&linkCode=osi&th=1&psc=1"><img src="https://m.media-amazon.com/images/I/41y18ggm8GL._SL500_.jpg" alt="Product Image"></a><p>Kidde Fire Extinguisher for Home, 1-A:10-B:C, Dry Chemical Extinguisher, Red, Mounting Bracket Included, 2 Pack</p><p> -41% 0FF </p><p>$32.98</p><a href="https://www.amazon.com/dp/B07D6QGQYB?tag=eloabder-20&linkCode=osi&th=1&psc=1">View Product</a></div><div class="product"><a href="https://www.amazon.com/dp/B07B9BNN24?tag=eloabder-20&linkCode=osi&th=1&psc=1"><img src="https://m.media-amazon.com/images/I/41SbuH+cdQL._SL500_.jpg" alt="Product Image"></a><p>FIRST ALERT HOME2PRO Rechargeable Compliance Fire Extinguisher, UL RATED 2-A:10-B:C, Red, 1-Pack</p><p> -27% 0FF </p><p>$36.48</p><a href="https://www.amazon.com/dp/B07B9BNN24?tag=eloabder-20&linkCode=osi&th=1&psc=1">View Product</a></div><div class="product"><a href="https://www.amazon.com/dp/B0C63914WK?tag=eloabder-20&linkCode=osi&th=1&psc=1"><img src="https://m.media-amazon.com/images/I/51IS9bq94IL._SL500_.jpg" alt="Product Image"></a><p>Kidde Kitchen Fire Extinguishers for Home & Office Use, 2 Pack: One 1-A:10-B:C and One Specialty Kitchen Extinguisher, Wall Mount & Strap Brackets Included</p><p> -7% 0FF </p><p>$34.99</p><a href="https://www.amazon.com/dp/B0C63914WK?tag=eloabder-20&linkCode=osi&th=1&psc=1">View Product</a></div><div class="product"><a href="https://www.amazon.com/dp/B0CB9GFZ9M?tag=eloabder-20&linkCode=osi&th=1&psc=1"><img src="https://m.media-amazon.com/images/I/41VJGkO+jDL._SL500_.jpg" alt="Product Image"></a><p>Kidde Fire Extinguisher for Home & Office Use, 5-B:C, 3.2 Lbs., USCG Approved with Strap Bracket (Included)</p><p> -23% 0FF </p><p>$23.10</p><a href="https://www.amazon.com/dp/B0CB9GFZ9M?tag=eloabder-20&linkCode=osi&th=1&psc=1">View Product</a></div><div class="product"><a href="https://www.amazon.com/dp/B0030ZZAR0?tag=eloabder-20&linkCode=osi&th=1&psc=1"><img src="https://m.media-amazon.com/images/I/41R9Nqadh4L._SL500_.jpg" alt="Product Image"></a><p>BUCKEYE Fire Extinguisher, 4A:80B:C, 10 lb., 21in.H, Red</p><p> -13% 0FF </p><p>$77.99</p><a href="https://www.amazon.com/dp/B0030ZZAR0?tag=eloabder-20&linkCode=osi&th=1&psc=1">View Product</a></div>
<div class="product"><a href="https://www.amazon.com/dp/B08LL1HRKW?tag=eloabder-20&linkCode=osi&th=1&psc=1"><img src="https://m.media-amazon.com/images/I/41OyhHgXG4S._SL500_.jpg" alt="Product Image"></a><p>X-Sense Smoke Alarm, 10-Year Battery Fire Alarm Smoke Detector with LED Indicator & Silence Button, SD2J0AX</p><p> -10% 0FF </p><p>$16.99</p><a href="https://www.amazon.com/dp/B08LL1HRKW?tag=eloabder-20&linkCode=osi&th=1&psc=1">View Product</a></div><div class="product"><a href="https://www.amazon.com/dp/B086S4XM47?tag=eloabder-20&linkCode=osi&th=1&psc=1"><img src="https://m.media-amazon.com/images/I/41vM6F1FfTL._SL500_.jpg" alt="Product Image"></a><p>Kidde Smoke Detector, Hardwired Smoke Alarm with Battery Backup, Test-Silence Button</p><p> -29% 0FF </p><p>$18.19</p><a href="https://www.amazon.com/dp/B086S4XM47?tag=eloabder-20&linkCode=osi&th=1&psc=1">View Product</a></div><div class="product"><a href="https://www.amazon.com/dp/B09YQZV62R?tag=eloabder-20&linkCode=osi&th=1&psc=1"><img src="https://m.media-amazon.com/images/I/31JFQcHDfWL._SL500_.jpg" alt="Product Image"></a><p>AEGISLINK Smoke Detector 10-Year Battery with Test/Silence Button, Fire Alarm with Photoelectric Sensor, Low Battery Warning, S500 (Independent, 1-Pack)</p><p> -33% 0FF </p><p>$9.99</p><a href="https://www.amazon.com/dp/B09YQZV62R?tag=eloabder-20&linkCode=osi&th=1&psc=1">View Product</a></div><div class="product"><a href="https://www.amazon.com/dp/B0CJC73MBZ?tag=eloabder-20&linkCode=osi&th=1&psc=1"><img src="https://m.media-amazon.com/images/I/51jYYKlO4+L._SL500_.jpg" alt="Product Image"></a><p>2 in 1 CO & Smoke Alarm,Carbon Monoxide Detectors, with Battery, Smoke Detector,85dB in Alarm,for Home and Kitchen,LCD Screen,Easy to Install</p><p> -20% 0FF </p><p>$15.98</p><a href="https://www.amazon.com/dp/B0CJC73MBZ?tag=eloabder-20&linkCode=osi&th=1&psc=1">View Product</a></div>
<div class="product"><a href="https://www.amazon.com/dp/B0B9YTGGJ3?tag=eloabder-20&linkCode=osi&th=1&psc=1"><img src="https://m.media-amazon.com/images/I/41WR-3ndQgL._SL500_.jpg" alt="Product Image"></a><p>Light and small automatic fire extinguisher, environmentally friendly and clean, car fire extinguisher, automatic fire extinguisher, suitable for electric box, ship cabin, car, ABCEF fire extinguisher</p><p> -13% 0FF </p><p>$34.99</p><a href="https://www.amazon.com/dp/B0B9YTGGJ3?tag=eloabder-20&linkCode=osi&th=1&psc=1">View Product</a></div>



<div class="product"><a href="https://www.amazon.com/dp/B01G1Y42H0?tag=eloabder-20&linkCode=osi&th=1&psc=1"><img src="https://m.media-amazon.com/images/I/41ml0ECvMBL._SL500_.jpg" alt="Product Image"></a><p>Command Broom and Mop Grippers Wall Hook, Damage Free Hanging Wall Mount Broom and Mop Holder, No Tools Household Cleaning Organizer for Living Spaces, 2 Hangers and 4 Command Strips</p><p> -20% 0FF </p><p>$13.58 ($6.79 / Count)</p><a href="https://www.amazon.com/dp/B01G1Y42H0?tag=eloabder-20&linkCode=osi&th=1&psc=1">View Product</a></div><div class="product"><a href="https://www.amazon.com/dp/B0D7S3CS9X?tag=eloabder-20&linkCode=osi&th=1&psc=1"><img src="https://m.media-amazon.com/images/I/51XG4DL1apL._SL500_.jpg" alt="Product Image"></a><p>NEOACT 4 Pack Scrapbook Tape,Double Sided Tape Roller Scrapbook Supplies,0.31In x 26 Ft Glue Tape Runner for Scrapbooking Envelopes Crafts Gift Wrapping Journaling School Office Supplies</p><p> -8% 0FF </p><p>$5.99</p><a href="https://www.amazon.com/dp/B0D7S3CS9X?tag=eloabder-20&linkCode=osi&th=1&psc=1">View Product</a></div><div class="product"><a href="https://www.amazon.com/dp/B07FM4PRY8?tag=eloabder-20&linkCode=osi&th=1&psc=1"><img src="https://m.media-amazon.com/images/I/51HHqS5jGIL._SL500_.jpg" alt="Product Image"></a><p>SUNEE 30 Packs Oversized Reusable Dry Erase Pocket Sleeves with 2 Rings, 10 Assorted Colors 10x14 Ticket Holders, Clear Plastic Sheet Protectors, Teacher School Classroom Supplies</p><p> -33% 0FF </p><p>$19.99</p><a href="https://www.amazon.com/dp/B07FM4PRY8?tag=eloabder-20&linkCode=osi&th=1&psc=1">View Product</a></div><div class="product"><a href="https://www.amazon.com/dp/B07GLCYR5S?tag=eloabder-20&linkCode=osi&th=1&psc=1"><img src="https://m.media-amazon.com/images/I/51BtNdNrdfL._SL500_.jpg" alt="Product Image"></a><p>QIO CHUANG Emergency Mylar Thermal Blankets -Space Blanket Survival kit Camping Blanket (4-Pack). Perfect for Outdoors, Hiking, Survival, Bug Out Bag ÔºåMarathons or First Aid 1</p><p> -46% 0FF </p><p>$6.98 ($1.74 / Count)</p><a href="https://www.amazon.com/dp/B07GLCYR5S?tag=eloabder-20&linkCode=osi&th=1&psc=1">View Product</a></div>
<div class="product"><a href="https://www.amazon.com/dp/B01M7VD07W?tag=eloabder-20&linkCode=osi&th=1&psc=1"><img src="https://m.media-amazon.com/images/I/51fA5JtXB9L._SL500_.jpg" alt="Product Image"></a><p>Gorilla 2 Part Epoxy, 5 Minute Set, Incredibly Strong Bonding, .85 Ounce Syringe, Clear, (Pack of 2)</p><p> -27% 0FF </p><p>$10.90 ($6.41 / Fl Oz)</p><a href="https://www.amazon.com/dp/B01M7VD07W?tag=eloabder-20&linkCode=osi&th=1&psc=1">View Product</a></div><div class="product"><a href="https://www.amazon.com/dp/B0B6HK51C3?tag=eloabder-20&linkCode=osi&th=1&psc=1"><img src="https://m.media-amazon.com/images/I/31uXWAEungL._SL500_.jpg" alt="Product Image"></a><p>Rumba Replacement Side Brush Parts for iRobot Roomba 600 700 800 900 Series 675 692 694 677 671 614 980 960 985 981 880 860 850 861 866 870 890 Vacuum Cleaner Accessories Kit,6 Side Brush,Screw Driver</p><p> -9% 0FF </p><p>$9.99</p><a href="https://www.amazon.com/dp/B0B6HK51C3?tag=eloabder-20&linkCode=osi&th=1&psc=1">View Product</a></div><div class="product"><a href="https://www.amazon.com/dp/B0BZMMR5XW?tag=eloabder-20&linkCode=osi&th=1&psc=1"><img src="https://m.media-amazon.com/images/I/41mpThblwIL._SL500_.jpg" alt="Product Image"></a><p>1614244 Foot Window Replacement for Bissell Crosswave Pet Pro Dry/Vac Vacuums Fits Models: 2328, 2305, 2305K, 2303, 2306A, 2306, 23062, 23068, 2551 Series</p><p> -10% 0FF </p><p>$26.83</p><a href="https://www.amazon.com/dp/B0BZMMR5XW?tag=eloabder-20&linkCode=osi&th=1&psc=1">View Product</a></div><div class="product"><a href="https://www.amazon.com/dp/B0CZLK6QMF?tag=eloabder-20&linkCode=osi&th=1&psc=1"><img src="https://m.media-amazon.com/images/I/311BgZOYsCL._SL500_.jpg" alt="Product Image"></a><p>Generic 7413197 Inlet Deflector Part Replacement, Vaccuum Accessory</p><p> -10% 0FF </p><p>$8.99</p><a href="https://www.amazon.com/dp/B0CZLK6QMF?tag=eloabder-20&linkCode=osi&th=1&psc=1">View Product</a></div><div class="product"><a href="https://www.amazon.com/dp/B0D1K3XHSP?tag=eloabder-20&linkCode=osi&th=1&psc=1"><img src="https://m.media-amazon.com/images/I/41UOnU2oiqL._SL500_.jpg" alt="Product Image"></a><p>RUKHOOL Dust Bin Replacement for Dyson V11 V15 SV14 SV15 SV22 Vacuum Cleaner Canister Bin Bucket Container Replacement Parts for Dyson V11 Large Bin Part No. 970050-01 and 965443-01</p><p> -11% 0FF </p><p>$33.99</p><a href="https://www.amazon.com/dp/B0D1K3XHSP?tag=eloabder-20&linkCode=osi&th=1&psc=1">View Product</a></div>

<div class="product"><a href="https://www.amazon.com/dp/B0BHGT88KF?tag=eloabder-20&linkCode=osi&th=1&psc=1"><img src="https://m.media-amazon.com/images/I/51Wy2vWqMnL._SL500_.jpg" alt="Product Image"></a><p>Fit Geno Back Brace Posture Corrector for Women, Shoulder Straightener, Adjustable Full Back Support, Upper and Lower Back Pain Relief - Scoliosis, Hunchback, Hump, Thoracic, Spine Corrector (Small)</p><p> -10% 0FF </p><p>$35.99</p><a href="https://www.amazon.com/dp/B0BHGT88KF?tag=eloabder-20&linkCode=osi&th=1&psc=1">View Product</a></div><div class="product"><a href="https://www.amazon.com/dp/B003N2DXPG?tag=eloabder-20&linkCode=osi&th=1&psc=1"><img src="https://m.media-amazon.com/images/I/41scKHD+h0L._SL500_.jpg" alt="Product Image"></a><p>Plackers Twin-Line Dental Flossers, Cool Mint Flavor, Dual Action Flossing System, Easy Storage, Super Tuffloss, 2X The Clean, 75 Count</p><p> -31% 0FF </p><p>$2.74 ($0.04 / Foot)</p><a href="https://www.amazon.com/dp/B003N2DXPG?tag=eloabder-20&linkCode=osi&th=1&psc=1">View Product</a></div>


<div class="product"><a href="https://www.amazon.com/dp/B0CGR3R8M2?tag=eloabder-20&linkCode=osi&th=1&psc=1"><img src="https://m.media-amazon.com/images/I/31dJH244FqL._SL500_.jpg" alt="Product Image"></a><p>Stainless Steel Lung Remover, Rubber Handle, Comfortable Grip, Efficient, Reliable Tool Head with Great Grip, Chicken Slaughter Equipment That Improves Efficiency, Easy to Clean</p><p> -7% 0FF </p><p>$12.98</p><a href="https://www.amazon.com/dp/B0CGR3R8M2?tag=eloabder-20&linkCode=osi&th=1&psc=1">View Product</a></div><div class="product"><a href="https://www.amazon.com/dp/B000R8ETKW?tag=eloabder-20&linkCode=osi&th=1&psc=1"><img src="https://m.media-amazon.com/images/I/41rNYbbsqpL._SL500_.jpg" alt="Product Image"></a><p>Fluke 789 ProcessMeter, Includes Standard DMM Capabilities, Measure, Source, Simulate 4-20 mA signals, and Built-In 24 V Loop Supply</p><p> -21% 0FF </p><p>$1,048.39</p><a href="https://www.amazon.com/dp/B000R8ETKW?tag=eloabder-20&linkCode=osi&th=1&psc=1">View Product</a></div><div class="product"><a href="https://www.amazon.com/dp/B0CHYSJBGR?tag=eloabder-20&linkCode=osi&th=1&psc=1"><img src="https://m.media-amazon.com/images/I/31MHdOP3u7L._SL500_.jpg" alt="Product Image"></a><p>SUS 304 Stainless Steel Lung Remover, Food Grade Chicken Processing Equipment with Super Strong Working Head and Ergonomic Handle to Remove Poultry Lungs, Essential Kitchen Tool Easy to Clean</p><p> -17% 0FF </p><p>$9.99</p><a href="https://www.amazon.com/dp/B0CHYSJBGR?tag=eloabder-20&linkCode=osi&th=1&psc=1">View Product</a></div><div class="product"><a href="https://www.amazon.com/dp/B0CR37JVN4?tag=eloabder-20&linkCode=osi&th=1&psc=1"><img src="https://m.media-amazon.com/images/I/41DwoJmzWmL._SL500_.jpg" alt="Product Image"></a><p>TIVOLI Professional Butcher Knife Set for Meat Processing, 7Pcs High Carbon Steel Hand Forged BBQ Knife Set, Serbian Chef Knife Set with Ergonomic Handles for Kitchen Outdoor Cooking Father's Day Gift</p><p> -5% 0FF </p><p>$69.99</p><a href="https://www.amazon.com/dp/B0CR37JVN4?tag=eloabder-20&linkCode=osi&th=1&psc=1">View Product</a></div><div class="product"><a href="https://www.amazon.com/dp/B01HPT0XFU?tag=eloabder-20&linkCode=osi&th=1&psc=1"><img src="https://m.media-amazon.com/images/I/51F+BRGdU+L._SL500_.jpg" alt="Product Image"></a><p>NoCry Premium Cut Resistant Gloves Food Grade ‚Äî Level 5 Protection; Ambidextrous; Machine Washable; Superior Comfort and Dexterity; Lightweight Protective Gloves; Complimentary eBook</p><p> -14% 0FF </p><p>$13.79 ($13.79 / Count)</p><a href="https://www.amazon.com/dp/B01HPT0XFU?tag=eloabder-20&linkCode=osi&th=1&psc=1">View Product</a></div><div class="product"><a href="https://www.amazon.com/dp/B071ZPSQ88?tag=eloabder-20&linkCode=osi&th=1&psc=1"><img src="https://m.media-amazon.com/images/I/31FiGEAJ9VL._SL500_.jpg" alt="Product Image"></a><p>Fluke 787B ProcessMeter</p><p> -15% 0FF </p><p>$1,020.84</p><a href="https://www.amazon.com/dp/B071ZPSQ88?tag=eloabder-20&linkCode=osi&th=1&psc=1">View Product</a></div>
<div class="product"><a href="https://www.amazon.com/dp/B0D8YPW46Y?tag=eloabder-20&linkCode=osi&th=1&psc=1"><img src="https://m.media-amazon.com/images/I/51sr1XVXPoL._SL500_.jpg" alt="Product Image"></a><p>Shelly 1 Gen3 | WiFi & Bluetooth Smart Relay Switch with Dry Contacts, 1-Channel 16A | Home Automation | Alexa, SmartThings & Google Home Compatible | No Hub | DIY Remote Control | Garage Door Opener</p><p> -8% 0FF </p><p>$16.99</p><a href="https://www.amazon.com/dp/B0D8YPW46Y?tag=eloabder-20&linkCode=osi&th=1&psc=1">View Product</a></div><div class="product"><a href="https://www.amazon.com/dp/B0D5XSGYB4?tag=eloabder-20&linkCode=osi&th=1&psc=1"><img src="https://m.media-amazon.com/images/I/31pj-zqLcYL._SL500_.jpg" alt="Product Image"></a><p>OUVOPO Zigbee Contact Sensor 2 Pack, Mini Smart Door Sensor, Home Automation, Kid Safety, Burglar Alert, Work with Alexa, SmartThings, Home Assistant, Aeotec, Homey, Hubitat with Build-in Zigbee Hub</p><p> -11% 0FF </p><p>$24.99</p><a href="https://www.amazon.com/dp/B0D5XSGYB4?tag=eloabder-20&linkCode=osi&th=1&psc=1">View Product</a></div><div class="product"><a href="https://www.amazon.com/dp/B0CXN2B9RS?tag=eloabder-20&linkCode=osi&th=1&psc=1"><img src="https://m.media-amazon.com/images/I/51NXNRAdSxL._SL500_.jpg" alt="Product Image"></a><p>Shelly Plus RGBW PM | WiFi & Bluetooth Smart Remote Control for RGBW with Power Metering | Home Automation | No Hub | Compatible with Alexa & Google Home | iOS Android App</p><p> -8% 0FF </p><p>$24.99</p><a href="https://www.amazon.com/dp/B0CXN2B9RS?tag=eloabder-20&linkCode=osi&th=1&psc=1">View Product</a></div><div class="product"><a href="https://www.amazon.com/dp/B006P591RW?tag=eloabder-20&linkCode=osi&th=1&psc=1"><img src="https://m.media-amazon.com/images/I/41EwZRzPrJL._SL500_.jpg" alt="Product Image"></a><p>Progressive Automations Mounting Bracket BRK-14 for Linear actuators PA-14, PA-14P, PA-08</p><p> -16% 0FF </p><p>$11.69</p><a href="https://www.amazon.com/dp/B006P591RW?tag=eloabder-20&linkCode=osi&th=1&psc=1">View Product</a></div>
<div class="product"><a href="https://www.amazon.com/dp/B08CZ4MG5P?tag=eloabder-20&linkCode=osi&th=1&psc=1"><img src="https://m.media-amazon.com/images/I/61lF1Z1BQ1L._SL500_.jpg" alt="Product Image"></a><p>ELEGOO Conqueror Robot Tank Kit with UNO R3 for Arduino Robotics for Kids Ages 8-12 12-16 STEM Science Kits Coding Robots Toys for 8+ Year Old Boys Girls Teens Circuits Engineering Building Project</p><p> -23% 0FF </p><p>$99.98</p><a href="https://www.amazon.com/dp/B08CZ4MG5P?tag=eloabder-20&linkCode=osi&th=1&psc=1">View Product</a></div><div class="product"><a href="https://www.amazon.com/dp/B0CYPVS3FF?tag=eloabder-20&linkCode=osi&th=1&psc=1"><img src="https://m.media-amazon.com/images/I/41tiE6fqJOL._SL500_.jpg" alt="Product Image"></a><p>Lefant M210 Pro Robot Vacuum Cleaner, 2200Pa Suction,120 Mins Runtime, Self-Charging Slim Robotic Vacuums, APP/Voice/Remote Control, Works with Alexa, Ideal for Pet Hair,Low-Pile Carpet, Hard Floor</p><p> -52% 0FF </p><p>$99.99</p><a href="https://www.amazon.com/dp/B0CYPVS3FF?tag=eloabder-20&linkCode=osi&th=1&psc=1">View Product</a></div><div class="product"><a href="https://www.amazon.com/dp/B09NNF5RHN?tag=eloabder-20&linkCode=osi&th=1&psc=1"><img src="https://m.media-amazon.com/images/I/41yl24NcAYL._SL500_.jpg" alt="Product Image"></a><p>roborock Q7 Max+ Robot Vacuum Cleaner, Hands-Free Cleaning for up to 7 Weeks, Robotic Vacuum with APP-Controlled Mopping, 4200Pa Suction, No-Mop&No-Go Zones, 180mins Runtime</p><p> -37% 0FF </p><p>$549.99</p><a href="https://www.amazon.com/dp/B09NNF5RHN?tag=eloabder-20&linkCode=osi&th=1&psc=1">View Product</a></div><div class="product"><a href="https://www.amazon.com/dp/B07GNDY96N?tag=eloabder-20&linkCode=osi&th=1&psc=1"><img src="https://m.media-amazon.com/images/I/41WDVdRkesL._SL500_.jpg" alt="Product Image"></a><p>ELEGOO Penguin Bot Biped Robot Kit Robotics for Kids Adults Coding for Kids 8-12 STEM Kits for Kids Ages 12-14 14-16 Boys Toys Teens Circuits Engineering Kits Compatible with Arduino</p><p> -8% 0FF </p><p>$45.99</p><a href="https://www.amazon.com/dp/B07GNDY96N?tag=eloabder-20&linkCode=osi&th=1&psc=1">View Product</a></div>
<div class="product"><a href="https://www.amazon.com/dp/B0C8GZJRMF?tag=eloabder-20&linkCode=osi&th=1&psc=1"><img src="https://m.media-amazon.com/images/I/6156CbXZ8ZL._SL500_.jpg" alt="Product Image"></a><p>Jevuta Engineer Gifts, Mechanical Engineering Gifts, Gifts For Engineers, Future Engineer Gifts, Aerospace Engineering Gifts, Graduation Gifts For Engineers, Retirement Gift For Engineer Tumbler 20oz</p><p> -12% 0FF </p><p>$21.99</p><a href="https://www.amazon.com/dp/B0C8GZJRMF?tag=eloabder-20&linkCode=osi&th=1&psc=1">View Product</a></div><div class="product"><a href="https://www.amazon.com/dp/B06XXZ19HX?tag=eloabder-20&linkCode=osi&th=1&psc=1"><img src="https://m.media-amazon.com/images/I/41QRwC6XcmL._SL500_.jpg" alt="Product Image"></a><p>Komelon 52425IE; 25' x 1.06" Powerblade II" Engineer Tape Measure; Yellow/Black</p><p> -10% 0FF </p><p>$13.51</p><a href="https://www.amazon.com/dp/B06XXZ19HX?tag=eloabder-20&linkCode=osi&th=1&psc=1">View Product</a></div><div class="product"><a href="https://www.amazon.com/dp/B00002N5LW?tag=eloabder-20&linkCode=osi&th=1&psc=1"><img src="https://m.media-amazon.com/images/I/41S2-EUZhgL._SL500_.jpg" alt="Product Image"></a><p>Crescent Lufkin 5/8" X 6' Red End¬Æ Engineer's Scale Wood Rule - 1066DN , White</p><p> -40% 0FF </p><p>$14.50</p><a href="https://www.amazon.com/dp/B00002N5LW?tag=eloabder-20&linkCode=osi&th=1&psc=1">View Product</a></div><div class="product"><a href="https://www.amazon.com/dp/B002MJMXD4?tag=eloabder-20&linkCode=osi&th=1&psc=1"><img src="https://m.media-amazon.com/images/I/31ZLLX+aOwL._SL500_.jpg" alt="Product Image"></a><p>ENGINEER Engineer Solder Suction Device SS-02</p><p> -25% 0FF </p><p>$19.56</p><a href="https://www.amazon.com/dp/B002MJMXD4?tag=eloabder-20&linkCode=osi&th=1&psc=1">View Product</a></div><div class="product"><a href="https://www.amazon.com/dp/B0BYD7H5PZ?tag=eloabder-20&linkCode=osi&th=1&psc=1"><img src="https://m.media-amazon.com/images/I/513DsoLDRFL._SL500_.jpg" alt="Product Image"></a><p>JERIO Engineer Gifts for Men,Engineer Coffee Tumbler Nutrition Facts - Funny Birthday,Graduation,Fathers Day,Christmas Gift Idea for Mechanical, Electrical, Civil, Science, Computer Programmer</p><p> -50% 0FF </p><p>$10.99</p><a href="https://www.amazon.com/dp/B0BYD7H5PZ?tag=eloabder-20&linkCode=osi&th=1&psc=1">View Product</a></div>
<div class="product"><a href="https://www.amazon.com/dp/B0D8HQJDT5?tag=eloabder-20&linkCode=osi&th=1&psc=1"><img src="https://m.media-amazon.com/images/I/41vCRs7ecqL._SL500_.jpg" alt="Product Image"></a><p>Amzany Bed Vacuum Cleaner - 5-in-1 Cordless Mattress Vacuum Cleaner, Powered by UV-C Light & Ultrasonic Technology, 16Kpa Strong Suction,Low Noise,Suitable for Dust, Pet Hair, Etc - Grey</p><p> -38% 0FF </p><p>$79.99</p><a href="https://www.amazon.com/dp/B0D8HQJDT5?tag=eloabder-20&linkCode=osi&th=1&psc=1">View Product</a></div><div class="product"><a href="https://www.amazon.com/dp/B081RJ8DW1?tag=eloabder-20&linkCode=osi&th=1&psc=1"><img src="https://m.media-amazon.com/images/I/41XdbpXmFvL._SL500_.jpg" alt="Product Image"></a><p>Gskyer Telescope, 70mm Aperture 400mm AZ Mount Astronomical Refracting Telescope for Kids Beginners - Travel Telescope with Carry Bag, Phone Adapter and Wireless Remote.</p><p> -33% 0FF </p><p>$86.99</p><a href="https://www.amazon.com/dp/B081RJ8DW1?tag=eloabder-20&linkCode=osi&th=1&psc=1">View Product</a></div><div class="product"><a href="https://www.amazon.com/dp/B008HOSQQQ?tag=eloabder-20&linkCode=osi&th=1&psc=1"><img src="https://m.media-amazon.com/images/I/31eIm02e4iL._SL500_.jpg" alt="Product Image"></a><p>Refrigeration Technologies RT201B Nylog Gasket/Thread Sealant, 30 ml (1 Pack)</p><p> -55% 0FF </p><p>$8.99</p><a href="https://www.amazon.com/dp/B008HOSQQQ?tag=eloabder-20&linkCode=osi&th=1&psc=1">View Product</a></div><div class="product"><a href="https://www.amazon.com/dp/B00UZ1WWUK?tag=eloabder-20&linkCode=osi&th=1&psc=1"><img src="https://m.media-amazon.com/images/I/318bhhXmhBL._SL500_.jpg" alt="Product Image"></a><p>BW Technologies Corded Electric BWC2-H BW Clip Single Gas H2S Monitor, 10/15 (1 Pack)</p><p> -34% 0FF </p><p>$91.14</p><a href="https://www.amazon.com/dp/B00UZ1WWUK?tag=eloabder-20&linkCode=osi&th=1&psc=1">View Product</a></div><div class="product"><a href="https://www.amazon.com/dp/B007885Y3K?tag=eloabder-20&linkCode=osi&th=1&psc=1"><img src="https://m.media-amazon.com/images/I/41Uh4TbGoGL._SL500_.jpg" alt="Product Image"></a><p>Safety Technology International, Inc. STI-13010FR Universal Stopper¬Æ, Flush Mount and Fire label, Indoor/Outdoor Protective Polycarbonate Cover for Pull Stations or Call Points, Red</p><p> -32% 0FF </p><p>$40.29</p><a href="https://www.amazon.com/dp/B007885Y3K?tag=eloabder-20&linkCode=osi&th=1&psc=1">View Product</a></div><div class="product"><a href="https://www.amazon.com/dp/B000FTADX0?tag=eloabder-20&linkCode=osi&th=1&psc=1"><img src="https://m.media-amazon.com/images/I/31HT3jGR4YL._SL500_.jpg" alt="Product Image"></a><p>Fluke Networks 26000900 Pro3000 Tone Generator and Probe Kit with SmartTone Technology, Blue</p><p> -37% 0FF </p><p>$88.48</p><a href="https://www.amazon.com/dp/B000FTADX0?tag=eloabder-20&linkCode=osi&th=1&psc=1">View Product</a></div>
<div class="product"><a href="https://www.amazon.com/dp/B0CN6F2GBN?tag=eloabder-20&linkCode=osi&th=1&psc=1"><img src="https://m.media-amazon.com/images/I/314BZ1QOH0L._SL500_.jpg" alt="Product Image"></a><p>Listerine Clinical Solutions Gum Health Antiseptic Mouthwash, Antigingivitis & Antiplaque Oral Rinse Helps Prevent Buildup & Immediately Kills Germs for Healthier Gums, ICY Mint, 1 L</p><p> -11% 0FF </p><p>$11.97 ($0.35 / Fl Oz)</p><a href="https://www.amazon.com/dp/B0CN6F2GBN?tag=eloabder-20&linkCode=osi&th=1&psc=1">View Product</a></div><div class="product"><a href="https://www.amazon.com/dp/B00WIMUVU2?tag=eloabder-20&linkCode=osi&th=1&psc=1"><img src="https://m.media-amazon.com/images/I/41ZdoGErSaL._SL500_.jpg" alt="Product Image"></a><p>Carpet Miracle - Carpet Cleaner Shampoo Solution for Machine Use, Deep Stain Remover and Odor Deodorizing Formula, Use On Rug Car Upholstery and Carpets (32FL OZ)</p><p> -23% 0FF </p><p>$19.99 ($0.62 / Fl Oz)</p><a href="https://www.amazon.com/dp/B00WIMUVU2?tag=eloabder-20&linkCode=osi&th=1&psc=1">View Product</a></div><div class="product"><a href="https://www.amazon.com/dp/B002C2O5EQ?tag=eloabder-20&linkCode=osi&th=1&psc=1"><img src="https://m.media-amazon.com/images/I/412RaKelAmL._SL500_.jpg" alt="Product Image"></a><p>Betadine Antiseptic Liquid First Aid Solution, Povidone-iodine 10%, Infection Protection, Kills Germs In Minor Cuts Scrapes And Burns, No Sting Promise, No Alcohol or Hydrogen Peroxide, 8 FL OZ</p><p> -24% 0FF </p><p>$13.29 ($1.66 / Fl Oz)</p><a href="https://www.amazon.com/dp/B002C2O5EQ?tag=eloabder-20&linkCode=osi&th=1&psc=1">View Product</a></div>

<div class="product"><a href="https://www.amazon.com/dp/B005LJ8EXU?tag=eloabder-20&linkCode=osi&th=1&psc=1"><img src="https://m.media-amazon.com/images/I/51y1lIaCqZL._SL500_.jpg" alt="Product Image"></a><p>iSpring RCC7AK, NSF Certified 75 GPD, Alkaline 6-Stage Reverse Osmosis System, pH+ Remineralization RO Water Filter System Under Sink, Superb Taste Drinking Water Filter</p><p> -33% 0FF </p><p>$186.14</p><a href="https://www.amazon.com/dp/B005LJ8EXU?tag=eloabder-20&linkCode=osi&th=1&psc=1">View Product</a></div><div class="product"><a href="https://www.amazon.com/dp/B00I0ZGOZM?tag=eloabder-20&linkCode=osi&th=1&psc=1"><img src="https://m.media-amazon.com/images/I/419oT125q0L._SL500_.jpg" alt="Product Image"></a><p>APEC Water Systems ROES-50 Essence Series Top Tier 5-Stage WQA Certified Ultra Safe Reverse Osmosis Drinking Water Filter System</p><p> -7% 0FF </p><p>$185.00</p><a href="https://www.amazon.com/dp/B00I0ZGOZM?tag=eloabder-20&linkCode=osi&th=1&psc=1">View Product</a></div><div class="product"><a href="https://www.amazon.com/dp/B00J2DGTD8?tag=eloabder-20&linkCode=osi&th=1&psc=1"><img src="https://m.media-amazon.com/images/I/51a5ku-MyBL._SL500_.jpg" alt="Product Image"></a><p>Express Water RO5DX Reverse Osmosis Filtration NSF Certified 5 Stage RO System with Faucet and Tank ‚Äì Under Sink Water Plus 4 Filters ‚Äì 50 GPD, 14 x 17 x 5, White</p><p> -21% 0FF </p><p>$157.48</p><a href="https://www.amazon.com/dp/B00J2DGTD8?tag=eloabder-20&linkCode=osi&th=1&psc=1">View Product</a></div><div class="product"><a href="https://www.amazon.com/dp/B01F9A4UVU?tag=eloabder-20&linkCode=osi&th=1&psc=1"><img src="https://m.media-amazon.com/images/I/41UItWTKFsS._SL500_.jpg" alt="Product Image"></a><p>iSpring WGB21B 2-Stage Whole House Water Filtration System, with 10" x 4.5" Sediment CTO(Chlorine, Taste, and Odor) Filter, 1" Inlet/Outlet</p><p> -30% 0FF </p><p>$127.49</p><a href="https://www.amazon.com/dp/B01F9A4UVU?tag=eloabder-20&linkCode=osi&th=1&psc=1">View Product</a></div><div class="product"><a href="https://www.amazon.com/dp/B07Y42RD9T?tag=eloabder-20&linkCode=osi&th=1&psc=1"><img src="https://m.media-amazon.com/images/I/219MeTcyMBL._SL500_.jpg" alt="Product Image"></a><p>Bard Medical PWF030 Purewick Female External Catheter, Latex, Pack of 30</p><p> -6% 0FF </p><p>$206.00 ($6.87 / Count)</p><a href="https://www.amazon.com/dp/B07Y42RD9T?tag=eloabder-20&linkCode=osi&th=1&psc=1">View Product</a></div><div class="product"><a href="https://www.amazon.com/dp/B00HRHHFPW?tag=eloabder-20&linkCode=osi&th=1&psc=1"><img src="https://m.media-amazon.com/images/I/51ykZ8b1GwL._SL500_.jpg" alt="Product Image"></a><p>APEC Water Systems RO-90 Ultimate Series Top Tier Supreme Certified High Output 90 GPD Ultra Safe Reverse Osmosis Drinking Water Filter System, Chrome Faucet</p><p> -15% 0FF </p><p>$191.55</p><a href="https://www.amazon.com/dp/B00HRHHFPW?tag=eloabder-20&linkCode=osi&th=1&psc=1">View Product</a></div>
<div class="product"><a href="https://www.amazon.com/dp/B00HKAJ018?tag=eloabder-20&linkCode=osi&th=1&psc=1"><img src="https://m.media-amazon.com/images/I/31cVzL2O1zL._SL500_.jpg" alt="Product Image"></a><p>SmartSign 25 x 12 inch ‚ÄúCaution - Maintenance Work In Progress‚Äù Two-Sided Folding Floor Sign, Digitally Printed Polypropylene Plastic, Black and Yellow</p><p> -11% 0FF </p><p>$36.95</p><a href="https://www.amazon.com/dp/B00HKAJ018?tag=eloabder-20&linkCode=osi&th=1&psc=1">View Product</a></div><div class="product"><a href="https://www.amazon.com/dp/B00HSJ4YLW?tag=eloabder-20&linkCode=osi&th=1&psc=1"><img src="https://m.media-amazon.com/images/I/41mCVFnsRpL._SL500_.jpg" alt="Product Image"></a><p>Accuform TAD847 Standard Door Knob Hanger Tag, Legend"Maintenance Employee Inside", 9" Length x 4" Width x 0.015" Thickness, RP-Plastic, Black on Yellow (Pack of 10)</p><p> -24% 0FF </p><p>$27.69 ($2.77 / Count)</p><a href="https://www.amazon.com/dp/B00HSJ4YLW?tag=eloabder-20&linkCode=osi&th=1&psc=1">View Product</a></div><div class="product"><a href="https://www.amazon.com/dp/B00700N1IQ?tag=eloabder-20&linkCode=osi&th=1&psc=1"><img src="https://m.media-amazon.com/images/I/511bcg+-z2L._SL500_.jpg" alt="Product Image"></a><p>NMC RA15RB Security Sign, Legend "RESTRICTED AREA - MAINTENANCE PERSONNEL ONLY", 14" Length x 10" Height, Rigid Plastic, Black/Red on White</p><p> -11% 0FF </p><p>$13.31</p><a href="https://www.amazon.com/dp/B00700N1IQ?tag=eloabder-20&linkCode=osi&th=1&psc=1">View Product</a></div>
<div class="product"><a href="https://www.amazon.com/dp/B0BKKTFWJK?tag=eloabder-20&linkCode=osi&th=1&psc=1"><img src="https://m.media-amazon.com/images/I/41cvC72AHeL._SL500_.jpg" alt="Product Image"></a><p>AceMining Upgraded Door Security Bar & Sliding Patio Bar, Heavy Duty Stoppers Adjustable Jammer for Home, Apartment, Travel (1 Pack,White)</p><p> -17% 0FF </p><p>$23.99</p><a href="https://www.amazon.com/dp/B0BKKTFWJK?tag=eloabder-20&linkCode=osi&th=1&psc=1">View Product</a></div><div class="product"><a href="https://www.amazon.com/dp/B01LDPHXD2?tag=eloabder-20&linkCode=osi&th=1&psc=1"><img src="https://m.media-amazon.com/images/I/41pcC4hFanL._SL500_.jpg" alt="Product Image"></a><p>Ergodyne Unisex Adult Hi Vis Safety GloWear 8377 Type R Class 3 Lime Quilted Bomber Jacket, Large, Lime, Large US</p><p> -34% 0FF </p><p>$34.99</p><a href="https://www.amazon.com/dp/B01LDPHXD2?tag=eloabder-20&linkCode=osi&th=1&psc=1">View Product</a></div><div class="product"><a href="https://www.amazon.com/dp/B0B7KTV8Q8?tag=eloabder-20&linkCode=osi&th=1&psc=1"><img src="https://m.media-amazon.com/images/I/417c5VIfBtL._SL500_.jpg" alt="Product Image"></a><p>RoadHero 18 Inch 4 Pack Collapsible Traffic Safety Cones, Multi Purpose Pop-up Cones with Reflective Collar for Road Safety, Orange Cones for Driving Training, Parking Lots</p><p> -18% 0FF </p><p>$23.65</p><a href="https://www.amazon.com/dp/B0B7KTV8Q8?tag=eloabder-20&linkCode=osi&th=1&psc=1">View Product</a></div>
<div class="product"><a href="https://www.amazon.com/dp/B000GISU1M?tag=eloabder-20&linkCode=osi&th=1&psc=1"><img src="https://m.media-amazon.com/images/I/41YAvhdmLIL._SL500_.jpg" alt="Product Image"></a><p>Optimum Nutrition Gold Standard 100% Whey Protein Powder, Vanilla Ice Creme, 5 Pound (Packaging May Vary)</p><p> -5% 0FF </p><p>$82.06 ($1.03 / Ounce)</p><a href="https://www.amazon.com/dp/B000GISU1M?tag=eloabder-20&linkCode=osi&th=1&psc=1">View Product</a></div><div class="product"><a href="https://www.amazon.com/dp/B084JHKFCW?tag=eloabder-20&linkCode=osi&th=1&psc=1"><img src="https://m.media-amazon.com/images/I/31wQjwQJR2L._SL500_.jpg" alt="Product Image"></a><p>American Standard 5503A00B.020 Slow Elongated Closed Front Toilet Seat, White</p><p> -42% 0FF </p><p>$32.96</p><a href="https://www.amazon.com/dp/B084JHKFCW?tag=eloabder-20&linkCode=osi&th=1&psc=1">View Product</a></div><div class="product"><a href="https://www.amazon.com/dp/B0CYZJM8PZ?tag=eloabder-20&linkCode=osi&th=1&psc=1"><img src="https://m.media-amazon.com/images/I/41d-M4+HpuL._SL500_.jpg" alt="Product Image"></a><p>DEGNJU LED Light Bulbs Daylight 5000K, 60 Watt Equivalent LED Bulbs, A19 Standard Bulbs, 800 LM, 15000 Hours, E26 Base, Non-Dimmable, 8.5W LED Bulbs for Bedroom Living Room 12 Pack</p><p> -27% 0FF </p><p>$17.99 ($1.50 / Count)</p><a href="https://www.amazon.com/dp/B0CYZJM8PZ?tag=eloabder-20&linkCode=osi&th=1&psc=1">View Product</a></div><div class="product"><a href="https://www.amazon.com/dp/B0CHYK75D4?tag=eloabder-20&linkCode=osi&th=1&psc=1"><img src="https://m.media-amazon.com/images/I/51DjecU3ILL._SL500_.jpg" alt="Product Image"></a><p>30-Piece Ultimate All-Purpose Combination Wrench Set in Roll-up Pouch | SAE 1/4‚Äù to 1‚Äù, Metric 6mm to 24mm | Best Value Complete Wrench Set for General Household, Garage, Truck, Car, Travel Emergency</p><p> -18% 0FF </p><p>$32.99</p><a href="https://www.amazon.com/dp/B0CHYK75D4?tag=eloabder-20&linkCode=osi&th=1&psc=1">View Product</a></div><div class="product"><a href="https://www.amazon.com/dp/B0D3XK7Z4J?tag=eloabder-20&linkCode=osi&th=1&psc=1"><img src="https://m.media-amazon.com/images/I/41wMwgcLSxL._SL500_.jpg" alt="Product Image"></a><p>Miucoguier Thread Checker - 28 Nut & Bolt Thread Checker, Bolt Size and Thread Gauge 14 Standard and 14 Metric Sizes, Bolt and Nut Identifier Gauge for Easy Verifying Sizing</p><p> -21% 0FF </p><p>$22.99</p><a href="https://www.amazon.com/dp/B0D3XK7Z4J?tag=eloabder-20&linkCode=osi&th=1&psc=1">View Product</a></div><div class="product"><a href="https://www.amazon.com/dp/B0CL1WBXG6?tag=eloabder-20&linkCode=osi&th=1&psc=1"><img src="https://m.media-amazon.com/images/I/51lHAQ830tL._SL500_.jpg" alt="Product Image"></a><p>GRENPRO Ratcheting Wrench Set, Combination Wrench Set, 22-Piece SAE & Metric and Standard, 72-Tooth Long Open End, 1/4" to 3/4" & 6-18mm, Organizer With Roll Up Pouch, CR-V Steel, Mechanic Tools Sets</p><p> -16% 0FF </p><p>$51.99 ($0.49 / Ounce)</p><a href="https://www.amazon.com/dp/B0CL1WBXG6?tag=eloabder-20&linkCode=osi&th=1&psc=1">View Product</a></div>

<div class="product"><a href="https://www.amazon.com/dp/B0D5V4PM1L?tag=eloabder-20&linkCode=osi&th=1&psc=1"><img src="https://m.media-amazon.com/images/I/51lbOWv6lZL._SL500_.jpg" alt="Product Image"></a><p>2025 Florida State and Federal Labor Laws Poster - OSHA Compliant UV Waterproof Laminated 24" x 36" English and Spanish Version 2PCS Folded - All in One Compliance Posting</p><p> -20% 0FF </p><p>$19.99</p><a href="https://www.amazon.com/dp/B0D5V4PM1L?tag=eloabder-20&linkCode=osi&th=1&psc=1">View Product</a></div>
<div class="product"><a href="https://www.amazon.com/dp/B0CFF8Z1NF?tag=eloabder-20&linkCode=osi&th=1&psc=1"><img src="https://m.media-amazon.com/images/I/41bDsv2AHdL._SL500_.jpg" alt="Product Image"></a><p>Endoscope Camera with Light - Inspection Borescope Camera with 4.3" IPS Screen, 1920P HD Snake Camera with 8 LED Lights, 16.4FT Semi-Rigid Cord Bore Scope, IP67 Waterproof Endoscope for Sewer(Orange)</p><p> -34% 0FF </p><p>$32.98</p><a href="https://www.amazon.com/dp/B0CFF8Z1NF?tag=eloabder-20&linkCode=osi&th=1&psc=1">View Product</a></div><div class="product"><a href="https://www.amazon.com/dp/B01D4QMUVI?tag=eloabder-20&linkCode=osi&th=1&psc=1"><img src="https://m.media-amazon.com/images/I/31UUBvi72zL._SL500_.jpg" alt="Product Image"></a><p>Optional life Telescoping LED Lighted Flexible Inspection Mirror 360 Swivel for Extra Viewing</p><p> -10% 0FF </p><p>$8.99</p><a href="https://www.amazon.com/dp/B01D4QMUVI?tag=eloabder-20&linkCode=osi&th=1&psc=1">View Product</a></div><div class="product"><a href="https://www.amazon.com/dp/B07HX76VM9?tag=eloabder-20&linkCode=osi&th=1&psc=1"><img src="https://m.media-amazon.com/images/I/31lU0HeUxnL._SL500_.jpg" alt="Product Image"></a><p>Juvale 2 Pack Telescoping Inspection Mirror Tool, Round 2-Inch Mirror with 24.5-Inch Extension for Mechanics, Inspectors</p><p> -38% 0FF </p><p>$7.99</p><a href="https://www.amazon.com/dp/B07HX76VM9?tag=eloabder-20&linkCode=osi&th=1&psc=1">View Product</a></div><div class="product"><a href="https://www.amazon.com/dp/B0BR7MKHF9?tag=eloabder-20&linkCode=osi&th=1&psc=1"><img src="https://m.media-amazon.com/images/I/41Oa1v7l6NL._SL500_.jpg" alt="Product Image"></a><p>Endoscope Camera with Light, 1920P HD Borescope Tools with 8 Adjustable LED Lights, Endoscope with 16.4ft Semi-Rigid Snake Camera, 7.9mm IP67 Waterproof Inspection Camera for iOS (Black)</p><p> -48% 0FF </p><p>$30.99</p><a href="https://www.amazon.com/dp/B0BR7MKHF9?tag=eloabder-20&linkCode=osi&th=1&psc=1">View Product</a></div><div class="product"><a href="https://www.amazon.com/dp/B09FK5QFTR?tag=eloabder-20&linkCode=osi&th=1&psc=1"><img src="https://m.media-amazon.com/images/I/41hfMwNfTWL._SL500_.jpg" alt="Product Image"></a><p>Telescoping Magnetic Pickup Tool Set-Extendable Magnet Flashlight with Inspection Mirror-Cool Gadgets Gifts Idea & Birthday Gifts for Father, Men, Him, Boyfriend, Husband, Handyman, Mechanic</p><p> -22% 0FF </p><p>$27.99</p><a href="https://www.amazon.com/dp/B09FK5QFTR?tag=eloabder-20&linkCode=osi&th=1&psc=1">View Product</a></div>
<div class="product"><a href="https://www.amazon.com/dp/B09KZ6TBNY?tag=eloabder-20&linkCode=osi&th=1&psc=1"><img src="https://m.media-amazon.com/images/I/41oPbadBuQL._SL500_.jpg" alt="Product Image"></a><p>iHealth COVID-19 Antigen Rapid Test, 1 Pack, 2 Tests Total, FDA EUA Authorized OTC at-Home Self Test, Results in 15 Minutes with Non-invasive Nasal Swab, Easy to Use & No Discomfort</p><p> -13% 0FF </p><p>$15.69 ($7.84 / Count)</p><a href="https://www.amazon.com/dp/B09KZ6TBNY?tag=eloabder-20&linkCode=osi&th=1&psc=1">View Product</a></div><div class="product"><a href="https://www.amazon.com/dp/B0C3SR4BNC?tag=eloabder-20&linkCode=osi&th=1&psc=1"><img src="https://m.media-amazon.com/images/I/41vH7tiKQaL._SL500_.jpg" alt="Product Image"></a><p>BinaxNOW COVID-19 Antigen Self Test, 1 Pack, 4 Tests Total, COVID Test With 15-Minute Results Without Sending to a Lab, Easy to Use at Home</p><p> -9% 0FF </p><p>$28.88 ($7.22 / Count)</p><a href="https://www.amazon.com/dp/B0C3SR4BNC?tag=eloabder-20&linkCode=osi&th=1&psc=1">View Product</a></div><div class="product"><a href="https://www.amazon.com/dp/B09PZS1N44?tag=eloabder-20&linkCode=osi&th=1&psc=1"><img src="https://m.media-amazon.com/images/I/418W+HhY5PL._SL500_.jpg" alt="Product Image"></a><p>Flowflex COVID-19 Antigen Home Test kit, 1 Pack, 5 Tests Total. FDA EUA Authorized OTC at-Home Self-Test, Non-invasive Nasal Swab, Easy to Use and No Discomfort, Results in 15 Minutes</p><p> -20% 0FF </p><p>$31.99 ($6.40 / Count)</p><a href="https://www.amazon.com/dp/B09PZS1N44?tag=eloabder-20&linkCode=osi&th=1&psc=1">View Product</a></div><div class="product"><a href="https://www.amazon.com/dp/B0D2DQBJS2?tag=eloabder-20&linkCode=osi&th=1&psc=1"><img src="https://m.media-amazon.com/images/I/51PHwjjreKL._SL500_.jpg" alt="Product Image"></a><p>CorDx TyFast Flu A/B & Covid-19 Multiplex Rapid Test, 10 Mins at Home, FDA Authorized, 3-in-1 Combo Kit, 2 Tests</p><p> -29% 0FF </p><p>$21.21</p><a href="https://www.amazon.com/dp/B0D2DQBJS2?tag=eloabder-20&linkCode=osi&th=1&psc=1">View Product</a></div><div class="product"><a href="https://www.amazon.com/dp/B07CF8C4VX?tag=eloabder-20&linkCode=osi&th=1&psc=1"><img src="https://m.media-amazon.com/images/I/51brLSHm6vL._SL500_.jpg" alt="Product Image"></a><p>CONTOUR NEXT Blood Glucose Test Strips for Diabetes, 70 Count (Pack of 1)</p><p> -17% 0FF </p><p>$26.58 ($0.38 / Count)</p><a href="https://www.amazon.com/dp/B07CF8C4VX?tag=eloabder-20&linkCode=osi&th=1&psc=1">View Product</a></div>
<div class="product"><a href="https://www.amazon.com/dp/B01LYBYFTJ?tag=eloabder-20&linkCode=osi&th=1&psc=1"><img src="https://m.media-amazon.com/images/I/518DrPFcK0L._SL500_.jpg" alt="Product Image"></a><p>Accuform MQTL707VP Plastic Sign, "Quality Control Inspection Area", 10" Length x 14" Width x 0.055" Thickness, Green/Black on White</p><p> -7% 0FF </p><p>$12.72</p><a href="https://www.amazon.com/dp/B01LYBYFTJ?tag=eloabder-20&linkCode=osi&th=1&psc=1">View Product</a></div><div class="product"><a href="https://www.amazon.com/dp/B08HQMBQ79?tag=eloabder-20&linkCode=osi&th=1&psc=1"><img src="https://m.media-amazon.com/images/I/41eP15ePWkL._SL500_.jpg" alt="Product Image"></a><p>CO2 Controller Carbon Dioxide Controller Air Quality Monitor CO2 Meter with Day and Night Control Relay Function, NDIR Sensor Probe Cable, CO2 Detector for Plant, Grow Room, Green House, Garden, Home</p><p> -13% 0FF </p><p>$139.59</p><a href="https://www.amazon.com/dp/B08HQMBQ79?tag=eloabder-20&linkCode=osi&th=1&psc=1">View Product</a></div><div class="product"><a href="https://www.amazon.com/dp/B0CPBKHZNC?tag=eloabder-20&linkCode=osi&th=1&psc=1"><img src="https://m.media-amazon.com/images/I/51jPs5y3CJL._SL500_.jpg" alt="Product Image"></a><p>IUYPKQ Steel Wool for Mice Control - 2 Pack of 3"√ó10Ft Steel Wool, Gap Filter for House & Garage - Keep Mice Away from HolesÔºåSidingÔºåPipelineÔºåVents in Garden, House, 7.04oz (2, 100g)</p><p> -18% 0FF </p><p>$8.20</p><a href="https://www.amazon.com/dp/B0CPBKHZNC?tag=eloabder-20&linkCode=osi&th=1&psc=1">View Product</a></div>

<div class="product"><a href="https://www.amazon.com/dp/B084F3YQMH?tag=eloabder-20&linkCode=osi&th=1&psc=1"><img src="https://m.media-amazon.com/images/I/51XzXeJ5EHS._SL500_.jpg" alt="Product Image"></a><p>Ultrasac Blue Recycling Bags 33 Gallon 0.9 MIL, 33.5" x 38" - Pack of 45 - For Recycling, Kitchen, Industrial, & Commercial</p><p> -37% 0FF </p><p>$15.06 ($0.33 / Count)</p><a href="https://www.amazon.com/dp/B084F3YQMH?tag=eloabder-20&linkCode=osi&th=1&psc=1">View Product</a></div>
<div class="product"><a href="https://www.amazon.com/dp/B09RY35M4S?tag=eloabder-20&linkCode=osi&th=1&psc=1"><img src="https://m.media-amazon.com/images/I/41wjzxrudGL._SL500_.jpg" alt="Product Image"></a><p>Kleenex Lotion Facial Tissues with Coconut Oil, 3 Flat Boxes, 120 Tissues Per Box, 3-Ply</p><p> -9% 0FF </p><p>$5.24 ($1.46 / 100 Sheets)</p><a href="https://www.amazon.com/dp/B09RY35M4S?tag=eloabder-20&linkCode=osi&th=1&psc=1">View Product</a></div><div class="product"><a href="https://www.amazon.com/dp/B09M5XF6JV?tag=eloabder-20&linkCode=osi&th=1&psc=1"><img src="https://m.media-amazon.com/images/I/410w59XOeaL._SL500_.jpg" alt="Product Image"></a><p>Kleenex Ultra Soft Facial Tissues, 4 Cube Boxes, 60 Tissues per Box, 3-Ply (240 Total Tissues), Packaging May Vary</p><p> -12% 0FF </p><p>$6.58 ($2.74 / 100 Sheets)</p><a href="https://www.amazon.com/dp/B09M5XF6JV?tag=eloabder-20&linkCode=osi&th=1&psc=1">View Product</a></div><div class="product"><a href="https://www.amazon.com/dp/B09YKRZR22?tag=eloabder-20&linkCode=osi&th=1&psc=1"><img src="https://m.media-amazon.com/images/I/413kbNG2YCL._SL500_.jpg" alt="Product Image"></a><p>Puffs Plus Lotion Facial Tissues, 8 Family Boxes, 124 Facial Tissues per Box, Allergies and Colds</p><p> -26% 0FF </p><p>$13.28 ($1.34 / 100 Sheets)</p><a href="https://www.amazon.com/dp/B09YKRZR22?tag=eloabder-20&linkCode=osi&th=1&psc=1">View Product</a></div>
<div class="product"><a href="https://www.amazon.com/dp/B0CMTR8NFM?tag=eloabder-20&linkCode=osi&th=1&psc=1"><img src="https://m.media-amazon.com/images/I/418XJgVkJIL._SL500_.jpg" alt="Product Image"></a><p>dalattin 12 Pack A19 LED Bulbs, 9W Equivalent 60 Watts, E26 Base, 5000K Daylight White, 800 LM, Efficient Energy Saving Lights for Living Room, Office, 80+ CRI, 120V, UL Listed</p><p> -6% 0FF </p><p>$15.99 ($1.33 / Count)</p><a href="https://www.amazon.com/dp/B0CMTR8NFM?tag=eloabder-20&linkCode=osi&th=1&psc=1">View Product</a></div><div class="product"><a href="https://www.amazon.com/dp/B0CZHCZ5TL?tag=eloabder-20&linkCode=osi&th=1&psc=1"><img src="https://m.media-amazon.com/images/I/31iJMTbdOTL._SL500_.jpg" alt="Product Image"></a><p>TP-Link Tapo Smart Plug Compatible with Alexa, Google Home & Samsung SmartThings, Energy Monitoring, 15A, ETL Certified, 2.4G Wi-Fi Only, Tapo P110, White</p><p> -27% 0FF </p><p>$10.99</p><a href="https://www.amazon.com/dp/B0CZHCZ5TL?tag=eloabder-20&linkCode=osi&th=1&psc=1">View Product</a></div><div class="product"><a href="https://www.amazon.com/dp/B0CCB442CF?tag=eloabder-20&linkCode=osi&th=1&psc=1"><img src="https://m.media-amazon.com/images/I/31oVkQ9gShL._SL500_.jpg" alt="Product Image"></a><p>DEGNJU A19 LED Light Bulbs, 60 Watt Equivalent LED Bulbs, Soft White 2700K, 800 Lumens, E26 Standard Base, Non-Dimmable, 8.5W Warm White LED Bulbs for Bedroom Living Room, 3 Pack</p><p> -33% 0FF </p><p>$7.98 ($2.66 / Count)</p><a href="https://www.amazon.com/dp/B0CCB442CF?tag=eloabder-20&linkCode=osi&th=1&psc=1">View Product</a></div>
<div class="product"><a href="https://www.amazon.com/dp/B08NX1XYBN?tag=eloabder-20&linkCode=osi&th=1&psc=1"><img src="https://m.media-amazon.com/images/I/51lfim+ZIRL._SL500_.jpg" alt="Product Image"></a><p>DIYSELF 2Pack Utility Knife Box Cutter Retractable Blade Heavy Duty(Red)</p><p> -38% 0FF </p><p>$7.99 ($4.00 / Count)</p><a href="https://www.amazon.com/dp/B08NX1XYBN?tag=eloabder-20&linkCode=osi&th=1&psc=1">View Product</a></div><div class="product"><a href="https://www.amazon.com/dp/B08HCW4V4G?tag=eloabder-20&linkCode=osi&th=1&psc=1"><img src="https://m.media-amazon.com/images/I/51A4GvNLy1S._SL500_.jpg" alt="Product Image"></a><p>HORUSDY 4-Pack Box Cutter Utility Knife, Heavy Duty Aluminum Shell Retractable Box Cutter for Cardboard, Boxes and Cartons, Extra 10 Blades.</p><p> -23% 0FF </p><p>$9.99 ($2.50 / Count)</p><a href="https://www.amazon.com/dp/B08HCW4V4G?tag=eloabder-20&linkCode=osi&th=1&psc=1">View Product</a></div><div class="product"><a href="https://www.amazon.com/dp/B097SXK3FG?tag=eloabder-20&linkCode=osi&th=1&psc=1"><img src="https://m.media-amazon.com/images/I/41QvJkjjQuL._SL500_.jpg" alt="Product Image"></a><p>WORKPRO Premium Utility Knife, Retractable All Metal Heavy Duty Box Cutter, Quick Change Blade Razor Knife, with 10 Extra Blades</p><p> -25% 0FF </p><p>$8.99</p><a href="https://www.amazon.com/dp/B097SXK3FG?tag=eloabder-20&linkCode=osi&th=1&psc=1">View Product</a></div><div class="product"><a href="https://www.amazon.com/dp/B01M27QHE2?tag=eloabder-20&linkCode=osi&th=1&psc=1"><img src="https://m.media-amazon.com/images/I/51ULro8xW3L._SL500_.jpg" alt="Product Image"></a><p>INTERNET'S BEST Premium Utility Knife Set | Retractable Box Cutter with Rubber Handle | Heavy-Duty Cutting for Cardboard, Carpet, Plastic | Retractable Blade | Includes 2 Razor Knives & Extra Blades</p><p> -25% 0FF </p><p>$14.99</p><a href="https://www.amazon.com/dp/B01M27QHE2?tag=eloabder-20&linkCode=osi&th=1&psc=1">View Product</a></div><div class="product"><a href="https://www.amazon.com/dp/B09JYJLQXF?tag=eloabder-20&linkCode=osi&th=1&psc=1"><img src="https://m.media-amazon.com/images/I/51IqddPa30L._SL500_.jpg" alt="Product Image"></a><p>M MEEPO Box Cutter, 4-Pack Tough Folding Box Cutter for Heavy Duty Purpose, Razor Sharp Blade, Comfortable Handle, with Extra 10-Piece Blades, Can cut Drywall, Sheet Plastic, Linoleum, Boxes, Rope</p><p> -31% 0FF </p><p>$10.99 ($2.75 / Count)</p><a href="https://www.amazon.com/dp/B09JYJLQXF?tag=eloabder-20&linkCode=osi&th=1&psc=1">View Product</a></div><div class="product"><a href="https://www.amazon.com/dp/B09K7SJH6X?tag=eloabder-20&linkCode=osi&th=1&psc=1"><img src="https://m.media-amazon.com/images/I/41-bwfYeYRL._SL500_.jpg" alt="Product Image"></a><p>WORKPRO Folding Utility Knife with Stainless Steel Head, Quick-change Blade & Back Lock, Wood Handle Heavy Duty Box Cutter, 1PC Razor Knife with Extra 10PC SK5 Blades</p><p> -25% 0FF </p><p>$14.99</p><a href="https://www.amazon.com/dp/B09K7SJH6X?tag=eloabder-20&linkCode=osi&th=1&psc=1">View Product</a></div><div class="product"><a href="https://www.amazon.com/dp/B07DXTP9M9?tag=eloabder-20&linkCode=osi&th=1&psc=1"><img src="https://m.media-amazon.com/images/I/51DsWoOdb2L._SL500_.jpg" alt="Product Image"></a><p>REXBETI 12-Pack Utility Knife, Retractable Box Cutter for Cartons, Cardboard and Boxes, 18mm Wider Razor Sharp Blade, Smooth Mechanism, Perfect for Office and Home use</p><p> -60% 0FF </p><p>$9.99</p><a href="https://www.amazon.com/dp/B07DXTP9M9?tag=eloabder-20&linkCode=osi&th=1&psc=1">View Product</a></div>
<div class="product"><a href="https://www.amazon.com/dp/B07P6PH5SB?tag=eloabder-20&linkCode=osi&th=1&psc=1"><img src="https://m.media-amazon.com/images/I/41h9Fp94OLL._SL500_.jpg" alt="Product Image"></a><p>3M SecureFit Safety Helmet - Climbing Style Inspired Safety Helmet with 6 Point Suspension System, Non-Vented, White, X5001-ANSI, for Construction and Heavy Infrastructure</p><p> -39% 0FF </p><p>$64.83</p><a href="https://www.amazon.com/dp/B07P6PH5SB?tag=eloabder-20&linkCode=osi&th=1&psc=1">View Product</a></div><div class="product"><a href="https://www.amazon.com/dp/B0DCVQRJCJ?tag=eloabder-20&linkCode=osi&th=1&psc=1"><img src="https://m.media-amazon.com/images/I/41bpS1WjabL._SL500_.jpg" alt="Product Image"></a><p>QYZZRS Generator Interlock Kit Compatible with Eaton Cutler Hammer 100 Amp and 125 Amp Panels Breaker,for Safe Usage of Portable Power During Outage,Professional and Interlock Kit (1)</p><p> -16% 0FF </p><p>$27.59</p><a href="https://www.amazon.com/dp/B0DCVQRJCJ?tag=eloabder-20&linkCode=osi&th=1&psc=1">View Product</a></div><div class="product"><a href="https://www.amazon.com/dp/B00C01W6DG?tag=eloabder-20&linkCode=osi&th=1&psc=1"><img src="https://m.media-amazon.com/images/I/41ajsEzhqeL._SL500_.jpg" alt="Product Image"></a><p>ICC Cat6 Riser 1000ft - UTP 23AWG, 100% Solid Pure Copper, Unshielded CMR, Bulk Ethernet Cable, PoE++, 500MHz, Reelex Pull Box, UL Certified, RoHS and TAA Compliant, Blue</p><p> -9% 0FF </p><p>$142.39</p><a href="https://www.amazon.com/dp/B00C01W6DG?tag=eloabder-20&linkCode=osi&th=1&psc=1">View Product</a></div><div class="product"><a href="https://www.amazon.com/dp/B00QXTXSKQ?tag=eloabder-20&linkCode=osi&th=1&psc=1"><img src="https://m.media-amazon.com/images/I/31dvw-xXqDL._SL500_.jpg" alt="Product Image"></a><p>MSA 10048280 Calibration Cylinder, Aluminium Gas Bottle, 34 Liter, 1.45% CH4, 15% O2, 60 PPM CO, 20 PPM H2S, Galaxy GX2 System Test Stand Compatible, Multi-Use Air Tank</p><p> -11% 0FF </p><p>$364.02</p><a href="https://www.amazon.com/dp/B00QXTXSKQ?tag=eloabder-20&linkCode=osi&th=1&psc=1">View Product</a></div><div class="product"><a href="https://www.amazon.com/dp/B016N3609W?tag=eloabder-20&linkCode=osi&th=1&psc=1"><img src="https://m.media-amazon.com/images/I/31qfvZRAQaL._SL500_.jpg" alt="Product Image"></a><p>MSA 815641 Advantage Respirator Cartridge - Iodine Vapor/P100 (GMI), Quantity: 2 per Pack, Chemical and Combination Air-Purifying Respirator Cartridge</p><p> -38% 0FF </p><p>$22.72 ($11.36 / Count)</p><a href="https://www.amazon.com/dp/B016N3609W?tag=eloabder-20&linkCode=osi&th=1&psc=1">View Product</a></div>
<div class="product"><a href="https://www.amazon.com/dp/B00JKHFR2K?tag=eloabder-20&linkCode=osi&th=1&psc=1"><img src="https://m.media-amazon.com/images/I/31-VtYKPhLL._SL500_.jpg" alt="Product Image"></a><p>Childcraft Construction Paper, 9 x 12 Inches, Assorted Colors, 500 Sheets - 1465886</p><p> -12% 0FF </p><p>$14.02 ($0.03 / Count)</p><a href="https://www.amazon.com/dp/B00JKHFR2K?tag=eloabder-20&linkCode=osi&th=1&psc=1">View Product</a></div><div class="product"><a href="https://www.amazon.com/dp/B07BPWV83H?tag=eloabder-20&linkCode=osi&th=1&psc=1"><img src="https://m.media-amazon.com/images/I/51lp+IIfd7L._SL500_.jpg" alt="Product Image"></a><p>REXBETI Knee Pads for Work, Construction Gel Knee Pads Tools, Heavy Duty Comfortable Anti-slip Foam Knee Pads for Cleaning Flooring and Garden, Strong Stretchable Straps, 1 Pair</p><p> -28% 0FF </p><p>$25.99</p><a href="https://www.amazon.com/dp/B07BPWV83H?tag=eloabder-20&linkCode=osi&th=1&psc=1">View Product</a></div><div class="product"><a href="https://www.amazon.com/dp/B0CQ755FYH?tag=eloabder-20&linkCode=osi&th=1&psc=1"><img src="https://m.media-amazon.com/images/I/41lT80YapPL._SL500_.jpg" alt="Product Image"></a><p>Laser Level with Tripod, Huepar 98Ft Self Leveling Laser Level Green Line Laser Cross Line Laser Leveler Tool for Picture Hanging, Tile, Home Renovation, Indoor Project, Battery&Carrying Bag Included</p><p> -38% 0FF </p><p>$49.99</p><a href="https://www.amazon.com/dp/B0CQ755FYH?tag=eloabder-20&linkCode=osi&th=1&psc=1">View Product</a></div><div class="product"><a href="https://www.amazon.com/dp/B09W8LBWJH?tag=eloabder-20&linkCode=osi&th=1&psc=1"><img src="https://m.media-amazon.com/images/I/4115vnIiXsL._SL500_.jpg" alt="Product Image"></a><p>Deinyi Construction Toddler Utensils - Toddler Forks and Spoons - Kids Spoon and Fork Set - Suitable for Kids Utensils - Baby Utensils, Portable Utensils Set for 1 2 3 4 5 year old Toddlers, Yellow</p><p> -37% 0FF </p><p>$11.99</p><a href="https://www.amazon.com/dp/B09W8LBWJH?tag=eloabder-20&linkCode=osi&th=1&psc=1">View Product</a></div><div class="product"><a href="https://www.amazon.com/dp/B002LARR76?tag=eloabder-20&linkCode=osi&th=1&psc=1"><img src="https://m.media-amazon.com/images/I/31K2j809lBL._SL500_.jpg" alt="Product Image"></a><p>Prang (Formerly SunWorks) Construction Paper, Brown, 9" x 12", 100 Sheets</p><p> -11% 0FF </p><p>$4.27 ($0.04 / Count)</p><a href="https://www.amazon.com/dp/B002LARR76?tag=eloabder-20&linkCode=osi&th=1&psc=1">View Product</a></div>
<div class="product"><a href="https://www.amazon.com/dp/B08GFP7PSK?tag=eloabder-20&linkCode=osi&th=1&psc=1"><img src="https://m.media-amazon.com/images/I/41gooaY8RRL._SL500_.jpg" alt="Product Image"></a><p>BESTAMTOY 36 PCS Wooden Sorting Stacking Rocks Stones,Sensory Toddler Toys Learning Montessori Toys, Building Blocks Game for Kids 3 4 5 6 Years Boy and Girl Birthday Gifts for Kids</p><p> -36% 0FF </p><p>$23.19</p><a href="https://www.amazon.com/dp/B08GFP7PSK?tag=eloabder-20&linkCode=osi&th=1&psc=1">View Product</a></div><div class="product"><a href="https://www.amazon.com/dp/B0CWVT99MF?tag=eloabder-20&linkCode=osi&th=1&psc=1"><img src="https://m.media-amazon.com/images/I/31v6b-LC5ML._SL500_.jpg" alt="Product Image"></a><p>IRWIN Quick-Lift Construction Jack, Hand Lifting Jack Tool, Multifunctional, Lift up to 10" and Lift Capacity 330 lbs (IRHT83100)</p><p> -9% 0FF </p><p>$89.99</p><a href="https://www.amazon.com/dp/B0CWVT99MF?tag=eloabder-20&linkCode=osi&th=1&psc=1">View Product</a></div><div class="product"><a href="https://www.amazon.com/dp/B0BWY4444M?tag=eloabder-20&linkCode=osi&th=1&psc=1"><img src="https://m.media-amazon.com/images/I/51esMBM0unL._SL500_.jpg" alt="Product Image"></a><p>XClifes Labor Saving Handle 2 Pack,15 In Construction Jack, Wall Tile Locator, Multi-Function Height Adjustment Lifting Device, Door Panel Lifting Cabinet Jack,Raised 10 in,Dynamic Load 470 LB</p><p> -69% 0FF </p><p>$43.99</p><a href="https://www.amazon.com/dp/B0BWY4444M?tag=eloabder-20&linkCode=osi&th=1&psc=1">View Product</a></div><div class="product"><a href="https://www.amazon.com/dp/0021402442?tag=eloabder-20&linkCode=osi&th=1&psc=1"><img src="https://m.media-amazon.com/images/I/511QbiOnlIL._SL500_.jpg" alt="Product Image"></a><p>Glencoe Carpentry and Building Construction, Student Edition (CARPENTRY & BLDG CONSTRUCTION)</p><p> -47% 0FF </p><p>$59.50</p><a href="https://www.amazon.com/dp/0021402442?tag=eloabder-20&linkCode=osi&th=1&psc=1">View Product</a></div><div class="product"><a href="https://www.amazon.com/dp/B08R3TW6PD?tag=eloabder-20&linkCode=osi&th=1&psc=1"><img src="https://m.media-amazon.com/images/I/51Ca5qyFUyL._SL500_.jpg" alt="Product Image"></a><p>Coodoo Upgraded Magnetic Blocks Tough Tiles STEM Toys for 3+ Year Old Boys and Girls Learning by Playing Games for Toddlers Kids, Compatible with Major Brands Building Blocks - Starter Set</p><p> -9% 0FF </p><p>$19.99</p><a href="https://www.amazon.com/dp/B08R3TW6PD?tag=eloabder-20&linkCode=osi&th=1&psc=1">View Product</a></div><div class="product"><a href="https://www.amazon.com/dp/B0D17SV1WJ?tag=eloabder-20&linkCode=osi&th=1&psc=1"><img src="https://m.media-amazon.com/images/I/41GZRx1QfVL._SL500_.jpg" alt="Product Image"></a><p>10 Pcs Interlocking Deck Tiles 12" x 12", Patio Flooring Outdoor Waterproof, Acacia Wood Tiles All Weather, Floor Tiles for Balcony, Backyard, Indoor and Outdoor use‚Ä¶ (Espresso)</p><p> -15% 0FF </p><p>$38.99</p><a href="https://www.amazon.com/dp/B0D17SV1WJ?tag=eloabder-20&linkCode=osi&th=1&psc=1">View Product</a></div><div class="product"><a href="https://www.amazon.com/dp/B0CPCZ3V7C?tag=eloabder-20&linkCode=osi&th=1&psc=1"><img src="https://m.media-amazon.com/images/I/51zv+eT4kkL._SL500_.jpg" alt="Product Image"></a><p>Titrot Magnetic Blocks Kids Toys, Large Magnetic Building Sticks STEM Educational Sensory Toy Preschool Learning Montessori Toys for Toddlers Boys Girls Ages 3-8 with 1 Car</p><p> -17% 0FF </p><p>$24.99</p><a href="https://www.amazon.com/dp/B0CPCZ3V7C?tag=eloabder-20&linkCode=osi&th=1&psc=1">View Product</a></div>

<div class="product"><a href="https://www.amazon.com/dp/B0D676KYMV?tag=eloabder-20&linkCode=osi&th=1&psc=1"><img src="https://m.media-amazon.com/images/I/41dhQyG9XZL._SL500_.jpg" alt="Product Image"></a><p>Dimgogo Hexagon LED Garage Ceiling Lights,25 Pack 17280LM Super Bright LED car Lights for Warehouse Basement Workshop Gym Car Detailing Shop Wash Room</p><p> -21% 0FF </p><p>$69.99</p><a href="https://www.amazon.com/dp/B0D676KYMV?tag=eloabder-20&linkCode=osi&th=1&psc=1">View Product</a></div>
<div class="product"><a href="https://www.amazon.com/dp/B0C73SFP11?tag=eloabder-20&linkCode=osi&th=1&psc=1"><img src="https://m.media-amazon.com/images/I/31+p7lB1nDL._SL500_.jpg" alt="Product Image"></a><p>2 Pack, 9 Inch Clear Non-Skid Lazy Susan Organizers - Turntable Rack for Kitchen Cabinet, Pantry Organization and Storage, Fridge, Bathroom Closet, Vanity Countertop Makeup Organizing, Spice Rack</p><p> -32% 0FF </p><p>$12.98</p><a href="https://www.amazon.com/dp/B0C73SFP11?tag=eloabder-20&linkCode=osi&th=1&psc=1">View Product</a></div><div class="product"><a href="https://www.amazon.com/dp/B098991PPP?tag=eloabder-20&linkCode=osi&th=1&psc=1"><img src="https://m.media-amazon.com/images/I/41pFHdubflL._SL500_.jpg" alt="Product Image"></a><p>SpaceAid Heavy Duty Moving Bags, Extra Large Storage Totes W/Backpack Straps Strong Handles & Zippers, Alternative to Moving Boxes, Packing & Moving Supplies, Black (8 Pack)</p><p> -24% 0FF </p><p>$36.99 ($4.62 / Count)</p><a href="https://www.amazon.com/dp/B098991PPP?tag=eloabder-20&linkCode=osi&th=1&psc=1">View Product</a></div>
<div class="product"><a href="https://www.amazon.com/dp/B001JT1LCW?tag=eloabder-20&linkCode=osi&th=1&psc=1"><img src="https://m.media-amazon.com/images/I/41-NrbTtXOL._SL500_.jpg" alt="Product Image"></a><p>Logistic Ratchet Strap, 16ft x 2In, 1000lb</p><p> -37% 0FF </p><p>$11.13</p><a href="https://www.amazon.com/dp/B001JT1LCW?tag=eloabder-20&linkCode=osi&th=1&psc=1">View Product</a></div>
<div class="product"><a href="https://www.amazon.com/dp/B07MM6D6H8?tag=eloabder-20&linkCode=osi&th=1&psc=1"><img src="https://m.media-amazon.com/images/I/51-5i+GLJFL._SL500_.jpg" alt="Product Image"></a><p>edxeducation Transport Counters - Mini Jar - Set of 36 - Learn Counting, Colors, Sorting and Sequencing - Hands-on Math Manipulative for Kids</p><p> -6% 0FF </p><p>$12.66</p><a href="https://www.amazon.com/dp/B07MM6D6H8?tag=eloabder-20&linkCode=osi&th=1&psc=1">View Product</a></div><div class="product"><a href="https://www.amazon.com/dp/B0058ORV6Y?tag=eloabder-20&linkCode=osi&th=1&psc=1"><img src="https://m.media-amazon.com/images/I/415rpz1mnxL._SL500_.jpg" alt="Product Image"></a><p>Didax Educational Resources Transportation Counters, 72</p><p> -31% 0FF </p><p>$14.50</p><a href="https://www.amazon.com/dp/B0058ORV6Y?tag=eloabder-20&linkCode=osi&th=1&psc=1">View Product</a></div><div class="product"><a href="https://www.amazon.com/dp/B0BWNRKN6Y?tag=eloabder-20&linkCode=osi&th=1&psc=1"><img src="https://m.media-amazon.com/images/I/51Fau8rx1IL._SL500_.jpg" alt="Product Image"></a><p>Reusable Sticker Book for Kids, Vehicles Truck Stickers Educational Learning Toys Travel Stickers Activity Books for Toddler Girls Boys Age 3+ Birthday Gifts</p><p> -34% 0FF </p><p>$5.95</p><a href="https://www.amazon.com/dp/B0BWNRKN6Y?tag=eloabder-20&linkCode=osi&th=1&psc=1">View Product</a></div>
<div class="product"><a href="https://www.amazon.com/dp/B0BLTY38V7?tag=eloabder-20&linkCode=osi&th=1&psc=1"><img src="https://m.media-amazon.com/images/I/31zmVFnuy3L._SL500_.jpg" alt="Product Image"></a><p>SWEETAPRIL Slow Moving Vehicle Sign, Rust Free Aluminum Slow Moving Vehicle Triangle Signs, 14"X16", 40-Mil Thick Diamond Grade Reflective For Golf Cart, For Golf Cart, Tractor, Utv, Safety Signs</p><p> -47% 0FF </p><p>$9.99</p><a href="https://www.amazon.com/dp/B0BLTY38V7?tag=eloabder-20&linkCode=osi&th=1&psc=1">View Product</a></div><div class="product"><a href="https://www.amazon.com/dp/B0D9NXPMMR?tag=eloabder-20&linkCode=osi&th=1&psc=1"><img src="https://m.media-amazon.com/images/I/418RV63IwdL._SL500_.jpg" alt="Product Image"></a><p>Mini Car Trash Can Bin with Lid and One Roll Plastic Trash Bags, Small Car Garbage Can Leakproof Car Accessories Trash Bin Car Dustbin Organizer Container for Car, Vehicle, Office, Home</p><p> -16% 0FF </p><p>$9.98</p><a href="https://www.amazon.com/dp/B0D9NXPMMR?tag=eloabder-20&linkCode=osi&th=1&psc=1">View Product</a></div><div class="product"><a href="https://www.amazon.com/dp/B000UHP9EU?tag=eloabder-20&linkCode=osi&th=1&psc=1"><img src="https://m.media-amazon.com/images/I/31wK9xXH7wL._SL500_.jpg" alt="Product Image"></a><p>FIRST ALERT AUTOMAR10 Car and Marine Fire Extinguisher, FE10GR, UL RATED 10-B:C, White, 1-Pack</p><p> -32% 0FF </p><p>$26.44</p><a href="https://www.amazon.com/dp/B000UHP9EU?tag=eloabder-20&linkCode=osi&th=1&psc=1">View Product</a></div><div class="product"><a href="https://www.amazon.com/dp/B0CQSH2J4R?tag=eloabder-20&linkCode=osi&th=1&psc=1"><img src="https://m.media-amazon.com/images/I/41NenTedbdL._SL500_.jpg" alt="Product Image"></a><p>Yaocom 1 Set Slow Moving Vehicle Sign with Mounting Bracket 14 x 16 Inch Slow Moving Vehicle Triangle Signs Aluminum Slow Sign Warning Triangles for Vehicles Golf Cart Tractor Outdoor Accessories</p><p> -5% 0FF </p><p>$18.99</p><a href="https://www.amazon.com/dp/B0CQSH2J4R?tag=eloabder-20&linkCode=osi&th=1&psc=1">View Product</a></div><div class="product"><a href="https://www.amazon.com/dp/B000P0DPGQ?tag=eloabder-20&linkCode=osi&th=1&psc=1"><img src="https://m.media-amazon.com/images/I/41S75Iev+4L._SL500_.jpg" alt="Product Image"></a><p>FIRST ALERT AUTO5 Car Fire Extinguisher, FESA5, UL RATED 5-B:C, Red, 1-Pack</p><p> -39% 0FF </p><p>$23.77</p><a href="https://www.amazon.com/dp/B000P0DPGQ?tag=eloabder-20&linkCode=osi&th=1&psc=1">View Product</a></div><div class="product"><a href="https://www.amazon.com/dp/B00CGSF4F0?tag=eloabder-20&linkCode=osi&th=1&psc=1"><img src="https://m.media-amazon.com/images/I/41O8ARwr2cL._SL500_.jpg" alt="Product Image"></a><p>BAZIC 12 X 16 Inches Sale Sign, 2-Line (L-2)</p><p> -12% 0FF </p><p>$5.13</p><a href="https://www.amazon.com/dp/B00CGSF4F0?tag=eloabder-20&linkCode=osi&th=1&psc=1">View Product</a></div>
<div class="product"><a href="https://www.amazon.com/dp/B0829D1D7V?tag=eloabder-20&linkCode=osi&th=1&psc=1"><img src="https://m.media-amazon.com/images/I/51J7vVLjl6L._SL500_.jpg" alt="Product Image"></a><p>2-Pack Bubble Cushioning Nylon Wrap Rolls, 3/16" x 12" x 72' ft Total, Perforated Every 12", 20 Fragile Stickers for Packaging, Shipping, Mailing</p><p> -15% 0FF </p><p>$15.50 ($7.75 / Count)</p><a href="https://www.amazon.com/dp/B0829D1D7V?tag=eloabder-20&linkCode=osi&th=1&psc=1">View Product</a></div><div class="product"><a href="https://www.amazon.com/dp/B09GPNQCW4?tag=eloabder-20&linkCode=osi&th=1&psc=1"><img src="https://m.media-amazon.com/images/I/416VMuii7+L._SL500_.jpg" alt="Product Image"></a><p>Donyson Frosted T Shirt Bags 10x13, 100 Pack Clear Bags for Packaging, Package Bags, Packaging Bags for Small Business, Shipping Bags with Handle</p><p> -5% 0FF </p><p>$20.99 ($0.21 / Count)</p><a href="https://www.amazon.com/dp/B09GPNQCW4?tag=eloabder-20&linkCode=osi&th=1&psc=1">View Product</a></div><div class="product"><a href="https://www.amazon.com/dp/B000J07BRQ?tag=eloabder-20&linkCode=osi&th=1&psc=1"><img src="https://m.media-amazon.com/images/I/517ZAgVhtNL._SL500_.jpg" alt="Product Image"></a><p>Scotch Heavy Duty Shipping and Moving Packing Tape, Clear, Packing and Moving Supplies, 1.88 in. x 22.2 yd., 6 Tape Rolls with Dispensers</p><p> -31% 0FF </p><p>$13.88</p><a href="https://www.amazon.com/dp/B000J07BRQ?tag=eloabder-20&linkCode=osi&th=1&psc=1">View Product</a></div>

<div class="product"><a href="https://www.amazon.com/dp/B09ZV2364K?tag=eloabder-20&linkCode=osi&th=1&psc=1"><img src="https://m.media-amazon.com/images/I/41Ts3dr3u3L._SL500_.jpg" alt="Product Image"></a><p>DEKOPRO Submersible Water Pump 1/3 HP 2450GPH Utility Pump Thermoplastic Electric Portable Transfer Water Pump with 10-Foot Cord for Pool Tub Garden Pond Draining</p><p> -32% 0FF </p><p>$40.99</p><a href="https://www.amazon.com/dp/B09ZV2364K?tag=eloabder-20&linkCode=osi&th=1&psc=1">View Product</a></div><div class="product"><a href="https://www.amazon.com/dp/B0CRKY91RW?tag=eloabder-20&linkCode=osi&th=1&psc=1"><img src="https://m.media-amazon.com/images/I/31v5rVK5BPL._SL500_.jpg" alt="Product Image"></a><p>Sump Pump Submersible 1.4HP 4800GPH Water Pump Electric for Portable Transfer Water Pump Sump Pumps Utility Pump with 8 Accessories for Pool Draining Basement, 120 Voltage</p><p> -21% 0FF </p><p>$49.00</p><a href="https://www.amazon.com/dp/B0CRKY91RW?tag=eloabder-20&linkCode=osi&th=1&psc=1">View Product</a></div><div class="product"><a href="https://www.amazon.com/dp/B09Y918453?tag=eloabder-20&linkCode=osi&th=1&psc=1"><img src="https://m.media-amazon.com/images/I/41rSFmVH4hL._SL500_.jpg" alt="Product Image"></a><p>FOTING Sump Pump 1HP 3960 GPH for Clean/Dirty Water Use, Thermoplastic Submersible Water Pump Utility Electric Portable Transfer Pump for Swimming Pool Garden Pond Basement Window Wells with 25ft Cord</p><p> -14% 0FF </p><p>$66.99</p><a href="https://www.amazon.com/dp/B09Y918453?tag=eloabder-20&linkCode=osi&th=1&psc=1">View Product</a></div>
<div class="product"><a href="https://www.amazon.com/dp/B085RV5SRY?tag=eloabder-20&linkCode=osi&th=1&psc=1"><img src="https://m.media-amazon.com/images/I/41Irw5yYT4L._SL500_.jpg" alt="Product Image"></a><p>(Pack of 10) EFIELD 1/2 Inch Pex Crimp Brass Full Port Shut-off Ball Valve for Hot and Cold Water, UPC Certified</p><p> -35% 0FF </p><p>$29.95 ($3.00 / Count)</p><a href="https://www.amazon.com/dp/B085RV5SRY?tag=eloabder-20&linkCode=osi&th=1&psc=1">View Product</a></div>
<div class="product"><a href="https://www.amazon.com/dp/B07MTK9Y31?tag=eloabder-20&linkCode=osi&th=1&psc=1"><img src="https://m.media-amazon.com/images/I/41w52vo9Q9L._SL500_.jpg" alt="Product Image"></a><p>GeilSpace 6 Pack 3/4" √ó 12" Pre-Cut Black Metal Pipe, Industrial Steel Fits Standard Three Quarters Inch Black Threaded Pipes and Fittings - Vintage DIY Industrial Shelving (3/4" √ó 12", Black)</p><p> -19% 0FF </p><p>$21.99 ($3.66 / Count)</p><a href="https://www.amazon.com/dp/B07MTK9Y31?tag=eloabder-20&linkCode=osi&th=1&psc=1">View Product</a></div><div class="product"><a href="https://www.amazon.com/dp/B000OHANEM?tag=eloabder-20&linkCode=osi&th=1&psc=1"><img src="https://m.media-amazon.com/images/I/51G4C0ueewL._SL500_.jpg" alt="Product Image"></a><p>Flex-Drain 51710 Flexible/Expandable Solid Drainage Pipe, 3.37in (Inside Diameter) by 12ft</p><p> -16% 0FF </p><p>$14.27</p><a href="https://www.amazon.com/dp/B000OHANEM?tag=eloabder-20&linkCode=osi&th=1&psc=1">View Product</a></div><div class="product"><a href="https://www.amazon.com/dp/B0009PU9CK?tag=eloabder-20&linkCode=osi&th=1&psc=1"><img src="https://m.media-amazon.com/images/I/31NqDYLrlqL._SL500_.jpg" alt="Product Image"></a><p>Rectorseal 25790 1-3/4-Ounce Tube No.5 Pipe Thread Sealant</p><p> -20% 0FF </p><p>$4.63 ($2.63 / Ounce)</p><a href="https://www.amazon.com/dp/B0009PU9CK?tag=eloabder-20&linkCode=osi&th=1&psc=1">View Product</a></div><div class="product"><a href="https://www.amazon.com/dp/B06XDK78GQ?tag=eloabder-20&linkCode=osi&th=1&psc=1"><img src="https://m.media-amazon.com/images/I/41h6Lm9j-EL._SL500_.jpg" alt="Product Image"></a><p>Hiware Drinking Straw Cleaner Brush Kit - (3-Size) 9-Piece Extra Long Pipe Cleaners, Straw Cleaning Brush For Tumbler, Sippy Cup, Bottle and Tube</p><p> -38% 0FF </p><p>$4.99</p><a href="https://www.amazon.com/dp/B06XDK78GQ?tag=eloabder-20&linkCode=osi&th=1&psc=1">View Product</a></div><div class="product"><a href="https://www.amazon.com/dp/B0D75YFQYX?tag=eloabder-20&linkCode=osi&th=1&psc=1"><img src="https://m.media-amazon.com/images/I/31eJKO5QnML._SL500_.jpg" alt="Product Image"></a><p>3/4 inch Water Pipe Repair Clamp,Emergency Pipe Repair Kit for Plastic and Metal Pipes,Suitable for PE/PVC pipe repair,Steel Pipes,Iron Pipes(19mm-21mm)</p><p> -20% 0FF </p><p>$9.99</p><a href="https://www.amazon.com/dp/B0D75YFQYX?tag=eloabder-20&linkCode=osi&th=1&psc=1">View Product</a></div>
<div class="product"><a href="https://www.amazon.com/dp/B098LMBLNW?tag=eloabder-20&linkCode=osi&th=1&psc=1"><img src="https://m.media-amazon.com/images/I/51g1okYsY5L._SL500_.jpg" alt="Product Image"></a><p>1/2" Pex Fittings, SUNGATOR 45 PCS 1/2 Inch Pex Fittings Set, 15 Each Elbow Tee Coupling Pex Fittings for Pex Pipe, No Lead Brass, ASTM F1807</p><p> -8% 0FF </p><p>$33.99</p><a href="https://www.amazon.com/dp/B098LMBLNW?tag=eloabder-20&linkCode=osi&th=1&psc=1">View Product</a></div><div class="product"><a href="https://www.amazon.com/dp/B0C3HBKCBY?tag=eloabder-20&linkCode=osi&th=1&psc=1"><img src="https://m.media-amazon.com/images/I/51PQ+3I4XiL._SL500_.jpg" alt="Product Image"></a><p>KOOTANS 66pcs Brass Pipe Fittings Assortment NPT Adapter Fitting, Reducer Bushing, Hex Nipple, Reducing Hex Coupling, Pipe Head Brass Plug Kit</p><p> -13% 0FF </p><p>$69.99</p><a href="https://www.amazon.com/dp/B0C3HBKCBY?tag=eloabder-20&linkCode=osi&th=1&psc=1">View Product</a></div>
<div class="product"><a href="https://www.amazon.com/dp/B08G1B6Z73?tag=eloabder-20&linkCode=osi&th=1&psc=1"><img src="https://m.media-amazon.com/images/I/41fPrg-ewYS._SL500_.jpg" alt="Product Image"></a><p>SANFU Polyurethane Recoil Air Compressor Hose 1/4"ID x 25FT Long Tail with Bend Restrictor,1/4‚Äù MNPT Fittings Brass Quick Coupler and Plug, Blue(25')</p><p> -50% 0FF </p><p>$8.99 ($0.36 / Foot)</p><a href="https://www.amazon.com/dp/B08G1B6Z73?tag=eloabder-20&linkCode=osi&th=1&psc=1">View Product</a></div><div class="product"><a href="https://www.amazon.com/dp/B0D227WPF7?tag=eloabder-20&linkCode=osi&th=1&psc=1"><img src="https://m.media-amazon.com/images/I/41YwBSYYHuL._SL500_.jpg" alt="Product Image"></a><p>SANFU Polyurethane(PU) Air Hose 1/4-Inch x 100ft Reinforced, lightweight, Flexible, 300PSI With 1/4‚Äù Swivel Aluminum Universal 3IN1 Coupler and Plug, 1PCS Safery Coupler, Bend Restrictor</p><p> -50% 0FF </p><p>$25.99 ($0.26 / Foot)</p><a href="https://www.amazon.com/dp/B0D227WPF7?tag=eloabder-20&linkCode=osi&th=1&psc=1">View Product</a></div><div class="product"><a href="https://www.amazon.com/dp/B09W4KSB5X?tag=eloabder-20&linkCode=osi&th=1&psc=1"><img src="https://m.media-amazon.com/images/I/51w1yQMw7aL._SL500_.jpg" alt="Product Image"></a><p>DAVCO 1/2" ID x 25 ft PVC Reinforced Tubing With Spiral Steel Wire, High Pressure Flexible Vinyl Hose Heavy Duty Clear Suction Tube,Non-Toxic, Vacuum Dust Collection Pipe</p><p> -50% 0FF </p><p>$16.99 ($0.68 / Foot)</p><a href="https://www.amazon.com/dp/B09W4KSB5X?tag=eloabder-20&linkCode=osi&th=1&psc=1">View Product</a></div>

<div class="product"><a href="https://www.amazon.com/dp/B0CYYYZRV9?tag=eloabder-20&linkCode=osi&th=1&psc=1"><img src="https://m.media-amazon.com/images/I/41glXO+YSbL._SL500_.jpg" alt="Product Image"></a><p>YAMASO 20 Pcs 608 2RS Ball Bearings ‚Äì Bearing Steel and Double Rubber Sealed Miniature Deep Groove Ball Bearings (8mm x 22mm x 7mm)</p><p> -8% 0FF </p><p>$5.49</p><a href="https://www.amazon.com/dp/B0CYYYZRV9?tag=eloabder-20&linkCode=osi&th=1&psc=1">View Product</a></div><div class="product"><a href="https://www.amazon.com/dp/B09PKD8QZZ?tag=eloabder-20&linkCode=osi&th=1&psc=1"><img src="https://m.media-amazon.com/images/I/41BYfJNmMoL._SL500_.jpg" alt="Product Image"></a><p>SHKI 20 Pcs 608 2RS Ball Bearings ‚Äì Bearing Steel and Double Rubber Sealed Miniature Deep Groove Ball Bearings (8mm x 22mm x 7mm) (608 2RS)</p><p> -40% 0FF </p><p>$5.99 ($0.30 / Count)</p><a href="https://www.amazon.com/dp/B09PKD8QZZ?tag=eloabder-20&linkCode=osi&th=1&psc=1">View Product</a></div><div class="product"><a href="https://www.amazon.com/dp/B073ST742Z?tag=eloabder-20&linkCode=osi&th=1&psc=1"><img src="https://m.media-amazon.com/images/I/51dWjQm393L._SL500_.jpg" alt="Product Image"></a><p>100 Pack 608-2RS Skateboard Bearing, Rolling Bearings, 8x22x7mm 608rs Bearing</p><p> -11% 0FF </p><p>$17.79</p><a href="https://www.amazon.com/dp/B073ST742Z?tag=eloabder-20&linkCode=osi&th=1&psc=1">View Product</a></div><div class="product"><a href="https://www.amazon.com/dp/B07216D1SZ?tag=eloabder-20&linkCode=osi&th=1&psc=1"><img src="https://m.media-amazon.com/images/I/41P6KPblNDL._SL500_.jpg" alt="Product Image"></a><p>Sackorange 608 ZZ Skateboard Bearings, Double Shielded,8x22x7 Miniature Ball BearingsÔºàPack of 20)</p><p> -29% 0FF </p><p>$7.79</p><a href="https://www.amazon.com/dp/B07216D1SZ?tag=eloabder-20&linkCode=osi&th=1&psc=1">View Product</a></div>
<div class="product"><a href="https://www.amazon.com/dp/B09KRGTLVM?tag=eloabder-20&linkCode=osi&th=1&psc=1"><img src="https://m.media-amazon.com/images/I/41zMlgeopqL._SL500_.jpg" alt="Product Image"></a><p>Vevitts Small Brushed Permanent Magnet Electric Motor for E Scooter Drive Speed Control 24V 350W 3000RPM</p><p> -20% 0FF </p><p>$39.98</p><a href="https://www.amazon.com/dp/B09KRGTLVM?tag=eloabder-20&linkCode=osi&th=1&psc=1">View Product</a></div><div class="product"><a href="https://www.amazon.com/dp/B01M58POHF?tag=eloabder-20&linkCode=osi&th=1&psc=1"><img src="https://m.media-amazon.com/images/I/41dQTChYsBL._SL500_.jpg" alt="Product Image"></a><p>AUTOTOOLHOME 6-12V Mini DC Motor High Torque Gear for Traxxas R/C and Power Wheels PCB DIY Electric Drill</p><p> -23% 0FF </p><p>$6.89</p><a href="https://www.amazon.com/dp/B01M58POHF?tag=eloabder-20&linkCode=osi&th=1&psc=1">View Product</a></div><div class="product"><a href="https://www.amazon.com/dp/B072R5G5GR?tag=eloabder-20&linkCode=osi&th=1&psc=1"><img src="https://m.media-amazon.com/images/I/41Z6ru+wWIL._SL500_.jpg" alt="Product Image"></a><p>Greartisan DC 12V 550RPM Gear Motor High Torque Electric Micro Speed Reduction Geared Motor Centric Output Shaft 37mm Diameter Gearbox</p><p> -6% 0FF </p><p>$14.99</p><a href="https://www.amazon.com/dp/B072R5G5GR?tag=eloabder-20&linkCode=osi&th=1&psc=1">View Product</a></div><div class="product"><a href="https://www.amazon.com/dp/B0CZVH445F?tag=eloabder-20&linkCode=osi&th=1&psc=1"><img src="https://m.media-amazon.com/images/I/51cTdXLKa7L._SL500_.jpg" alt="Product Image"></a><p>6Pcs 280 Micro DC Motors 3V-12V 13500RPM 0.5A with 2.8mm Insulated Connector & 6inch 20AWG Wire for RC Boat, DIY Airplane, Model Toys, 12V DC Motor Compatible</p><p> -23% 0FF </p><p>$9.99</p><a href="https://www.amazon.com/dp/B0CZVH445F?tag=eloabder-20&linkCode=osi&th=1&psc=1">View Product</a></div>
<div class="product"><a href="https://www.amazon.com/dp/B07L7XCSDW?tag=eloabder-20&linkCode=osi&th=1&psc=1"><img src="https://m.media-amazon.com/images/I/31lErudRYvL._SL500_.jpg" alt="Product Image"></a><p>DC HOUSE 12 Inch 12" High Speed 14mm/s Linear Actuator Motor 1000N DC12V with Mounting Brackets</p><p> -7% 0FF </p><p>$39.98</p><a href="https://www.amazon.com/dp/B07L7XCSDW?tag=eloabder-20&linkCode=osi&th=1&psc=1">View Product</a></div><div class="product"><a href="https://www.amazon.com/dp/B07X3Z68GV?tag=eloabder-20&linkCode=osi&th=1&psc=1"><img src="https://m.media-amazon.com/images/I/41j8dmqKsnS._SL500_.jpg" alt="Product Image"></a><p>Electric Micro Linear Actuator 12V - 1.2" Stroke, 64N/14.4lb, Speed 0.6inch/s Mini Waterproof Motion Actuator Small 12 V DC, w/Mounting Brackets, for Sofa Robotic TV Table Cabinet Window Opener Lift</p><p> -16% 0FF </p><p>$30.99 ($19.37 / oz)</p><a href="https://www.amazon.com/dp/B07X3Z68GV?tag=eloabder-20&linkCode=osi&th=1&psc=1">View Product</a></div><div class="product"><a href="https://www.amazon.com/dp/B0CRV927YC?tag=eloabder-20&linkCode=osi&th=1&psc=1"><img src="https://m.media-amazon.com/images/I/41dEUHSH6sL._SL500_.jpg" alt="Product Image"></a><p>ECO-WORTHY Linear Actuator Heavy Duty 3000N/660lbs with Mounting Brackets Multi-Function (12V, 12")</p><p> -18% 0FF </p><p>$59.99</p><a href="https://www.amazon.com/dp/B0CRV927YC?tag=eloabder-20&linkCode=osi&th=1&psc=1">View Product</a></div>
<div class="product"><a href="https://www.amazon.com/dp/B07H8GL44M?tag=eloabder-20&linkCode=osi&th=1&psc=1"><img src="https://m.media-amazon.com/images/I/41TaGFITM0L._SL500_.jpg" alt="Product Image"></a><p>FAERSI 22680-7S000 AF10141 for 2003-2014 Altima & 2006-14 Maxima & 07-13 Sentra & 05-15 Xterra & 2003-2015 Murano | Infiniti 08-13 G37 & 05-08 G35 & More MAF Mass Air Flow Sensor</p><p> -30% 0FF </p><p>$21.68</p><a href="https://www.amazon.com/dp/B07H8GL44M?tag=eloabder-20&linkCode=osi&th=1&psc=1">View Product</a></div><div class="product"><a href="https://www.amazon.com/dp/B08TRKL94H?tag=eloabder-20&linkCode=osi&th=1&psc=1"><img src="https://m.media-amazon.com/images/I/314giu3g36L._SL500_.jpg" alt="Product Image"></a><p>Carbon Monoxide Detector,CO Gas Monitor Alarm Detector,CO Sensor with LED Digital Display for Home,Depot,Battery Powered</p><p> -5% 0FF </p><p>$11.99</p><a href="https://www.amazon.com/dp/B08TRKL94H?tag=eloabder-20&linkCode=osi&th=1&psc=1">View Product</a></div><div class="product"><a href="https://www.amazon.com/dp/B092HK5NJB?tag=eloabder-20&linkCode=osi&th=1&psc=1"><img src="https://m.media-amazon.com/images/I/41RyuQ28lQS._SL500_.jpg" alt="Product Image"></a><p>Marsflex TPMS Sensor, 13598772 for GM 315Mhz, Tire Pressure Monitoring Sensor Compatible with Buick Chevy Cadillac GMC, Tire Pressure Sensor Replacement 13586335,13598771 4 Pack</p><p> -21% 0FF </p><p>$23.81</p><a href="https://www.amazon.com/dp/B092HK5NJB?tag=eloabder-20&linkCode=osi&th=1&psc=1">View Product</a></div><div class="product"><a href="https://www.amazon.com/dp/B0DCBDS359?tag=eloabder-20&linkCode=osi&th=1&psc=1"><img src="https://m.media-amazon.com/images/I/519A7-IMkBL._SL500_.jpg" alt="Product Image"></a><p>Dual Knock Sensors with Wiring Harness and Intake Manifold Gasket Kit | for Chevy Silverado Avalanche Tahoe, GMC Sierra Yukon, Cadillac Hummer & More GM Vehicles | Replace# 12601822,213-3521,89060413</p><p> -6% 0FF </p><p>$33.99</p><a href="https://www.amazon.com/dp/B0DCBDS359?tag=eloabder-20&linkCode=osi&th=1&psc=1">View Product</a></div><div class="product"><a href="https://www.amazon.com/dp/B0CZP2DRW1?tag=eloabder-20&linkCode=osi&th=1&psc=1"><img src="https://m.media-amazon.com/images/I/31CtLXOX-tL._SL500_.jpg" alt="Product Image"></a><p>Mass Air Flow Sensor MAF Fit for 2007-2009 Avalanche Yukon Tahoe Sierra Silverado Suburban 1500 2500 3500 Replace 2451149 MA198 7410146 5S8048 15900023</p><p> -5% 0FF </p><p>$40.99</p><a href="https://www.amazon.com/dp/B0CZP2DRW1?tag=eloabder-20&linkCode=osi&th=1&psc=1">View Product</a></div>
<div class="product"><a href="https://www.amazon.com/dp/B0002YXE7K?tag=eloabder-20&linkCode=osi&th=1&psc=1"><img src="https://m.media-amazon.com/images/I/41hV+B-cOEL._SL500_.jpg" alt="Product Image"></a><p>Titebond, 8 oz, 8 Fl Oz</p><p> -46% 0FF </p><p>$6.51 ($0.81 / Fl Oz)</p><a href="https://www.amazon.com/dp/B0002YXE7K?tag=eloabder-20&linkCode=osi&th=1&psc=1">View Product</a></div><div class="product"><a href="https://www.amazon.com/dp/B077Z6LF91?tag=eloabder-20&linkCode=osi&th=1&psc=1"><img src="https://m.media-amazon.com/images/I/41IeFkWcsyL._SL500_.jpg" alt="Product Image"></a><p>APERA INSTRUMENTS AI209-T Value Series PH20 pH Tester Combo Kit, including the Maintenance Set, and a CalPod Solution Holder for Easy Calibration</p><p> -25% 0FF </p><p>$79.13</p><a href="https://www.amazon.com/dp/B077Z6LF91?tag=eloabder-20&linkCode=osi&th=1&psc=1">View Product</a></div><div class="product"><a href="https://www.amazon.com/dp/B09JV7Y9SZ?tag=eloabder-20&linkCode=osi&th=1&psc=1"><img src="https://m.media-amazon.com/images/I/31TckTV+diL._SL500_.jpg" alt="Product Image"></a><p>Dental Code Rings Instrument 100pcs Dental Color Code Rings Non‚Äë Silicone Dental Color Code Rings Accessory Supplies(02)</p><p> -32% 0FF </p><p>$4.29 ($4.29 / Count)</p><a href="https://www.amazon.com/dp/B09JV7Y9SZ?tag=eloabder-20&linkCode=osi&th=1&psc=1">View Product</a></div>
<div class="product"><a href="https://www.amazon.com/dp/B01NASZ0UM?tag=eloabder-20&linkCode=osi&th=1&psc=1"><img src="https://m.media-amazon.com/images/I/31MgtNuzDdL._SL500_.jpg" alt="Product Image"></a><p>BN-LINK Wireless Remote Control Electrical Outlet Switch for Lights, Fans, Christmas Lights, Small Appliance, Long Range White (Learning Code, 3Rx-1Tx) 1200W/10A</p><p> -43% 0FF </p><p>$16.99</p><a href="https://www.amazon.com/dp/B01NASZ0UM?tag=eloabder-20&linkCode=osi&th=1&psc=1">View Product</a></div><div class="product"><a href="https://www.amazon.com/dp/B0CTH8XDKW?tag=eloabder-20&linkCode=osi&th=1&psc=1"><img src="https://m.media-amazon.com/images/I/31-PaaCxdfL._SL500_.jpg" alt="Product Image"></a><p>DEWENWILS Indoor Remote Control Outlet, Wireless Remote Outlets Switch, 200FT Range, Remote Light Switch for Lights, Fans, Christmas Lights, 15A/1800WÔºåFCC & ETL Listed (5 Outlets + 2 Remotes)</p><p> -19% 0FF </p><p>$23.39</p><a href="https://www.amazon.com/dp/B0CTH8XDKW?tag=eloabder-20&linkCode=osi&th=1&psc=1">View Product</a></div><div class="product"><a href="https://www.amazon.com/dp/B072F9DGRL?tag=eloabder-20&linkCode=osi&th=1&psc=1"><img src="https://m.media-amazon.com/images/I/417lNJFodCS._SL500_.jpg" alt="Product Image"></a><p>Fosmon WavePoint Wireless Remote Control Outdoor Electrical Outlet Switch Weatherproof Heavy Duty 3-Prong Plug-in ETL Listed (Battery Included) 1 Pack</p><p> -50% 0FF </p><p>$11.08</p><a href="https://www.amazon.com/dp/B072F9DGRL?tag=eloabder-20&linkCode=osi&th=1&psc=1">View Product</a></div><div class="product"><a href="https://www.amazon.com/dp/B09X2W2TRT?tag=eloabder-20&linkCode=osi&th=1&psc=1"><img src="https://m.media-amazon.com/images/I/31PoJZqeG-L._SL500_.jpg" alt="Product Image"></a><p>DEWENWILS Indoor Remote Control Outlet, Wireless Remote Light Switch, No Interference Remote Outlet Switch, No Wiring, 15A/1875W, 100ft RF Range, Compact Design, Programmable</p><p> -11% 0FF </p><p>$12.99</p><a href="https://www.amazon.com/dp/B09X2W2TRT?tag=eloabder-20&linkCode=osi&th=1&psc=1">View Product</a></div><div class="product"><a href="https://www.amazon.com/dp/B07CYKNDC2?tag=eloabder-20&linkCode=osi&th=1&psc=1"><img src="https://m.media-amazon.com/images/I/31Fu9a5ikOL._SL500_.jpg" alt="Product Image"></a><p>BN-LINK Mini Wireless Remote Control Outlet Switch Power Plug In for Household Appliances, Wireless Remote Light Switch, LED Light Bulbs, White (1 Remote + 3 Outlet) 1250W/10A</p><p> -11% 0FF </p><p>$15.99</p><a href="https://www.amazon.com/dp/B07CYKNDC2?tag=eloabder-20&linkCode=osi&th=1&psc=1">View Product</a></div>
<div class="product"><a href="https://www.amazon.com/dp/B01AKGRTUM?tag=eloabder-20&linkCode=osi&th=1&psc=1"><img src="https://m.media-amazon.com/images/I/41UKqiyvz6L._SL500_.jpg" alt="Product Image"></a><p>Oral-B Pro 1000 Rechargeable Electric Toothbrush, Black</p><p> -29% 0FF </p><p>$49.94</p><a href="https://www.amazon.com/dp/B01AKGRTUM?tag=eloabder-20&linkCode=osi&th=1&psc=1">View Product</a></div><div class="product"><a href="https://www.amazon.com/dp/B0D6Y9PJJ3?tag=eloabder-20&linkCode=osi&th=1&psc=1"><img src="https://m.media-amazon.com/images/I/31CUz26rR-L._SL500_.jpg" alt="Product Image"></a><p>3Pack Car Carplay Cable for iPhone 16 15 Pro Max 15 Plus Car Charger, USB to USB C Cable 3FT for Car Charger Adapter, Carplay USB C Cord Accessories Charging for iPad 10th Gen/iPad Pro Air 5th-White</p><p> -30% 0FF </p><p>$13.99</p><a href="https://www.amazon.com/dp/B0D6Y9PJJ3?tag=eloabder-20&linkCode=osi&th=1&psc=1">View Product</a></div><div class="product"><a href="https://www.amazon.com/dp/B07DFFYCXS?tag=eloabder-20&linkCode=osi&th=1&psc=1"><img src="https://m.media-amazon.com/images/I/41NIsYLJG1L._SL500_.jpg" alt="Product Image"></a><p>Digital Caliper, Adoric 0-6" Calipers Measuring Tool - Electronic Micrometer Caliper with Large LCD Screen, Auto-Off Feature, Inch and Millimeter Conversion</p><p> -42% 0FF </p><p>$6.99</p><a href="https://www.amazon.com/dp/B07DFFYCXS?tag=eloabder-20&linkCode=osi&th=1&psc=1">View Product</a></div><div class="product"><a href="https://www.amazon.com/dp/B0CR3S4Y5V?tag=eloabder-20&linkCode=osi&th=1&psc=1"><img src="https://m.media-amazon.com/images/I/417gCCQxz9L._SL500_.jpg" alt="Product Image"></a><p>iPhone Charger 3Pack 10FT Apple MFi Certified Lightning Cable Fast Charging iPhone Charger Cord Compatible with iPhone 14 13 12 11 Pro Max XR XS X 8 7 6 Plus SE and More - Colorful</p><p> -64% 0FF </p><p>$9.99</p><a href="https://www.amazon.com/dp/B0CR3S4Y5V?tag=eloabder-20&linkCode=osi&th=1&psc=1">View Product</a></div><div class="product"><a href="https://www.amazon.com/dp/B0DBHTZ6CD?tag=eloabder-20&linkCode=osi&th=1&psc=1"><img src="https://m.media-amazon.com/images/I/41-NMv8UKZL._SL500_.jpg" alt="Product Image"></a><p>iPhone Charger 3pack 10FT Apple MFi Certified Long Lightning Cable Fast Charging Nylon Braided USB Charging Cable High Speed Transfer Cord for iPhone 14 13/12/11 Pro Max/XS MAX/XR/XS/X/8/7/Plus/6S</p><p> -30% 0FF </p><p>$6.99</p><a href="https://www.amazon.com/dp/B0DBHTZ6CD?tag=eloabder-20&linkCode=osi&th=1&psc=1">View Product</a></div>
<div class="product"><a href="https://www.amazon.com/dp/B09YSJQWRG?tag=eloabder-20&linkCode=osi&th=1&psc=1"><img src="https://m.media-amazon.com/images/I/413B1lBD-hL._SL500_.jpg" alt="Product Image"></a><p>Jesverty DC Power Supply Variable, 0-30V 0-10A Adjustable Switching DC Regulated Bench Power Supply with High Precision 4-Digit LED Display, 5V/2A USB Port, Coarse and Fine Adjustment SPS-3010</p><p> -9% 0FF </p><p>$59.99</p><a href="https://www.amazon.com/dp/B09YSJQWRG?tag=eloabder-20&linkCode=osi&th=1&psc=1">View Product</a></div><div class="product"><a href="https://www.amazon.com/dp/B0C17NLZNH?tag=eloabder-20&linkCode=osi&th=1&psc=1"><img src="https://m.media-amazon.com/images/I/41zjhhWu9lL._SL500_.jpg" alt="Product Image"></a><p>DC Power Supply Variable, 32V 10A Bench Power Supply with Encoder Knob, 4-Digits Display, Adjustable Regulated lab Power Supply with 5V 3.6A USB & Type-C Quick-Charge, Output Switch</p><p> -30% 0FF </p><p>$59.99</p><a href="https://www.amazon.com/dp/B0C17NLZNH?tag=eloabder-20&linkCode=osi&th=1&psc=1">View Product</a></div><div class="product"><a href="https://www.amazon.com/dp/B09BFCF13Y?tag=eloabder-20&linkCode=osi&th=1&psc=1"><img src="https://m.media-amazon.com/images/I/51J2ypqHaML._SL500_.jpg" alt="Product Image"></a><p>DC Power Supply Variable, Bench Power Supply with Encoder Adjustment Knob, Output Enable/Disable Button, Adjustable Power Supply with USB Quick-Charge, Short Circuit Alam (30V 10A Black)</p><p> -43% 0FF </p><p>$39.99</p><a href="https://www.amazon.com/dp/B09BFCF13Y?tag=eloabder-20&linkCode=osi&th=1&psc=1">View Product</a></div><div class="product"><a href="https://www.amazon.com/dp/B0CLY9B5XL?tag=eloabder-20&linkCode=osi&th=1&psc=1"><img src="https://m.media-amazon.com/images/I/41Z-aOJT4pL._SL500_.jpg" alt="Product Image"></a><p>Jesverty DC Power Supply Variable, 0-30V 0-10A Adjustable Switching DC Regulated Bench Power Supply with 20W USB & Type-C Quick-Charge, Encoder Knob, 4-Digit LED Display, Preset Memory - SPS-3010X</p><p> -39% 0FF </p><p>$39.99</p><a href="https://www.amazon.com/dp/B0CLY9B5XL?tag=eloabder-20&linkCode=osi&th=1&psc=1">View Product</a></div><div class="product"><a href="https://www.amazon.com/dp/B00R5CI1W0?tag=eloabder-20&linkCode=osi&th=1&psc=1"><img src="https://m.media-amazon.com/images/I/41ffWbR+GVL._SL500_.jpg" alt="Product Image"></a><p>MEAN WELL NDR-120-24 Single Output Industrial DIN Rail Power Supply, 24 Volts 5 Amps 120 Watts</p><p> -19% 0FF </p><p>$27.00</p><a href="https://www.amazon.com/dp/B00R5CI1W0?tag=eloabder-20&linkCode=osi&th=1&psc=1">View Product</a></div><div class="product"><a href="https://www.amazon.com/dp/B07512KQDW?tag=eloabder-20&linkCode=osi&th=1&psc=1"><img src="https://m.media-amazon.com/images/I/41Z+0wP-6xL._SL500_.jpg" alt="Product Image"></a><p>DC Power Supply Variable,0-30 V / 0-10 A LW-K3010D Adjustable Switching Regulated Power Supply Digital,with Alligator Leads US Power Cord Used for Spectrophotometer and lab Equipment Repair</p><p> -9% 0FF </p><p>$38.99</p><a href="https://www.amazon.com/dp/B07512KQDW?tag=eloabder-20&linkCode=osi&th=1&psc=1">View Product</a></div><div class="product"><a href="https://www.amazon.com/dp/B0CGX39NMK?tag=eloabder-20&linkCode=osi&th=1&psc=1"><img src="https://m.media-amazon.com/images/I/41IyjEYE7iL._SL500_.jpg" alt="Product Image"></a><p>Abestop AT6301 DC Power Supply Variable, 60V/10A/300W Adjustable Bench Power Supply with 10mV / 1mA High Resolution 4-Digits 2.8 inch LCD Display, 5V/1A USB Output</p><p> -11% 0FF </p><p>$129.99</p><a href="https://www.amazon.com/dp/B0CGX39NMK?tag=eloabder-20&linkCode=osi&th=1&psc=1">View Product</a></div>
<div class="product"><a href="https://www.amazon.com/dp/B0BD772SK3?tag=eloabder-20&linkCode=osi&th=1&psc=1"><img src="https://m.media-amazon.com/images/I/516CGhpMaUL._SL500_.jpg" alt="Product Image"></a><p>LED Garage Lights Bulb 2 Pack 180W 18000LM 6500K Led Shop Light with 6 Plus 1 Deformable Panels Basement Barn Ceiling Lights E26 and E27</p><p> -13% 0FF </p><p>$25.99 ($13.00 / Count)</p><a href="https://www.amazon.com/dp/B0BD772SK3?tag=eloabder-20&linkCode=osi&th=1&psc=1">View Product</a></div><div class="product"><a href="https://www.amazon.com/dp/B087JDFH4K?tag=eloabder-20&linkCode=osi&th=1&psc=1"><img src="https://m.media-amazon.com/images/I/310SxRkxkfL._SL500_.jpg" alt="Product Image"></a><p>Amico 6 Pack 6 Inch 5CCT Ultra-Thin LED Recessed Ceiling Light with Junction Box, 2700K/3000K/3500K/4000K/5000K Selectable, 12W Eqv 110W 1050LM Brightness Dimmable Canless Wafer Downlight, ETL & FCC</p><p> -29% 0FF </p><p>$49.99 ($8.33 / Count)</p><a href="https://www.amazon.com/dp/B087JDFH4K?tag=eloabder-20&linkCode=osi&th=1&psc=1">View Product</a></div><div class="product"><a href="https://www.amazon.com/dp/B0BZJ9MTST?tag=eloabder-20&linkCode=osi&th=1&psc=1"><img src="https://m.media-amazon.com/images/I/41nTB2ouhZL._SL500_.jpg" alt="Product Image"></a><p>Amico 36 Pack 6 Inch 5CCT Ultra-Thin LED Recessed Ceiling Light with Junction Box, 2700K/3000K/3500K/4000K/5000K Selectable, 12W Eqv 110W, Dimmable Can-Killer Downlight, 1050LM Brightness - ETL&FCC</p><p> -22% 0FF </p><p>$179.99 ($5.00 / Count)</p><a href="https://www.amazon.com/dp/B0BZJ9MTST?tag=eloabder-20&linkCode=osi&th=1&psc=1">View Product</a></div><div class="product"><a href="https://www.amazon.com/dp/B0B8MJV3HN?tag=eloabder-20&linkCode=osi&th=1&psc=1"><img src="https://m.media-amazon.com/images/I/51J2PJDbNgL._SL500_.jpg" alt="Product Image"></a><p>Ensenior 24 Pack 6 Inch LED Recessed Ceiling Light, Dimmable, 2700K-5000K 5CCT, 1050LM 12W 120V, High Brightness Canless Wafer Downlight - ETL&FCC&IC</p><p> -14% 0FF </p><p>$162.48 ($6.77 / Count)</p><a href="https://www.amazon.com/dp/B0B8MJV3HN?tag=eloabder-20&linkCode=osi&th=1&psc=1">View Product</a></div><div class="product"><a href="https://www.amazon.com/dp/B09QHSY5CP?tag=eloabder-20&linkCode=osi&th=1&psc=1"><img src="https://m.media-amazon.com/images/I/514QSD+bYiL._SL500_.jpg" alt="Product Image"></a><p>2 Pack LED Garage Light, 200W 20000LM 6500K LED Shop Lights, Garage Lights Ceiling Led with 6+1 Deformable Panels, Screw in E26/E27 Socket Bulb for Warehouse, Workshop, Basement, Barn, Garage Lighting</p><p> -18% 0FF </p><p>$26.99 ($13.50 / Count)</p><a href="https://www.amazon.com/dp/B09QHSY5CP?tag=eloabder-20&linkCode=osi&th=1&psc=1">View Product</a></div><div class="product"><a href="https://www.amazon.com/dp/B085SZQCL7?tag=eloabder-20&linkCode=osi&th=1&psc=1"><img src="https://m.media-amazon.com/images/I/41is51nuuHL._SL500_.jpg" alt="Product Image"></a><p>6 Pack 4FT Linkable LED Shop Light, Utility Shop Light Fixture, 4400lm, 42W [250W Equivalent], 5000K Daylight Shop Lights for Garage, Hanging or Surface Mount, with Power Cord, ETL, Black</p><p> -29% 0FF </p><p>$49.69 ($24.84 / Count)</p><a href="https://www.amazon.com/dp/B085SZQCL7?tag=eloabder-20&linkCode=osi&th=1&psc=1">View Product</a></div>
<div class="product"><a href="https://www.amazon.com/dp/B00075M1T6?tag=eloabder-20&linkCode=osi&th=1&psc=1"><img src="https://m.media-amazon.com/images/I/31Qodi9u+XL._SL500_.jpg" alt="Product Image"></a><p>Sunbeam¬Æ Heating Pad Standard Size</p><p> -28% 0FF </p><p>$17.99</p><a href="https://www.amazon.com/dp/B00075M1T6?tag=eloabder-20&linkCode=osi&th=1&psc=1">View Product</a></div><div class="product"><a href="https://www.amazon.com/dp/B08MV3Z3GK?tag=eloabder-20&linkCode=osi&th=1&psc=1"><img src="https://m.media-amazon.com/images/I/51D3Ss7U1DL._SL500_.jpg" alt="Product Image"></a><p>GENIANI King Size Heating Pad for Back Pain & Cramps Relief, FSA HSA Eligible, Auto Shut Off, Machine Washable, Moist Heat Pad for Neck & Shoulder, Knee, Leg, Heat Patches 12'‚Äò√ó24‚Äô‚Äô(Aqua Blue)</p><p> -38% 0FF </p><p>$24.97</p><a href="https://www.amazon.com/dp/B08MV3Z3GK?tag=eloabder-20&linkCode=osi&th=1&psc=1">View Product</a></div><div class="product"><a href="https://www.amazon.com/dp/B0B3MBQC57?tag=eloabder-20&linkCode=osi&th=1&psc=1"><img src="https://m.media-amazon.com/images/I/51nlW3dSxQL._SL500_.jpg" alt="Product Image"></a><p>Heating Pad for Back Pain Relief, Extra Large 33 x 17, Portable Heating Pad for Shoulder, Neck, Cramp, Menstrual Pain, with Upgraded 6 Timer & 6 Temperature Controller</p><p> -56% 0FF </p><p>$39.99 ($1.28 / Ounce)</p><a href="https://www.amazon.com/dp/B0B3MBQC57?tag=eloabder-20&linkCode=osi&th=1&psc=1">View Product</a></div><div class="product"><a href="https://www.amazon.com/dp/B00LX5CR0M?tag=eloabder-20&linkCode=osi&th=1&psc=1"><img src="https://m.media-amazon.com/images/I/51OIEWerJUL._SL500_.jpg" alt="Product Image"></a><p>Sunbeam Heating Pad for Neck & Shoulder Pain Relief, XL Renue, 4 Heat Settings with Auto-Off, Blue, 25-Inch x 25-Inch, Sapphire</p><p> -8% 0FF </p><p>$59.99</p><a href="https://www.amazon.com/dp/B00LX5CR0M?tag=eloabder-20&linkCode=osi&th=1&psc=1">View Product</a></div>
<div class="product"><a href="https://www.amazon.com/dp/B00L2LTYDK?tag=eloabder-20&linkCode=osi&th=1&psc=1"><img src="https://m.media-amazon.com/images/I/418TOAEPGxL._SL500_.jpg" alt="Product Image"></a><p>Ergodyne Chill Its 6602 Cooling Towel, Long Lasting Cooling Relief, Gray 29.50" x 13.00"</p><p> -88% 0FF </p><p>$6.23</p><a href="https://www.amazon.com/dp/B00L2LTYDK?tag=eloabder-20&linkCode=osi&th=1&psc=1">View Product</a></div><div class="product"><a href="https://www.amazon.com/dp/B08SHJ47JL?tag=eloabder-20&linkCode=osi&th=1&psc=1"><img src="https://m.media-amazon.com/images/I/41wR--y8NxL._SL500_.jpg" alt="Product Image"></a><p>Arctic Air Freedom Personal Air Cooler - Portable 3-Speed Neck Fan, Hands-Free Wearable Design, Lightweight, Cordless And Rechargeable</p><p> -34% 0FF </p><p>$19.65</p><a href="https://www.amazon.com/dp/B08SHJ47JL?tag=eloabder-20&linkCode=osi&th=1&psc=1">View Product</a></div><div class="product"><a href="https://www.amazon.com/dp/B003FO2B5U?tag=eloabder-20&linkCode=osi&th=1&psc=1"><img src="https://m.media-amazon.com/images/I/41fgkBDrkxL._SL500_.jpg" alt="Product Image"></a><p>Cool Coolers by Fit + Fresh, 4 Pack Slim Ice Packs, Space Saving Reusable Ice Packs for Lunch Boxes or Coolers, Blue, Single Pack</p><p> -6% 0FF </p><p>$9.44</p><a href="https://www.amazon.com/dp/B003FO2B5U?tag=eloabder-20&linkCode=osi&th=1&psc=1">View Product</a></div><div class="product"><a href="https://www.amazon.com/dp/B008A6M34C?tag=eloabder-20&linkCode=osi&th=1&psc=1"><img src="https://m.media-amazon.com/images/I/41ytzrZrLcL._SL500_.jpg" alt="Product Image"></a><p>FlexiKold Gel Soft Flexible Ice Packs for Injuries - Reusable Freezer Cold Pack, Cold Compress & Cooling Gel Pad for Face, Shoulder, Hip, Leg, Arm, Ankle & Foot Injury - Medium - 7.5‚Äù x 11.5‚Äù</p><p> -56% 0FF </p><p>$10.99 ($10.99 / Count)</p><a href="https://www.amazon.com/dp/B008A6M34C?tag=eloabder-20&linkCode=osi&th=1&psc=1">View Product</a></div><div class="product"><a href="https://www.amazon.com/dp/B00GAU74IK?tag=eloabder-20&linkCode=osi&th=1&psc=1"><img src="https://m.media-amazon.com/images/I/41n1pSkwTeL._SL500_.jpg" alt="Product Image"></a><p>BEKOOOL Soft Gel Sheets for Kids for Cooling Relief from Fever discomfort | 4 Count</p><p> -33% 0FF </p><p>$3.99 ($1.00 / Count)</p><a href="https://www.amazon.com/dp/B00GAU74IK?tag=eloabder-20&linkCode=osi&th=1&psc=1">View Product</a></div><div class="product"><a href="https://www.amazon.com/dp/B0CMJMB9J2?tag=eloabder-20&linkCode=osi&th=1&psc=1"><img src="https://m.media-amazon.com/images/I/41t6as6YB8L._SL500_.jpg" alt="Product Image"></a><p>TheraICE Shoulder Ice Pack Wrap/Reusable Ice Pack for Rotator Cuff & Shoulder Pain Relief Cold Therapy Compression/FocusZone Technology with Extra Cooling Support for Targeted Pain Relief</p><p> -33% 0FF </p><p>$39.95 ($39.95 / Count)</p><a href="https://www.amazon.com/dp/B0CMJMB9J2?tag=eloabder-20&linkCode=osi&th=1&psc=1">View Product</a></div>
<div class="product"><a href="https://www.amazon.com/dp/B07SHB2WF9?tag=eloabder-20&linkCode=osi&th=1&psc=1"><img src="https://m.media-amazon.com/images/I/51jQaLCBOvL._SL500_.jpg" alt="Product Image"></a><p>VIVOSUN 4 Inch 190 CFM Inline Fan with Speed Controller, 4 Inch Carbon Filter and 8 Feet of Ducting, Temperature Humidity Monitor for Grow Tent Ventilation</p><p> -16% 0FF </p><p>$129.99</p><a href="https://www.amazon.com/dp/B07SHB2WF9?tag=eloabder-20&linkCode=osi&th=1&psc=1">View Product</a></div><div class="product"><a href="https://www.amazon.com/dp/B01C82SYZ0?tag=eloabder-20&linkCode=osi&th=1&psc=1"><img src="https://m.media-amazon.com/images/I/412vSql4EpL._SL500_.jpg" alt="Product Image"></a><p>VIVOSUN 4 Inch Inline Duct Fan 100 CFM, HVAC Exhaust Ventilation Fan with Low Noise for Basements, Bathrooms, Kitchens and Attics, Silver</p><p> -8% 0FF </p><p>$22.99</p><a href="https://www.amazon.com/dp/B01C82SYZ0?tag=eloabder-20&linkCode=osi&th=1&psc=1">View Product</a></div><div class="product"><a href="https://www.amazon.com/dp/B0D2P8ZHLD?tag=eloabder-20&linkCode=osi&th=1&psc=1"><img src="https://m.media-amazon.com/images/I/41Y+uClljFL._SL500_.jpg" alt="Product Image"></a><p>Multifunctional 3D Printer Enclosure w/Adjustable Ventilation Kit Eliminate Odors Tent Cover Compatible with Anycubic Photon Mono, Elegoo Saturn/Mars 3/4 & Creality Halot Series Resin 3D Printer</p><p> -6% 0FF </p><p>$65.88</p><a href="https://www.amazon.com/dp/B0D2P8ZHLD?tag=eloabder-20&linkCode=osi&th=1&psc=1">View Product</a></div><div class="product"><a href="https://www.amazon.com/dp/B0CS6K1TM4?tag=eloabder-20&linkCode=osi&th=1&psc=1"><img src="https://m.media-amazon.com/images/I/51Xfkoo1eTL._SL500_.jpg" alt="Product Image"></a><p>HOCENWAY Upgrade 3-Layers Filter System Smoke Exhaust Kit with 5000RPM Fan and Speed Control Power Adapter for All Laser Engraver 3D Printer Enclosure Tent Cover DIY (Ventilation Kit)</p><p> -8% 0FF </p><p>$27.48</p><a href="https://www.amazon.com/dp/B0CS6K1TM4?tag=eloabder-20&linkCode=osi&th=1&psc=1">View Product</a></div>
<div class="product"><a href="https://www.amazon.com/dp/B086QNLBB4?tag=eloabder-20&linkCode=osi&th=1&psc=1"><img src="https://m.media-amazon.com/images/I/41qiFymeklL._SL500_.jpg" alt="Product Image"></a><p>Waterdrop Gravity Water Filter Straw, Camping Water Filtration System, Water Purifier Survival for Travel, Backpacking and Emergency Preparedness, 1.5 gal Bag, 0.1 Micron, 5 Stage Filtration</p><p> -7% 0FF </p><p>$39.99</p><a href="https://www.amazon.com/dp/B086QNLBB4?tag=eloabder-20&linkCode=osi&th=1&psc=1">View Product</a></div><div class="product"><a href="https://www.amazon.com/dp/B0BBQNZK7Y?tag=eloabder-20&linkCode=osi&th=1&psc=1"><img src="https://m.media-amazon.com/images/I/41uwbKvNw5L._SL500_.jpg" alt="Product Image"></a><p>SimPure V7 Under Sink Water Filter, 5-Stage Stainless Steel Water Filtration System Direct Connect to Kitchen Faucet, Reduces 99% Lead, Chlorine, Bad Taste, 20K Gallons (No Drilling Required)</p><p> -18% 0FF </p><p>$65.99 ($30.00 / kg)</p><a href="https://www.amazon.com/dp/B0BBQNZK7Y?tag=eloabder-20&linkCode=osi&th=1&psc=1">View Product</a></div><div class="product"><a href="https://www.amazon.com/dp/B07CHXVRS5?tag=eloabder-20&linkCode=osi&th=1&psc=1"><img src="https://m.media-amazon.com/images/I/41KdIPuSgRL._SL500_.jpg" alt="Product Image"></a><p>iSpring US31 Classic 3-Stage Under Sink Water Filtration System for Drinking, Tankless, High Capacity, Sediment + Carbon + Carbon (Newest Version)</p><p> -26% 0FF </p><p>$101.16</p><a href="https://www.amazon.com/dp/B07CHXVRS5?tag=eloabder-20&linkCode=osi&th=1&psc=1">View Product</a></div><div class="product"><a href="https://www.amazon.com/dp/B00QFXGSIY?tag=eloabder-20&linkCode=osi&th=1&psc=1"><img src="https://m.media-amazon.com/images/I/31c5SLHf3GL._SL500_.jpg" alt="Product Image"></a><p>Survivor Filter PRO - Hand Pump Camping Water Filtration System Survival - Water Purifier Survival</p><p> -20% 0FF </p><p>$55.96</p><a href="https://www.amazon.com/dp/B00QFXGSIY?tag=eloabder-20&linkCode=osi&th=1&psc=1">View Product</a></div>
<div class="product"><a href="https://www.amazon.com/dp/B0D8NXKXBK?tag=eloabder-20&linkCode=osi&th=1&psc=1"><img src="https://m.media-amazon.com/images/I/31sV17bo3CL._SL500_.jpg" alt="Product Image"></a><p>Pro Electric Water Purifier Survival w/Hand Pump, Portable Water Filter Camping Backpacking Hiking Outdoor Travel Emergency, Water Filtration System Survival, Water Purification Tablets Alternative</p><p> -20% 0FF </p><p>$79.99</p><a href="https://www.amazon.com/dp/B0D8NXKXBK?tag=eloabder-20&linkCode=osi&th=1&psc=1">View Product</a></div><div class="product"><a href="https://www.amazon.com/dp/B07PZBY7RL?tag=eloabder-20&linkCode=osi&th=1&psc=1"><img src="https://m.media-amazon.com/images/I/41YJFTk3wDL._SL500_.jpg" alt="Product Image"></a><p>Invigorated Water Alkaline Water Purification Unit, White, Plastic, pH001 Filter Included, Convenient Anti-Slip Design</p><p> -36% 0FF </p><p>$50.00</p><a href="https://www.amazon.com/dp/B07PZBY7RL?tag=eloabder-20&linkCode=osi&th=1&psc=1">View Product</a></div>
<div class="product"><a href="https://www.amazon.com/dp/B0CJ1B6D6S?tag=eloabder-20&linkCode=osi&th=1&psc=1"><img src="https://m.media-amazon.com/images/I/41Upf8lJ6ML._SL500_.jpg" alt="Product Image"></a><p>Scrub Daddy Scrub Mommy Sponges - Dish Scrubber + Non-Scratch Cleaning Sponges Kitchen, Bathroom + Multi-Surface Safe - Dual-Sided Dish Sponges for Scrubbing - Online Exclusive (3 Count)</p><p> -7% 0FF </p><p>$13.00 ($4.33 / Count)</p><a href="https://www.amazon.com/dp/B0CJ1B6D6S?tag=eloabder-20&linkCode=osi&th=1&psc=1">View Product</a></div><div class="product"><a href="https://www.amazon.com/dp/B07HF1GTYN?tag=eloabder-20&linkCode=osi&th=1&psc=1"><img src="https://m.media-amazon.com/images/I/61pFb41tDhL._SL500_.jpg" alt="Product Image"></a><p>Tamicy Mop Slippers Shoes 5 Pairs (10 Pieces) - Microfiber Cleaning House Mop Slippers Floor Cleaning Tools Shoe Cover Soft Washable Reusable Microfiber Foot Socks Floor Cleaning Tools Shoe Cover</p><p> -58% 0FF </p><p>$9.98 ($2.00 / Count)</p><a href="https://www.amazon.com/dp/B07HF1GTYN?tag=eloabder-20&linkCode=osi&th=1&psc=1">View Product</a></div><div class="product"><a href="https://www.amazon.com/dp/B07F268WY8?tag=eloabder-20&linkCode=osi&th=1&psc=1"><img src="https://m.media-amazon.com/images/I/51hKjGZILAL._SL500_.jpg" alt="Product Image"></a><p>Holikme 2 Pack Dryer Vent Cleaner Kit Clothes Dryer Lint Brush Vent Trap Cleaner Home Essentials Long Flexible Vacuum Brush</p><p> -50% 0FF </p><p>$7.99 ($4.00 / Count)</p><a href="https://www.amazon.com/dp/B07F268WY8?tag=eloabder-20&linkCode=osi&th=1&psc=1">View Product</a></div>


<div class="product"><a href="https://www.amazon.com/dp/B06XJ17JVD?tag=eloabder-20&linkCode=osi&th=1&psc=1"><img src="https://m.media-amazon.com/images/I/51OoCqwxbrL._SL500_.jpg" alt="Product Image"></a><p>Rust-Oleum 293513 Rocksolid Polycuramine Garage Oil Floor Coating, 2.5 Car Kit, Gray, 180 Fl Oz (Pack of 1)</p><p> -35% 0FF </p><p>$240.00 ($1.33 / Fl Oz)</p><a href="https://www.amazon.com/dp/B06XJ17JVD?tag=eloabder-20&linkCode=osi&th=1&psc=1">View Product</a></div><div class="product"><a href="https://www.amazon.com/dp/B099SFV2MB?tag=eloabder-20&linkCode=osi&th=1&psc=1"><img src="https://m.media-amazon.com/images/I/41SuYdUgtXL._SL500_.jpg" alt="Product Image"></a><p>Adam's Polishes Advanced Graphene Ceramic Coating - 10H Graphene Coating for Auto Detailing, 9+ Years of Car Protection & Patented UV Technology, Apply After Car Wash & Paint Correction</p><p> -15% 0FF </p><p>$138.54</p><a href="https://www.amazon.com/dp/B099SFV2MB?tag=eloabder-20&linkCode=osi&th=1&psc=1">View Product</a></div><div class="product"><a href="https://www.amazon.com/dp/B07B8RY7M6?tag=eloabder-20&linkCode=osi&th=1&psc=1"><img src="https://m.media-amazon.com/images/I/31G91iuk9RL._SL500_.jpg" alt="Product Image"></a><p>MG Chemicals - 419D-55ML 419D Premium Acrylic Conformal Coating, 55 mL Bottle, IPC 830, UL 94V-0 (File # E203094), Clear, 1.86 Fl Oz (Pack of 1)</p><p> -17% 0FF </p><p>$15.95 ($8.62 / Fl Oz)</p><a href="https://www.amazon.com/dp/B07B8RY7M6?tag=eloabder-20&linkCode=osi&th=1&psc=1">View Product</a></div>
<div class="product"><a href="https://www.amazon.com/dp/B005E9KJYE?tag=eloabder-20&linkCode=osi&th=1&psc=1"><img src="https://m.media-amazon.com/images/I/517PNa1vQiL._SL500_.jpg" alt="Product Image"></a><p>Colorations - SWT16 Simply Washable Tempera Paints, 16 fl oz, Set of 11 Colors, Non Toxic, Vibrant, Bold, Kids Paint, Craft, Hobby, Arts & Crafts, Fun, Art Supplies</p><p> -15% 0FF </p><p>$45.89 ($0.26 / Fl Oz)</p><a href="https://www.amazon.com/dp/B005E9KJYE?tag=eloabder-20&linkCode=osi&th=1&psc=1">View Product</a></div><div class="product"><a href="https://www.amazon.com/dp/B01HZP45BM?tag=eloabder-20&linkCode=osi&th=1&psc=1"><img src="https://m.media-amazon.com/images/I/51qsgeT-koL._SL500_.jpg" alt="Product Image"></a><p>Colorations Washable Tempera Paint, Set of 6 Colors, 8oz Each, Non Toxic Paint, Vibrant Paint, Craft Paint Children, Art Supplies, Homeschool, Home School Use</p><p> -15% 0FF </p><p>$16.99 ($0.35 / Fl Oz)</p><a href="https://www.amazon.com/dp/B01HZP45BM?tag=eloabder-20&linkCode=osi&th=1&psc=1">View Product</a></div><div class="product"><a href="https://www.amazon.com/dp/B01HZP4IFA?tag=eloabder-20&linkCode=osi&th=1&psc=1"><img src="https://m.media-amazon.com/images/I/41tdzr9-azL._SL500_.jpg" alt="Product Image"></a><p>Colorations - LWPACK Liquid Watercolor Paint, 4 fl oz, Set of 6, Non-Toxic, Painting, Kids, Craft, Hobby, Fun, Water Color, Posters, Cool Effects, Versatile, Gift</p><p> -10% 0FF </p><p>$18.89 ($0.79 / Fl Oz)</p><a href="https://www.amazon.com/dp/B01HZP4IFA?tag=eloabder-20&linkCode=osi&th=1&psc=1">View Product</a></div><div class="product"><a href="https://www.amazon.com/dp/B000PIK1YC?tag=eloabder-20&linkCode=osi&th=1&psc=1"><img src="https://m.media-amazon.com/images/I/31-jP8tO9yL._SL500_.jpg" alt="Product Image"></a><p>Rust-Oleum 7579838 Professional High Performance Enamel Spray Paint, 15 Oz, Gloss Black</p><p> -9% 0FF </p><p>$9.98 ($0.67 / Ounce)</p><a href="https://www.amazon.com/dp/B000PIK1YC?tag=eloabder-20&linkCode=osi&th=1&psc=1">View Product</a></div>


<div class="product"><a href="https://www.amazon.com/dp/B002SG7PPC?tag=eloabder-20&linkCode=osi&th=1&psc=1"><img src="https://m.media-amazon.com/images/I/31YVD0b4-1L._SL500_.jpg" alt="Product Image"></a><p>Mitutoyo 050101, Edge Finder, 3/8" Dia. Shank, .200" Dia. Tip</p><p> -21% 0FF </p><p>$16.55</p><a href="https://www.amazon.com/dp/B002SG7PPC?tag=eloabder-20&linkCode=osi&th=1&psc=1">View Product</a></div><div class="product"><a href="https://www.amazon.com/dp/1259827445?tag=eloabder-20&linkCode=osi&th=1&psc=1"><img src="https://m.media-amazon.com/images/I/41+0n7UFhrL._SL500_.jpg" alt="Product Image"></a><p>Machining and CNC Technology</p><p> -42% 0FF </p><p>$199.97</p><a href="https://www.amazon.com/dp/1259827445?tag=eloabder-20&linkCode=osi&th=1&psc=1">View Product</a></div><div class="product"><a href="https://www.amazon.com/dp/B07RM1D6WD?tag=eloabder-20&linkCode=osi&th=1&psc=1"><img src="https://m.media-amazon.com/images/I/41WW3tVXkmL._SL500_.jpg" alt="Product Image"></a><p>AFA Tooling - Deburring Tool with 11 High Speed Steel Swivel Blades - Works on Metal, Resin, PVC Pipes, Copper, Plastic and 3D Printed Edges - Plumbing & 3D Printing Burr Removal Reamer Tool</p><p> -20% 0FF </p><p>$15.95 ($9.11 / 100 g)</p><a href="https://www.amazon.com/dp/B07RM1D6WD?tag=eloabder-20&linkCode=osi&th=1&psc=1">View Product</a></div>
<div class="product"><a href="https://www.amazon.com/dp/B08VHYX96W?tag=eloabder-20&linkCode=osi&th=1&psc=1"><img src="https://m.media-amazon.com/images/I/518vzX0FwcL._SL500_.jpg" alt="Product Image"></a><p>HARDELL Mini Cordless Rotary Tool Kit, 5-Speed and USB Charging with 61 Accessories, Multi-Purpose 3.7V Power Rotary Tool for Sanding, Polishing, Drilling, Etching, Engraving, DIY Crafts</p><p> -17% 0FF </p><p>$24.99</p><a href="https://www.amazon.com/dp/B08VHYX96W?tag=eloabder-20&linkCode=osi&th=1&psc=1">View Product</a></div><div class="product"><a href="https://www.amazon.com/dp/B093229VY9?tag=eloabder-20&linkCode=osi&th=1&psc=1"><img src="https://m.media-amazon.com/images/I/51Wby41ESCL._SL500_.jpg" alt="Product Image"></a><p>KATA 4-PACK Folding Utility Knife, Heavy Duty Box Cutter with 20pcs SK5 Quick Change Blades, Safety Lock Back Design, Used for Cutting Cartons, Cardboards and Boxes</p><p> -23% 0FF </p><p>$9.99 ($2.50 / Count)</p><a href="https://www.amazon.com/dp/B093229VY9?tag=eloabder-20&linkCode=osi&th=1&psc=1">View Product</a></div><div class="product"><a href="https://www.amazon.com/dp/B09QXBC6XL?tag=eloabder-20&linkCode=osi&th=1&psc=1"><img src="https://m.media-amazon.com/images/I/41JcpPv9cXL._SL500_.jpg" alt="Product Image"></a><p>180W Rotary Tool Kit, 1.5-Amp PHALANX 6 Variable Speed with Flex Shaft, 8000-32000RPM Multi-Tool& 139pcs Accessories Kit, Power Multiuse Set Prefect for Crafting Projects and DIY Creations‚Ä¶</p><p> -23% 0FF </p><p>$39.99</p><a href="https://www.amazon.com/dp/B09QXBC6XL?tag=eloabder-20&linkCode=osi&th=1&psc=1">View Product</a></div><div class="product"><a href="https://www.amazon.com/dp/B07GR7QF63?tag=eloabder-20&linkCode=osi&th=1&psc=1"><img src="https://m.media-amazon.com/images/I/319qwqAeKXL._SL500_.jpg" alt="Product Image"></a><p>IGAN-170 Wire Cutters, Precision Electronics Flush Cutter, One of the Strongest and Sharpest Side Cutting pliers with an Opening Spring, Ideal for Ultra-fine Cutting Needs.</p><p> -24% 0FF </p><p>$6.97</p><a href="https://www.amazon.com/dp/B07GR7QF63?tag=eloabder-20&linkCode=osi&th=1&psc=1">View Product</a></div>

<div class="product"><a href="https://www.amazon.com/dp/B01LRVX4AS?tag=eloabder-20&linkCode=osi&th=1&psc=1"><img src="https://m.media-amazon.com/images/I/41eRX8GkL8L._SL500_.jpg" alt="Product Image"></a><p>JKSafety 9 Pockets Class 2 High Visibility Zipper Front Safety Vest With Reflective Strips,Meets ANSI/ISEA Standard (Large, 150-Yellow)</p><p> -10% 0FF </p><p>$8.99</p><a href="https://www.amazon.com/dp/B01LRVX4AS?tag=eloabder-20&linkCode=osi&th=1&psc=1">View Product</a></div><div class="product"><a href="https://www.amazon.com/dp/B01LDPHX7S?tag=eloabder-20&linkCode=osi&th=1&psc=1"><img src="https://m.media-amazon.com/images/I/41pcC4hFanL._SL500_.jpg" alt="Product Image"></a><p>Ergodyne GloWear 8377 Type R Class 3 Lime Quilted Bomber Jacket, High Visibility Reflective Insulation, X-Large</p><p> -17% 0FF </p><p>$34.99</p><a href="https://www.amazon.com/dp/B01LDPHX7S?tag=eloabder-20&linkCode=osi&th=1&psc=1">View Product</a></div><div class="product"><a href="https://www.amazon.com/dp/B0CRV7G3WW?tag=eloabder-20&linkCode=osi&th=1&psc=1"><img src="https://m.media-amazon.com/images/I/41KOsJq8HTL._SL500_.jpg" alt="Product Image"></a><p>Bilymate LED Reflective Vest Running Gear,High Visibility with usb Rechargeable Light Up safety Vest for Walking Running Cycling,Adjustable for Men Women Kids Flourence Green</p><p> -50% 0FF </p><p>$6.45</p><a href="https://www.amazon.com/dp/B0CRV7G3WW?tag=eloabder-20&linkCode=osi&th=1&psc=1">View Product</a></div>
<div class="product"><a href="https://www.amazon.com/dp/B01N2ZTB7M?tag=eloabder-20&linkCode=osi&th=1&psc=1"><img src="https://m.media-amazon.com/images/I/419b0AGprhL._SL500_.jpg" alt="Product Image"></a><p>Sellstrom Advantage Face Shield - Lightweight Mask with Crown & Ratchet Headgear, for Work, Grinding, Cutting - ANSI Z87.1 - Clear Uncoated Polycarbonate Window</p><p> -8% 0FF </p><p>$14.39</p><a href="https://www.amazon.com/dp/B01N2ZTB7M?tag=eloabder-20&linkCode=osi&th=1&psc=1">View Product</a></div><div class="product"><a href="https://www.amazon.com/dp/B008MCUZZS?tag=eloabder-20&linkCode=osi&th=1&psc=1"><img src="https://m.media-amazon.com/images/I/51FPpkx4CEL._SL500_.jpg" alt="Product Image"></a><p>3M 8210 Particulate Respirator, N95, Pack of 20 Disposable Respirator, Two-Strap Cup Style Design, Lightweight with Cushioning Nose Foam, NIOSH Approved</p><p> -45% 0FF </p><p>$15.49 ($0.77 / Count)</p><a href="https://www.amazon.com/dp/B008MCUZZS?tag=eloabder-20&linkCode=osi&th=1&psc=1">View Product</a></div><div class="product"><a href="https://www.amazon.com/dp/B08GBRY816?tag=eloabder-20&linkCode=osi&th=1&psc=1"><img src="https://m.media-amazon.com/images/I/51Z0iPJV4uL._SL500_.jpg" alt="Product Image"></a><p>NEIKO 53880A Forestry Helmet for Safety with Shield and Earmuffs, Chainsaw Helmet with Face Shield, Hard Hat Safety Gear Equipment, Protective Face Shield and Mesh Shield for Face Protection</p><p> -18% 0FF </p><p>$27.16</p><a href="https://www.amazon.com/dp/B08GBRY816?tag=eloabder-20&linkCode=osi&th=1&psc=1">View Product</a></div><div class="product"><a href="https://www.amazon.com/dp/B0BLF15Y9Q?tag=eloabder-20&linkCode=osi&th=1&psc=1"><img src="https://m.media-amazon.com/images/I/51+GJrSaWPL._SL500_.jpg" alt="Product Image"></a><p>Tanden Skating Protective Gear Adult Knee and Elbow Pads Wrist Guards for Roller Skating Skateboarding, Skate Pads Adult Knee Pads for Men Women Black</p><p> -6% 0FF </p><p>$26.99</p><a href="https://www.amazon.com/dp/B0BLF15Y9Q?tag=eloabder-20&linkCode=osi&th=1&psc=1">View Product</a></div>
<div class="product"><a href="https://www.amazon.com/dp/B0C9SBFGZR?tag=eloabder-20&linkCode=osi&th=1&psc=1"><img src="https://m.media-amazon.com/images/I/51yTPVBbEUL._SL500_.jpg" alt="Product Image"></a><p>Supmedic Nitrile Exam Glove, 3.5 mil Disposable Medical Gloves Powder-Free Latex-Free, Box of 100 pcs (Blue) (Medium)</p><p> -16% 0FF </p><p>$8.42</p><a href="https://www.amazon.com/dp/B0C9SBFGZR?tag=eloabder-20&linkCode=osi&th=1&psc=1">View Product</a></div><div class="product"><a href="https://www.amazon.com/dp/B07KYWVCP6?tag=eloabder-20&linkCode=osi&th=1&psc=1"><img src="https://m.media-amazon.com/images/I/41q59vUJw6L._SL500_.jpg" alt="Product Image"></a><p>MED PRIDE Medical Vinyl Examination Gloves (Large, 100-Count) Latex & Rubber Free, Ultra-Strong, Clear Disposable Powder-Free Gloves for Healthcare & Food Handling Use</p><p> -11% 0FF </p><p>$7.99 ($0.08 / Count)</p><a href="https://www.amazon.com/dp/B07KYWVCP6?tag=eloabder-20&linkCode=osi&th=1&psc=1">View Product</a></div><div class="product"><a href="https://www.amazon.com/dp/B09KTQMMCM?tag=eloabder-20&linkCode=osi&th=1&psc=1"><img src="https://m.media-amazon.com/images/I/41mQ4yEa-wL._SL500_.jpg" alt="Product Image"></a><p>Schneider Black Vinyl Exam Gloves, 4mil, Disposable Latex-Free, Plastic Gloves for Medical, Cooking, Cleaning, and Food Prep, Sizes Medium</p><p> -20% 0FF </p><p>$7.99</p><a href="https://www.amazon.com/dp/B09KTQMMCM?tag=eloabder-20&linkCode=osi&th=1&psc=1">View Product</a></div><div class="product"><a href="https://www.amazon.com/dp/B09KRT18KC?tag=eloabder-20&linkCode=osi&th=1&psc=1"><img src="https://m.media-amazon.com/images/I/415qb2LeE6L._SL500_.jpg" alt="Product Image"></a><p>Schneider Clear Vinyl Exam Gloves, 4-mil, Medium 100-ct Box, Latex-Free, Rubber Disposable Gloves For Medical, Cleaning , Food Prep, Food Safe, Powder-Free, Non-Sterile</p><p> -20% 0FF </p><p>$7.97 ($0.08 / Count)</p><a href="https://www.amazon.com/dp/B09KRT18KC?tag=eloabder-20&linkCode=osi&th=1&psc=1">View Product</a></div><div class="product"><a href="https://www.amazon.com/dp/B08WJQR2CR?tag=eloabder-20&linkCode=osi&th=1&psc=1"><img src="https://m.media-amazon.com/images/I/414Y7CgkL2L._SL500_.jpg" alt="Product Image"></a><p>FifthPulse Black Vinyl Disposable Gloves Large 50 Pack - Latex Free, Powder Free Medical Exam Gloves - Surgical, Home, Cleaning, and Food Gloves - 3 Mil Thickness</p><p> -60% 0FF </p><p>$5.59</p><a href="https://www.amazon.com/dp/B08WJQR2CR?tag=eloabder-20&linkCode=osi&th=1&psc=1">View Product</a></div><div class="product"><a href="https://www.amazon.com/dp/B0C9MZRBR7?tag=eloabder-20&linkCode=osi&th=1&psc=1"><img src="https://m.media-amazon.com/images/I/41STIBt58JL._SL500_.jpg" alt="Product Image"></a><p>Caring Nitrile Exam Gloves (100ct), Powder Free and Not Made with Natural Rubber Latex, Gloves for Medical Use, Cleaning, Food Prep and More, Large</p><p> -13% 0FF </p><p>$6.99</p><a href="https://www.amazon.com/dp/B0C9MZRBR7?tag=eloabder-20&linkCode=osi&th=1&psc=1">View Product</a></div><div class="product"><a href="https://www.amazon.com/dp/B087LXWY99?tag=eloabder-20&linkCode=osi&th=1&psc=1"><img src="https://m.media-amazon.com/images/I/51ILZr2xj3L._SL500_.jpg" alt="Product Image"></a><p>Basic Medical Blue Nitrile Exam Gloves - Latex-Free & Powder-Free - NGPF-7002 (Case of 1,000), Medium</p><p> -16% 0FF </p><p>$32.82 ($0.03 / Count)</p><a href="https://www.amazon.com/dp/B087LXWY99?tag=eloabder-20&linkCode=osi&th=1&psc=1">View Product</a></div>
<div class="product"><a href="https://www.amazon.com/dp/B09P4DBZHY?tag=eloabder-20&linkCode=osi&th=1&psc=1"><img src="https://m.media-amazon.com/images/I/31YZa5T8JCL._SL500_.jpg" alt="Product Image"></a><p>3M Hard Hat SecureFit H-701SFR-UV, White, Non-Vented Cap Style Safety Helmet with Uvicator Sensor, 4-Point Pressure Diffusion Ratchet Suspension, ANSI Z87.1</p><p> -12% 0FF </p><p>$16.25</p><a href="https://www.amazon.com/dp/B09P4DBZHY?tag=eloabder-20&linkCode=osi&th=1&psc=1">View Product</a></div><div class="product"><a href="https://www.amazon.com/dp/B09VBV3T78?tag=eloabder-20&linkCode=osi&th=1&psc=1"><img src="https://m.media-amazon.com/images/I/31BEt7CIKkL._SL500_.jpg" alt="Product Image"></a><p>UNINOVA Vented Hard Hat with Visor OSHA Construction Safety Helmet 6 pt. Ratchet Suspension Cascos De Construccion ANSI Z89.1 Type I Class C Hardhats(S1 White Smoked)</p><p> -46% 0FF </p><p>$29.99</p><a href="https://www.amazon.com/dp/B09VBV3T78?tag=eloabder-20&linkCode=osi&th=1&psc=1">View Product</a></div>
<div class="product"><a href="https://www.amazon.com/dp/B08C7HDF1F?tag=eloabder-20&linkCode=osi&th=1&psc=1"><img src="https://m.media-amazon.com/images/I/51v5EoPjf3L._SL500_.jpg" alt="Product Image"></a><p>NNPCBT 100PCS 3 Ply Black Disposable Face Mask Filter Protection Face Masks</p><p> -33% 0FF </p><p>$9.98 ($0.10 / Count)</p><a href="https://www.amazon.com/dp/B08C7HDF1F?tag=eloabder-20&linkCode=osi&th=1&psc=1">View Product</a></div><div class="product"><a href="https://www.amazon.com/dp/B09GNXYWDQ?tag=eloabder-20&linkCode=osi&th=1&psc=1"><img src="https://m.media-amazon.com/images/I/41VrygLbB9L._SL500_.jpg" alt="Product Image"></a><p>Gleeporte [Pack Of 100] Black Disposable Face Mask, 3-Ply Adult Masks, Facial Cover with Elastic Earloops For Home, Office, School, and Outdoors</p><p> -22% 0FF </p><p>$6.99 ($0.07 / Count)</p><a href="https://www.amazon.com/dp/B09GNXYWDQ?tag=eloabder-20&linkCode=osi&th=1&psc=1">View Product</a></div><div class="product"><a href="https://www.amazon.com/dp/B08Y8NVW6Y?tag=eloabder-20&linkCode=osi&th=1&psc=1"><img src="https://m.media-amazon.com/images/I/51-zA01VM0L._SL500_.jpg" alt="Product Image"></a><p>LEMENT 50pcs KN95 Face Mask Black 5 Layer Cup Dust Safety Masks Filter Efficiency‚â•95% Breathable Elastic Ear Loops Black Masks</p><p> -33% 0FF </p><p>$19.99 ($0.40 / Count)</p><a href="https://www.amazon.com/dp/B08Y8NVW6Y?tag=eloabder-20&linkCode=osi&th=1&psc=1">View Product</a></div><div class="product"><a href="https://www.amazon.com/dp/B089TX3BPY?tag=eloabder-20&linkCode=osi&th=1&psc=1"><img src="https://m.media-amazon.com/images/I/41qr1sidczL._SL500_.jpg" alt="Product Image"></a><p>Hygenix 3ply Disposable Face Masks PFE 99% Filter Quality Tested by a US lab (Pack of 50 Pcs)</p><p> -13% 0FF </p><p>$12.99 ($0.26 / Count)</p><a href="https://www.amazon.com/dp/B089TX3BPY?tag=eloabder-20&linkCode=osi&th=1&psc=1">View Product</a></div><div class="product"><a href="https://www.amazon.com/dp/B09GLY1S79?tag=eloabder-20&linkCode=osi&th=1&psc=1"><img src="https://m.media-amazon.com/images/I/511vKreiG-L._SL500_.jpg" alt="Product Image"></a><p>Funight KN95 Face Masks 50 Pack 5-Ply Breathable Filter Disposable Face Masks Black</p><p> -50% 0FF </p><p>$19.99 ($0.40 / Count)</p><a href="https://www.amazon.com/dp/B09GLY1S79?tag=eloabder-20&linkCode=osi&th=1&psc=1">View Product</a></div>
<div class="product"><a href="https://www.amazon.com/dp/B07MNZ7C1M?tag=eloabder-20&linkCode=osi&th=1&psc=1"><img src="https://m.media-amazon.com/images/I/41qn5bUxuzL._SL500_.jpg" alt="Product Image"></a><p>ProCase Noise Reduction Ear Muffs, SNR 34dB Noise Cancelling Headphones for Adults Kids Autism, Adjustable Sound Proof Ear Protection for Shooting Mowing Construction -Red</p><p> -21% 0FF </p><p>$14.99</p><a href="https://www.amazon.com/dp/B07MNZ7C1M?tag=eloabder-20&linkCode=osi&th=1&psc=1">View Product</a></div><div class="product"><a href="https://www.amazon.com/dp/B0C5SMT3TX?tag=eloabder-20&linkCode=osi&th=1&psc=1"><img src="https://m.media-amazon.com/images/I/31TGEeMQNBL._SL500_.jpg" alt="Product Image"></a><p>ZOHAN 012 Hearing Protection Earmuffs for Noise Reduction - NRR 28dB Adjustable Safety Ear Muffs for Mowing, Autism, Sporting Events, Outdoor Work, Construction - Purple</p><p> -50% 0FF </p><p>$7.99</p><a href="https://www.amazon.com/dp/B0C5SMT3TX?tag=eloabder-20&linkCode=osi&th=1&psc=1">View Product</a></div><div class="product"><a href="https://www.amazon.com/dp/B01MXYJ2QP?tag=eloabder-20&linkCode=osi&th=1&psc=1"><img src="https://m.media-amazon.com/images/I/412QOjQpaKL._SL500_.jpg" alt="Product Image"></a><p>3M Pro-Grade Earmuff, Noise Reduction Rating (NRR) 30 dB, Lightweight & Adjustable Ear Muffs, Reduce Pressure Points For All-Day Comfort, Steel Wire Headband With Rubber Overmold Design (90565-4DC-PS)</p><p> -19% 0FF </p><p>$27.49</p><a href="https://www.amazon.com/dp/B01MXYJ2QP?tag=eloabder-20&linkCode=osi&th=1&psc=1">View Product</a></div><div class="product"><a href="https://www.amazon.com/dp/B01N7LMH5K?tag=eloabder-20&linkCode=osi&th=1&psc=1"><img src="https://m.media-amazon.com/images/I/516EUUjXKUL._SL500_.jpg" alt="Product Image"></a><p>10 Pair Corded Reusable Ear Plugs for Shooting Range Ear Protection for Gun Range - Hunting Ear Plugs for Construction Firearm Ear Protection Shooting Gun Hearing Protection Ear Plugs Corded</p><p> -13% 0FF </p><p>$6.95 ($0.70 / Count)</p><a href="https://www.amazon.com/dp/B01N7LMH5K?tag=eloabder-20&linkCode=osi&th=1&psc=1">View Product</a></div>
<div class="product"><a href="https://www.amazon.com/dp/B09G8FJNRT?tag=eloabder-20&linkCode=osi&th=1&psc=1"><img src="https://m.media-amazon.com/images/I/414WbTnlb1L._SL500_.jpg" alt="Product Image"></a><p>Aqulius 2 Pack Stylish Safety Glasses Goggles Anti Fog, Scratch Resistant, Safety Glasses for Women, Blue Light, Glasses for Nurses</p><p> -18% 0FF </p><p>$13.99</p><a href="https://www.amazon.com/dp/B09G8FJNRT?tag=eloabder-20&linkCode=osi&th=1&psc=1">View Product</a></div><div class="product"><a href="https://www.amazon.com/dp/B0833VW43J?tag=eloabder-20&linkCode=osi&th=1&psc=1"><img src="https://m.media-amazon.com/images/I/41iY6mE3j6L._SL500_.jpg" alt="Product Image"></a><p>amoolo Clear Safety Glasses Bulk of 24, Protective Eyewear for Men Women, ANSI Z87.1 Impact Resistant Eye Protection for Work, Lab, Construction</p><p> -18% 0FF </p><p>$24.69 ($1.03 / Count)</p><a href="https://www.amazon.com/dp/B0833VW43J?tag=eloabder-20&linkCode=osi&th=1&psc=1">View Product</a></div><div class="product"><a href="https://www.amazon.com/dp/B07YLVH342?tag=eloabder-20&linkCode=osi&th=1&psc=1"><img src="https://m.media-amazon.com/images/I/41bR3jQbKXL._SL500_.jpg" alt="Product Image"></a><p>SolidWork Safety Glasses Clear Lens with Side Shields, Anti Fog, Anti Scratch, Anti-Glare, Protective Eyewear for Men & Women</p><p> -11% 0FF </p><p>$9.99</p><a href="https://www.amazon.com/dp/B07YLVH342?tag=eloabder-20&linkCode=osi&th=1&psc=1">View Product</a></div>

<div class="product"><a href="https://www.amazon.com/dp/B078JGY2MJ?tag=eloabder-20&linkCode=osi&th=1&psc=1"><img src="https://m.media-amazon.com/images/I/41V4pUwXteL._SL500_.jpg" alt="Product Image"></a><p>Cherokee Scrubs for Men Workwear Professionals V-Neck Four-Pocket Scrub Top WW695, L, Navy</p><p> -23% 0FF </p><p>$24.99</p><a href="https://www.amazon.com/dp/B078JGY2MJ?tag=eloabder-20&linkCode=osi&th=1&psc=1">View Product</a></div><div class="product"><a href="https://www.amazon.com/dp/B0721NWRKT?tag=eloabder-20&linkCode=osi&th=1&psc=1"><img src="https://m.media-amazon.com/images/I/41Qw3a-DoWL._SL500_.jpg" alt="Product Image"></a><p>Cherokee Women's V-Neck Top, Navy, X-Large</p><p> -15% 0FF </p><p>$23.99</p><a href="https://www.amazon.com/dp/B0721NWRKT?tag=eloabder-20&linkCode=osi&th=1&psc=1">View Product</a></div><div class="product"><a href="https://www.amazon.com/dp/B012H3JOOK?tag=eloabder-20&linkCode=osi&th=1&psc=1"><img src="https://m.media-amazon.com/images/I/41GrV-dIDYL._SL500_.jpg" alt="Product Image"></a><p>Workwear Women Underscrubs Long Sleeve Knit Tee 4881, L, Caribbean Blue</p><p> -19% 0FF </p><p>$10.47</p><a href="https://www.amazon.com/dp/B012H3JOOK?tag=eloabder-20&linkCode=osi&th=1&psc=1">View Product</a></div>
<div class="product"><a href="https://www.amazon.com/dp/B010QWNDX2?tag=eloabder-20&linkCode=osi&th=1&psc=1"><img src="https://m.media-amazon.com/images/I/31V3r0a9C1L._SL500_.jpg" alt="Product Image"></a><p>Just Love Women's Scrub Sets Six Pocket Medical Scrubs (V-Neck With Cargo Pant), Navy, Medium</p><p> -16% 0FF </p><p>$19.99</p><a href="https://www.amazon.com/dp/B010QWNDX2?tag=eloabder-20&linkCode=osi&th=1&psc=1">View Product</a></div><div class="product"><a href="https://www.amazon.com/dp/B0985Y2RB4?tag=eloabder-20&linkCode=osi&th=1&psc=1"><img src="https://m.media-amazon.com/images/I/3176BjqvasS._SL500_.jpg" alt="Product Image"></a><p>Natural Uniforms Women's Cool Stretch V-Neck Top and Cargo Pant Set (True Navy Blue, Large)</p><p> -17% 0FF </p><p>$24.99</p><a href="https://www.amazon.com/dp/B0985Y2RB4?tag=eloabder-20&linkCode=osi&th=1&psc=1">View Product</a></div><div class="product"><a href="https://www.amazon.com/dp/B0CBNDXYJT?tag=eloabder-20&linkCode=osi&th=1&psc=1"><img src="https://m.media-amazon.com/images/I/31DhOD5-BwL._SL500_.jpg" alt="Product Image"></a><p>MONARCH UNIFORMS Stretchy Scrubs Women's Jogger Scrub Set In Regular and Petite Jogger Scrubs with Tuck-In Top for Women(Navy-L)</p><p> -6% 0FF </p><p>$46.95</p><a href="https://www.amazon.com/dp/B0CBNDXYJT?tag=eloabder-20&linkCode=osi&th=1&psc=1">View Product</a></div><div class="product"><a href="https://www.amazon.com/dp/B0D1TL84LR?tag=eloabder-20&linkCode=osi&th=1&psc=1"><img src="https://m.media-amazon.com/images/I/51iGPF-PnRL._SL500_.jpg" alt="Product Image"></a><p>Electric Warming Trays for Food and Hot Plates, Large and Uniform Surface Heating, Foldable, Durable, 3 Temperature Levels, Can Be On for 12 Hours, Silicone Food Warmer for Gatherings (Beige)</p><p> -8% 0FF </p><p>$36.99</p><a href="https://www.amazon.com/dp/B0D1TL84LR?tag=eloabder-20&linkCode=osi&th=1&psc=1">View Product</a></div><div class="product"><a href="https://www.amazon.com/dp/B09MM2LG84?tag=eloabder-20&linkCode=osi&th=1&psc=1"><img src="https://m.media-amazon.com/images/I/31B25JsiYTL._SL500_.jpg" alt="Product Image"></a><p>Scrubs Set for Women Joggers V-Neck Pocket Top Uniforms (Pink, L)</p><p> -10% 0FF </p><p>$25.99</p><a href="https://www.amazon.com/dp/B09MM2LG84?tag=eloabder-20&linkCode=osi&th=1&psc=1">View Product</a></div>
<div class="product"><a href="https://www.amazon.com/dp/B07K8M42Q5?tag=eloabder-20&linkCode=osi&th=1&psc=1"><img src="https://m.media-amazon.com/images/I/41UMPYXm6lS._SL500_.jpg" alt="Product Image"></a><p>Insulated Thermal Bib Overalls, High Visibility, Weather-Resistant, Large, Ergodyne GloWear 8928,Lime</p><p> -33% 0FF </p><p>$74.69</p><a href="https://www.amazon.com/dp/B07K8M42Q5?tag=eloabder-20&linkCode=osi&th=1&psc=1">View Product</a></div><div class="product"><a href="https://www.amazon.com/dp/B07SB2Z38J?tag=eloabder-20&linkCode=osi&th=1&psc=1"><img src="https://m.media-amazon.com/images/I/31gv4F1tgnL._SL500_.jpg" alt="Product Image"></a><p>Pioneer Hi Vis Ripstop Waterproof Bib Pants/Overalls for Men - Reflective Safety Work Rain Pants - High Visibility Yellow</p><p> -11% 0FF </p><p>$51.72</p><a href="https://www.amazon.com/dp/B07SB2Z38J?tag=eloabder-20&linkCode=osi&th=1&psc=1">View Product</a></div>
<div class="product"><a href="https://www.amazon.com/dp/B000BQRGFU?tag=eloabder-20&linkCode=osi&th=1&psc=1"><img src="https://m.media-amazon.com/images/I/51gnFiaxIAS._SL500_.jpg" alt="Product Image"></a><p>Trimaco SuperTuff Polypropylene Coverall, Medium</p><p> -51% 0FF </p><p>$4.90</p><a href="https://www.amazon.com/dp/B000BQRGFU?tag=eloabder-20&linkCode=osi&th=1&psc=1">View Product</a></div><div class="product"><a href="https://www.amazon.com/dp/B01JOWAOEG?tag=eloabder-20&linkCode=osi&th=1&psc=1"><img src="https://m.media-amazon.com/images/I/31jcH7zLurL._SL500_.jpg" alt="Product Image"></a><p>DuPont unisex-adult TY122S-XL-EACH Disposable Elastic Wrist, Bootie and Hood Tyvek Coverall Suit 1414, X-Large, White</p><p> -16% 0FF </p><p>$9.77</p><a href="https://www.amazon.com/dp/B01JOWAOEG?tag=eloabder-20&linkCode=osi&th=1&psc=1">View Product</a></div>
<div class="product"><a href="https://www.amazon.com/dp/B07D8G82G8?tag=eloabder-20&linkCode=osi&th=1&psc=1"><img src="https://m.media-amazon.com/images/I/317xFAdHZWL._SL500_.jpg" alt="Product Image"></a><p>VOGRYE Professional Lab Coat for Men Women Long Sleeve, White, Unisex</p><p> -12% 0FF </p><p>$14.99</p><a href="https://www.amazon.com/dp/B07D8G82G8?tag=eloabder-20&linkCode=osi&th=1&psc=1">View Product</a></div><div class="product"><a href="https://www.amazon.com/dp/B07HBL83B4?tag=eloabder-20&linkCode=osi&th=1&psc=1"><img src="https://m.media-amazon.com/images/I/31TG2roZU-L._SL500_.jpg" alt="Product Image"></a><p>VOGRYE Professional Lab Coat for Women Men Long Sleeve, White, Unisex (Small, White)</p><p> -32% 0FF </p><p>$16.99</p><a href="https://www.amazon.com/dp/B07HBL83B4?tag=eloabder-20&linkCode=osi&th=1&psc=1">View Product</a></div><div class="product"><a href="https://www.amazon.com/dp/B08VDZ6KCT?tag=eloabder-20&linkCode=osi&th=1&psc=1"><img src="https://m.media-amazon.com/images/I/31ERfg1k-nL._SL500_.jpg" alt="Product Image"></a><p>NY Threads Professional Lab Coat for Men Long Sleeve Poly Cotton Medical Coat 1 Pack, Medium, White</p><p> -11% 0FF </p><p>$16.99</p><a href="https://www.amazon.com/dp/B08VDZ6KCT?tag=eloabder-20&linkCode=osi&th=1&psc=1">View Product</a></div><div class="product"><a href="https://www.amazon.com/dp/B097NS2MHG?tag=eloabder-20&linkCode=osi&th=1&psc=1"><img src="https://m.media-amazon.com/images/I/31jtnrdiCcL._SL500_.jpg" alt="Product Image"></a><p>NY Threads Professional Lab Coat for Women, Long Sleeve Poly Cotton Medical Coat 1 Pack, Medium, White</p><p> -10% 0FF </p><p>$17.99</p><a href="https://www.amazon.com/dp/B097NS2MHG?tag=eloabder-20&linkCode=osi&th=1&psc=1">View Product</a></div>
<div class="product"><a href="https://www.amazon.com/dp/B08LSQFJCL?tag=eloabder-20&linkCode=osi&th=1&psc=1"><img src="https://m.media-amazon.com/images/I/410PoD7Tw+L._SL500_.jpg" alt="Product Image"></a><p>Walking Boot Fracture Boot for Broken Foot, Sprained Ankle-Medium</p><p> -25% 0FF </p><p>$39.85</p><a href="https://www.amazon.com/dp/B08LSQFJCL?tag=eloabder-20&linkCode=osi&th=1&psc=1">View Product</a></div><div class="product"><a href="https://www.amazon.com/dp/B09YPT42D5?tag=eloabder-20&linkCode=osi&th=1&psc=1"><img src="https://m.media-amazon.com/images/I/418-GYTrMOL._SL500_.jpg" alt="Product Image"></a><p>Jewlri Air Walking Boot Fracture Boot Short Walker Protective Boot Fits Left or Right Foot Ankle for Injuries Fractures Sprains Black M</p><p> -13% 0FF </p><p>$39.15</p><a href="https://www.amazon.com/dp/B09YPT42D5?tag=eloabder-20&linkCode=osi&th=1&psc=1">View Product</a></div><div class="product"><a href="https://www.amazon.com/dp/B019T9EHME?tag=eloabder-20&linkCode=osi&th=1&psc=1"><img src="https://m.media-amazon.com/images/I/41vMjfPsvUL._SL500_.jpg" alt="Product Image"></a><p>WOLVERINE Men's Floorhand Waterproof Steeltoe 6" Work Boot, Dark Brown, 9M</p><p> -23% 0FF </p><p>$92.90</p><a href="https://www.amazon.com/dp/B019T9EHME?tag=eloabder-20&linkCode=osi&th=1&psc=1">View Product</a></div>
<div class="product"><a href="https://www.amazon.com/dp/B073WH3WDR?tag=eloabder-20&linkCode=osi&th=1&psc=1"><img src="https://m.media-amazon.com/images/I/31s4J9BNC5L._SL500_.jpg" alt="Product Image"></a><p>Skechers Women's Squad SR Shoe, Black, 8.5</p><p> -63% 0FF </p><p>$25.00</p><a href="https://www.amazon.com/dp/B073WH3WDR?tag=eloabder-20&linkCode=osi&th=1&psc=1">View Product</a></div><div class="product"><a href="https://www.amazon.com/dp/B0C73MZF8M?tag=eloabder-20&linkCode=osi&th=1&psc=1"><img src="https://m.media-amazon.com/images/I/41yuAR+ADmL._SL500_.jpg" alt="Product Image"></a><p>LARNMERN Men Shoes Non Slip Work Sneakers Plantar Fasciitis Food Service Zapatos Trabajo Antideslizantes Orthopedic Walking Shoes Water Resistant Slip-on, Black 10.5</p><p> -15% 0FF </p><p>$42.42</p><a href="https://www.amazon.com/dp/B0C73MZF8M?tag=eloabder-20&linkCode=osi&th=1&psc=1">View Product</a></div><div class="product"><a href="https://www.amazon.com/dp/B0CJ8ZXF49?tag=eloabder-20&linkCode=osi&th=1&psc=1"><img src="https://m.media-amazon.com/images/I/41FQGDRzYhL._SL500_.jpg" alt="Product Image"></a><p>Bruno Marc Men's Non Slip Shoes, Lightweight Mens Work Shoes & Restaurant or Food Service Sneakers,Size 12,Black,SBWO2302M</p><p> -18% 0FF </p><p>$40.99</p><a href="https://www.amazon.com/dp/B0CJ8ZXF49?tag=eloabder-20&linkCode=osi&th=1&psc=1">View Product</a></div><div class="product"><a href="https://www.amazon.com/dp/B08XK8NZ82?tag=eloabder-20&linkCode=osi&th=1&psc=1"><img src="https://m.media-amazon.com/images/I/41VlYm6BhQL._SL500_.jpg" alt="Product Image"></a><p>Shoes for Crews Everlight Mens Non Slip Work Shoes - Men's Work & Safety Footwear, Lace-Up Breathable Work Shoes for Men, Zapato de Trabajo para Hombre, Size 10 Black</p><p> -14% 0FF </p><p>$59.98</p><a href="https://www.amazon.com/dp/B08XK8NZ82?tag=eloabder-20&linkCode=osi&th=1&psc=1">View Product</a></div><div class="product"><a href="https://www.amazon.com/dp/B01N2ZIDHO?tag=eloabder-20&linkCode=osi&th=1&psc=1"><img src="https://m.media-amazon.com/images/I/41TB3tRdI3L._SL500_.jpg" alt="Product Image"></a><p>Skechers Men's Flex Advantage Bendon Work Shoe, Black, 9.5 Wide</p><p> -25% 0FF </p><p>$63.73</p><a href="https://www.amazon.com/dp/B01N2ZIDHO?tag=eloabder-20&linkCode=osi&th=1&psc=1">View Product</a></div><div class="product"><a href="https://www.amazon.com/dp/B0D95RCCV4?tag=eloabder-20&linkCode=osi&th=1&psc=1"><img src="https://m.media-amazon.com/images/I/414THsyORKL._SL500_.jpg" alt="Product Image"></a><p>Bruno Marc Men's Hands Free Non Slip Work Shoes, Water Resistance Restaurant Slip on Food Service Sneakers,Size 11,Black,SNIC2410M</p><p> -15% 0FF </p><p>$33.14</p><a href="https://www.amazon.com/dp/B0D95RCCV4?tag=eloabder-20&linkCode=osi&th=1&psc=1">View Product</a></div><div class="product"><a href="https://www.amazon.com/dp/B08XLPHX2K?tag=eloabder-20&linkCode=osi&th=1&psc=1"><img src="https://m.media-amazon.com/images/I/41hIoqZEa+L._SL500_.jpg" alt="Product Image"></a><p>Shoes for Crews Everlight, Women's Slip Resistant Work Shoes, Water Resistant, Black, Size 9</p><p> -14% 0FF </p><p>$59.98</p><a href="https://www.amazon.com/dp/B08XLPHX2K?tag=eloabder-20&linkCode=osi&th=1&psc=1">View Product</a></div>

<div class="product"><a href="https://www.amazon.com/dp/B0CP3Q6CCG?tag=eloabder-20&linkCode=osi&th=1&psc=1"><img src="https://m.media-amazon.com/images/I/41sFYNo44HL._SL500_.jpg" alt="Product Image"></a><p>SAFETOE Welding Boots for Men Composite Toe Safety Boots Fire Resistant Welding Boot 300‚ÑÉHeat Resistant Welder Working Boots</p><p> -20% 0FF </p><p>$71.99</p><a href="https://www.amazon.com/dp/B0CP3Q6CCG?tag=eloabder-20&linkCode=osi&th=1&psc=1">View Product</a></div><div class="product"><a href="https://www.amazon.com/dp/B08L6HJJ7C?tag=eloabder-20&linkCode=osi&th=1&psc=1"><img src="https://m.media-amazon.com/images/I/41RzvjdVq0S._SL500_.jpg" alt="Product Image"></a><p>TOSAFZXY Work Safety Boots for Men Durable Crazy-Horse Leather Indestructible Steel Toe Waterproof and Non-Slip Better Warmth Men Work Shoes Black 13</p><p> -21% 0FF </p><p>$76.99</p><a href="https://www.amazon.com/dp/B08L6HJJ7C?tag=eloabder-20&linkCode=osi&th=1&psc=1">View Product</a></div><div class="product"><a href="https://www.amazon.com/dp/B01E7T2S7M?tag=eloabder-20&linkCode=osi&th=1&psc=1"><img src="https://m.media-amazon.com/images/I/41h2ZazEbDL._SL500_.jpg" alt="Product Image"></a><p>Timberland PRO Men's Powertrain Sport Alloy Safety Toe Industrial Athletic Work Shoe AL, Black/Grey, 11</p><p> -15% 0FF </p><p>$93.45</p><a href="https://www.amazon.com/dp/B01E7T2S7M?tag=eloabder-20&linkCode=osi&th=1&psc=1">View Product</a></div>

<div class="product"><a href="https://www.amazon.com/dp/B08G5DNWPH?tag=eloabder-20&linkCode=osi&th=1&psc=1"><img src="https://m.media-amazon.com/images/I/51z+-4Ne7OS._SL500_.jpg" alt="Product Image"></a><p>Palmer Safety Safety Harness w/Detachable 6 ft Lanyard I Single Leg Lanyard w/Internal Shock Absorbing & Snap Hook I OSHA/ANSI Fall Arrest Kit</p><p> -19% 0FF </p><p>$41.80</p><a href="https://www.amazon.com/dp/B08G5DNWPH?tag=eloabder-20&linkCode=osi&th=1&psc=1">View Product</a></div>
<div class="product"><a href="https://www.amazon.com/dp/B07MPC2DL1?tag=eloabder-20&linkCode=osi&th=1&psc=1"><img src="https://m.media-amazon.com/images/I/414lPL-+oSL._SL500_.jpg" alt="Product Image"></a><p>SHINKODA Black Glasses Strap, Sports Sunglasses & Eyeglasses Holder Straps for Men Women, String Holder, Neck Lanyard Cord, Adjustable Rope Eyewear Keeper Strap, Pack of 6</p><p> -30% 0FF </p><p>$6.99</p><a href="https://www.amazon.com/dp/B07MPC2DL1?tag=eloabder-20&linkCode=osi&th=1&psc=1">View Product</a></div>

<div class="product"><a href="https://www.amazon.com/dp/B07N42HH5R?tag=eloabder-20&linkCode=osi&th=1&psc=1"><img src="https://m.media-amazon.com/images/I/41ckLVLEd2L._SL500_.jpg" alt="Product Image"></a><p>X MONSTER HMPE Synthetic Winch Rope 3/8" x 90' Off Road for UTV/ATV Winch Line Cable Rope with Black Protecting Sleeve 18,000 lbs, Orange</p><p> -50% 0FF </p><p>$39.99 ($0.44 / Foot)</p><a href="https://www.amazon.com/dp/B07N42HH5R?tag=eloabder-20&linkCode=osi&th=1&psc=1">View Product</a></div><div class="product"><a href="https://www.amazon.com/dp/B08GC5NMY2?tag=eloabder-20&linkCode=osi&th=1&psc=1"><img src="https://m.media-amazon.com/images/I/41DLu2HOubL._SL500_.jpg" alt="Product Image"></a><p>AuInn Pack of 2 Velvet Stanchion Ropes, 4.9 Feet Stanchion Queue Barrier Rope Velvet Rope, Crowd Control Rope Barrier, with Mirror Polished Hooks (Red)</p><p> -50% 0FF </p><p>$8.24</p><a href="https://www.amazon.com/dp/B08GC5NMY2?tag=eloabder-20&linkCode=osi&th=1&psc=1">View Product</a></div><div class="product"><a href="https://www.amazon.com/dp/B004XAD2IU?tag=eloabder-20&linkCode=osi&th=1&psc=1"><img src="https://m.media-amazon.com/images/I/41OMk7JUdRL._SL500_.jpg" alt="Product Image"></a><p>SeaSense Rope Cutting Gun for Fishing, Boating & Camping ‚Äì 4‚Äô Cord, 1.5 Lbs, 120 V, 100 W & 1.5 A ‚Äì Lightweight Electric Cutter Tool for Synthetic Rope or Line</p><p> -17% 0FF </p><p>$34.49</p><a href="https://www.amazon.com/dp/B004XAD2IU?tag=eloabder-20&linkCode=osi&th=1&psc=1">View Product</a></div><div class="product"><a href="https://www.amazon.com/dp/B000KA4NZI?tag=eloabder-20&linkCode=osi&th=1&psc=1"><img src="https://m.media-amazon.com/images/I/41dG6S68MnL._SL500_.jpg" alt="Product Image"></a><p>Champion Sports DD Series Double Dutch Licorice Jump Ropes - Pink, 16-Feet (Set)</p><p> -37% 0FF </p><p>$10.10</p><a href="https://www.amazon.com/dp/B000KA4NZI?tag=eloabder-20&linkCode=osi&th=1&psc=1">View Product</a></div><div class="product"><a href="https://www.amazon.com/dp/B0BMVK163Z?tag=eloabder-20&linkCode=osi&th=1&psc=1"><img src="https://m.media-amazon.com/images/I/41lSc76CkEL._SL500_.jpg" alt="Product Image"></a><p>FVIEXE 6 Pack Red Velvet Stanchion Rope, 5 Feet Crowd Control Velvet Ropes with Gold Clasps, Foam Core Red Rope Queue Safety Sarriers Stanchion Post Rope for Party Event and Red Carpet</p><p> -6% 0FF </p><p>$32.99</p><a href="https://www.amazon.com/dp/B0BMVK163Z?tag=eloabder-20&linkCode=osi&th=1&psc=1">View Product</a></div>


<div class="product"><a href="https://www.amazon.com/dp/B06X9CYNJF?tag=eloabder-20&linkCode=osi&th=1&psc=1"><img src="https://m.media-amazon.com/images/I/51ZZNuuD3RL._SL500_.jpg" alt="Product Image"></a><p>VIVOHOME Motorcycle Lift Scissor Jack Steel Wide Deck Hoist Crank Center Stand 1100 LBS Capacity for Motorcycles, ATVs, Dirt Bikes Red</p><p> -20% 0FF </p><p>$79.99</p><a href="https://www.amazon.com/dp/B06X9CYNJF?tag=eloabder-20&linkCode=osi&th=1&psc=1">View Product</a></div><div class="product"><a href="https://www.amazon.com/dp/B0B19LHQG9?tag=eloabder-20&linkCode=osi&th=1&psc=1"><img src="https://m.media-amazon.com/images/I/41KGf+arU0L._SL500_.jpg" alt="Product Image"></a><p>EnryKuo Labor Saving Arm Jack 2 Pack,15.5 Inch Multifunctional Furniture Lifter Jacks for Installing Cabinets and Wall Tile Height Adjuster Handheld Tool</p><p> -42% 0FF </p><p>$28.99</p><a href="https://www.amazon.com/dp/B0B19LHQG9?tag=eloabder-20&linkCode=osi&th=1&psc=1">View Product</a></div><div class="product"><a href="https://www.amazon.com/dp/B002671WFC?tag=eloabder-20&linkCode=osi&th=1&psc=1"><img src="https://m.media-amazon.com/images/I/41SUknvQFBL._SL500_.jpg" alt="Product Image"></a><p>Lumex Stand Assist Patient Lift - Safely Sit, Stand, Transfer & Transport - LF1600</p><p> -11% 0FF </p><p>$648.29</p><a href="https://www.amazon.com/dp/B002671WFC?tag=eloabder-20&linkCode=osi&th=1&psc=1">View Product</a></div><div class="product"><a href="https://www.amazon.com/dp/B00022749Q?tag=eloabder-20&linkCode=osi&th=1&psc=1"><img src="https://m.media-amazon.com/images/I/41yCiXKQqmL._SL500_.jpg" alt="Product Image"></a><p>Shoulder Dolly Moving Straps - Lifting Strap for 2 Movers - Move, Lift, Carry, And Secure Furniture, Appliances, Heavy, Bulky Objects Safely, Efficiently, More Easily Like The Pros - LD1000</p><p> -11% 0FF </p><p>$39.99</p><a href="https://www.amazon.com/dp/B00022749Q?tag=eloabder-20&linkCode=osi&th=1&psc=1">View Product</a></div>
<div class="product"><a href="https://www.amazon.com/dp/B01MT1C80C?tag=eloabder-20&linkCode=osi&th=1&psc=1"><img src="https://m.media-amazon.com/images/I/41lL1b8gXCL._SL500_.jpg" alt="Product Image"></a><p>Happybuy Belt Conveyor 59 x 7.8 inch Conveyor Table Heavy Duty Stainless Steel Motorized Belt Conveyor for Inkjet Coding Applications Powered Rubber PVC Belt Anti Static (One Guardrail)</p><p> -30% 0FF </p><p>$249.99</p><a href="https://www.amazon.com/dp/B01MT1C80C?tag=eloabder-20&linkCode=osi&th=1&psc=1">View Product</a></div><div class="product"><a href="https://www.amazon.com/dp/B0C1PBQT7R?tag=eloabder-20&linkCode=osi&th=1&psc=1"><img src="https://m.media-amazon.com/images/I/41qlOkZESjL._SL500_.jpg" alt="Product Image"></a><p>Winco ECT-300 Commercial Conveyor Toaster, 300 Slices/Hour</p><p> -6% 0FF </p><p>$387.41</p><a href="https://www.amazon.com/dp/B0C1PBQT7R?tag=eloabder-20&linkCode=osi&th=1&psc=1">View Product</a></div>


<div class="product"><a href="https://www.amazon.com/dp/B0000AXNO5?tag=eloabder-20&linkCode=osi&th=1&psc=1"><img src="https://m.media-amazon.com/images/I/411lu8hpsTL._SL500_.jpg" alt="Product Image"></a><p>SIMPLE GREEN ndustrial Cleaner and Degreaser, 1 US GALLON</p><p> -49% 0FF </p><p>$12.79 ($0.10 / Fl Oz)</p><a href="https://www.amazon.com/dp/B0000AXNO5?tag=eloabder-20&linkCode=osi&th=1&psc=1">View Product</a></div><div class="product"><a href="https://www.amazon.com/dp/B0B6HNYPD1?tag=eloabder-20&linkCode=osi&th=1&psc=1"><img src="https://m.media-amazon.com/images/I/51EInWKBX1L._SL500_.jpg" alt="Product Image"></a><p>String Mop for Floor Cleaning - Heavy Duty Industrial Commercial Mop with Extra Replacement Mop Head , 59inch Mop Handle, Wet Mop for Home,Garage,Office, Workshop, Warehouse Floor Cleaning</p><p> -22% 0FF </p><p>$28.98</p><a href="https://www.amazon.com/dp/B0B6HNYPD1?tag=eloabder-20&linkCode=osi&th=1&psc=1">View Product</a></div><div class="product"><a href="https://www.amazon.com/dp/B09V5FV7H8?tag=eloabder-20&linkCode=osi&th=1&psc=1"><img src="https://m.media-amazon.com/images/I/41GFVuDbcUL._SL500_.jpg" alt="Product Image"></a><p>VELCRO Brand Industrial Strength Fasteners | Extreme Outdoor Weather Conditions | Heavy Duty Strength Holds up to 15 lbs | 4 x 2 inch Strips, 3 Sets, Black (VEL-30758-USA)</p><p> -30% 0FF </p><p>$5.27</p><a href="https://www.amazon.com/dp/B09V5FV7H8?tag=eloabder-20&linkCode=osi&th=1&psc=1">View Product</a></div><div class="product"><a href="https://www.amazon.com/dp/B00006RSP1?tag=eloabder-20&linkCode=osi&th=1&psc=1"><img src="https://m.media-amazon.com/images/I/41oE--c0W-L._SL500_.jpg" alt="Product Image"></a><p>VELCRO Brand Heavy Duty Tape with Adhesive | 15 Ft x 2 In | Holds 10 lbs, Black | Industrial Strength Roll, Cut Strips to Length | Strong Hold for Indoor or Outdoor Use, 15ft x 2in</p><p> -50% 0FF </p><p>$20.24</p><a href="https://www.amazon.com/dp/B00006RSP1?tag=eloabder-20&linkCode=osi&th=1&psc=1">View Product</a></div><div class="product"><a href="https://www.amazon.com/dp/B0BDLFSZR4?tag=eloabder-20&linkCode=osi&th=1&psc=1"><img src="https://m.media-amazon.com/images/I/41tLbo5s0BL._SL500_.jpg" alt="Product Image"></a><p>KeFanta Commercial Mop Heavy Duty Industrial Mop with Long Handle,60" Looped-End String Wet Cotton Mops for Floor Cleaning,Home,Kitchen,Office,Garage and Concrete/Tile Floor</p><p> -5% 0FF </p><p>$19.97</p><a href="https://www.amazon.com/dp/B0BDLFSZR4?tag=eloabder-20&linkCode=osi&th=1&psc=1">View Product</a></div>
<div class="product"><a href="https://www.amazon.com/dp/B0CTJ4Y52T?tag=eloabder-20&linkCode=osi&th=1&psc=1"><img src="https://m.media-amazon.com/images/I/410DrBVMpwL._SL500_.jpg" alt="Product Image"></a><p>Ernst Manufacturing Wrench Pro Wrench Storage for 20 Wrenches - Hi-Viz</p><p> -5% 0FF </p><p>$16.10</p><a href="https://www.amazon.com/dp/B0CTJ4Y52T?tag=eloabder-20&linkCode=osi&th=1&psc=1">View Product</a></div><div class="product"><a href="https://www.amazon.com/dp/B011BDWS5Y?tag=eloabder-20&linkCode=osi&th=1&psc=1"><img src="https://m.media-amazon.com/images/I/31vzNsRYhkL._SL500_.jpg" alt="Product Image"></a><p>Tower Manufacturing 30434009 Auto-Reset 15 AMP Right Angle GFCI Plug, Black</p><p> -6% 0FF </p><p>$16.96</p><a href="https://www.amazon.com/dp/B011BDWS5Y?tag=eloabder-20&linkCode=osi&th=1&psc=1">View Product</a></div><div class="product"><a href="https://www.amazon.com/dp/B0CTJ78V81?tag=eloabder-20&linkCode=osi&th=1&psc=1"><img src="https://m.media-amazon.com/images/I/41NufwoDLiL._SL500_.jpg" alt="Product Image"></a><p>Ernst Manufacturing Wrench Pro - Modular Wrench Organizer for 40 Tools with Magnetic Base (Hi-Viz) - Made in the USA</p><p> -5% 0FF </p><p>$37.95</p><a href="https://www.amazon.com/dp/B0CTJ78V81?tag=eloabder-20&linkCode=osi&th=1&psc=1">View Product</a></div><div class="product"><a href="https://www.amazon.com/dp/B075XZPMHX?tag=eloabder-20&linkCode=osi&th=1&psc=1"><img src="https://m.media-amazon.com/images/I/41YihmHjGFL._SL500_.jpg" alt="Product Image"></a><p>PURELL Brand CLEAN RELEASE Technology (CRT) HEALTHY SOAP Naturally Clean Foam, Fragrance Free, 1200 mL Refill for PURELL ES6 Automatic Soap Dispenser (Pack of 2) - 6470-02-Manufactured by GOJO, Inc.</p><p> -14% 0FF </p><p>$51.86 ($1.28 / Fl Oz)</p><a href="https://www.amazon.com/dp/B075XZPMHX?tag=eloabder-20&linkCode=osi&th=1&psc=1">View Product</a></div><div class="product"><a href="https://www.amazon.com/dp/B012IMWAXW?tag=eloabder-20&linkCode=osi&th=1&psc=1"><img src="https://m.media-amazon.com/images/I/41jdAol8VML._SL500_.jpg" alt="Product Image"></a><p>Schaeffer Manufacturing Co. 0191-012S Micron Moly Racing Engine Oil 20W-50, 1-Quart Bottle</p><p> -8% 0FF </p><p>$10.48</p><a href="https://www.amazon.com/dp/B012IMWAXW?tag=eloabder-20&linkCode=osi&th=1&psc=1">View Product</a></div><div class="product"><a href="https://www.amazon.com/dp/B09F8CM69J?tag=eloabder-20&linkCode=osi&th=1&psc=1"><img src="https://m.media-amazon.com/images/I/41Ok3l4S+nL._SL500_.jpg" alt="Product Image"></a><p>Boka Fluoride Free Toothpaste- Nano Hydroxyapatite, Remineralizing, Sensitive Teeth, Whitening - Dentist Recommended for Adult, Kids Oral Care- Lemon Lavender Flavor, 4 Fl Oz 1Pk US Manufactured</p><p> -19% 0FF </p><p>$12.99 ($3.25 / Ounce)</p><a href="https://www.amazon.com/dp/B09F8CM69J?tag=eloabder-20&linkCode=osi&th=1&psc=1">View Product</a></div><div class="product"><a href="https://www.amazon.com/dp/B0060BFYHM?tag=eloabder-20&linkCode=osi&th=1&psc=1"><img src="https://m.media-amazon.com/images/I/41oFKMzBXIL._SL500_.jpg" alt="Product Image"></a><p>Ernst Manufacturing 3/8-Inch Dura-Pro Twist Lock Socket Clips, 15-Pack, Black - 8441</p><p> -25% 0FF </p><p>$7.99</p><a href="https://www.amazon.com/dp/B0060BFYHM?tag=eloabder-20&linkCode=osi&th=1&psc=1">View Product</a></div>
<div class="product"><a href="https://www.amazon.com/dp/B0094KPK70?tag=eloabder-20&linkCode=osi&th=1&psc=1"><img src="https://m.media-amazon.com/images/I/31gFDiqADHL._SL500_.jpg" alt="Product Image"></a><p>Miss Jessie's Pillow Soft Curls Unisex Lotion 8.5 oz</p><p> -11% 0FF </p><p>$21.97 ($2.58 / Fl Oz)</p><a href="https://www.amazon.com/dp/B0094KPK70?tag=eloabder-20&linkCode=osi&th=1&psc=1">View Product</a></div><div class="product"><a href="https://www.amazon.com/dp/B000052YCL?tag=eloabder-20&linkCode=osi&th=1&psc=1"><img src="https://m.media-amazon.com/images/I/41LCxmzicBL._SL500_.jpg" alt="Product Image"></a><p>biot√®ne Oral Rinse Mouthwash for Dry Mouth, Breath Freshener and Dry Mouth Treatment, Fresh Mint, 16 fl oz</p><p> -15% 0FF </p><p>$6.79 ($0.42 / Fl Oz)</p><a href="https://www.amazon.com/dp/B000052YCL?tag=eloabder-20&linkCode=osi&th=1&psc=1">View Product</a></div><div class="product"><a href="https://www.amazon.com/dp/B006ZUW070?tag=eloabder-20&linkCode=osi&th=1&psc=1"><img src="https://m.media-amazon.com/images/I/311iQ7u1zvS._SL500_.jpg" alt="Product Image"></a><p>Method Antibacterial Toilet Bowl Cleaner, Spearmint, Kills 99.9% of Household Germs, 24 Fl Oz</p><p> -58% 0FF </p><p>$4.39 ($0.18 / Fl Oz)</p><a href="https://www.amazon.com/dp/B006ZUW070?tag=eloabder-20&linkCode=osi&th=1&psc=1">View Product</a></div><div class="product"><a href="https://www.amazon.com/dp/B002KAOAZ4?tag=eloabder-20&linkCode=osi&th=1&psc=1"><img src="https://m.media-amazon.com/images/I/41MXc4FkUXL._SL500_.jpg" alt="Product Image"></a><p>biot√®ne Oral Rinse Mouthwash for Dry Mouth, Breath Freshener and Dry Mouth Treatment, Fresh Mint - 33.8 fl oz</p><p> -22% 0FF </p><p>$10.98 ($0.32 / Fl Oz)</p><a href="https://www.amazon.com/dp/B002KAOAZ4?tag=eloabder-20&linkCode=osi&th=1&psc=1">View Product</a></div><div class="product"><a href="https://www.amazon.com/dp/B002L13EK4?tag=eloabder-20&linkCode=osi&th=1&psc=1"><img src="https://m.media-amazon.com/images/I/41WL7dl9L-L._SL500_.jpg" alt="Product Image"></a><p>Core Products Soft Comfort CorPak, No Frost Hot and Cold Therapy Pack - 10" x 13", Made in The USA</p><p> -17% 0FF </p><p>$14.98 ($14.98 / Count)</p><a href="https://www.amazon.com/dp/B002L13EK4?tag=eloabder-20&linkCode=osi&th=1&psc=1">View Product</a></div>
<div class="product"><a href="https://www.amazon.com/dp/B0CRNSYY12?tag=eloabder-20&linkCode=osi&th=1&psc=1"><img src="https://m.media-amazon.com/images/I/41CCImE12+L._SL500_.jpg" alt="Product Image"></a><p>Pvilub UFO LED High Bay Light 200W 2 Pack, 5000K Dimmable High Bay LED Light Fixture with US Plug 5' Cable, 28000LM IP65 Waterproof High Bay Lights for Workshop Factory Barn Warehouse</p><p> -50% 0FF </p><p>$44.99 ($22.50 / Count)</p><a href="https://www.amazon.com/dp/B0CRNSYY12?tag=eloabder-20&linkCode=osi&th=1&psc=1">View Product</a></div><div class="product"><a href="https://www.amazon.com/dp/B0CXX9R85C?tag=eloabder-20&linkCode=osi&th=1&psc=1"><img src="https://m.media-amazon.com/images/I/415nSzRaRzL._SL500_.jpg" alt="Product Image"></a><p>Sud Factory Dissolve X2 Upgraded Paint Hard Water Spot & Stain Remover for Cars, Trucks, Boats, Motorcycle, RVs, Homes & More - 16oz</p><p> -5% 0FF </p><p>$31.32 ($1.96 / Fl Oz)</p><a href="https://www.amazon.com/dp/B0CXX9R85C?tag=eloabder-20&linkCode=osi&th=1&psc=1">View Product</a></div><div class="product"><a href="https://www.amazon.com/dp/B0CYQ6YG8V?tag=eloabder-20&linkCode=osi&th=1&psc=1"><img src="https://m.media-amazon.com/images/I/415R2W7EePL._SL500_.jpg" alt="Product Image"></a><p>4-Pack UFO LED High Bay Light 200W, High Bay LED Shop Lights 6500K 30000LM Daylight UL Listed with US Plug 5' Cable, Hanging Hook, LED UFO High Bay Lights for Warehouse Workshop Garage Factory Barn</p><p> -32% 0FF </p><p>$129.99</p><a href="https://www.amazon.com/dp/B0CYQ6YG8V?tag=eloabder-20&linkCode=osi&th=1&psc=1">View Product</a></div><div class="product"><a href="https://www.amazon.com/dp/B00T3Z6VG0?tag=eloabder-20&linkCode=osi&th=1&psc=1"><img src="https://m.media-amazon.com/images/I/41HMtL8drLL._SL500_.jpg" alt="Product Image"></a><p>Lifefactory 20-Ounce Indoor/Outdoor Protective Silicone Sleeve Beverage Glass, 4 Count (Pack of 1), Orange, Grass Green, Cobalt, Huckleberry</p><p> -20% 0FF </p><p>$39.99 ($10.00 / Count)</p><a href="https://www.amazon.com/dp/B00T3Z6VG0?tag=eloabder-20&linkCode=osi&th=1&psc=1">View Product</a></div><div class="product"><a href="https://www.amazon.com/dp/B0CYQ2W7YR?tag=eloabder-20&linkCode=osi&th=1&psc=1"><img src="https://m.media-amazon.com/images/I/41zMwlG6vaL._SL500_.jpg" alt="Product Image"></a><p>6 Packs UFO LED High Bay Light - 200W High Bay LED Shop Lights, 6500K 30000LM UFO Lights with US Plug 5ft Cable, Hanging Hook, Commercial Bay Lighting Daylight for Warehouse Factory Shop - UL Listed</p><p> -36% 0FF </p><p>$179.99 ($30.00 / Count)</p><a href="https://www.amazon.com/dp/B0CYQ2W7YR?tag=eloabder-20&linkCode=osi&th=1&psc=1">View Product</a></div><div class="product"><a href="https://www.amazon.com/dp/B08Y2J4C4C?tag=eloabder-20&linkCode=osi&th=1&psc=1"><img src="https://m.media-amazon.com/images/I/41T83Y3drrL._SL500_.jpg" alt="Product Image"></a><p>Factory Direct Partners 10368-BK 16" School Stack Chair, Stacking Student Seat with Chromed Steel Legs and Nylon Swivel Glides for in-Home Learning or Classroom - Black (6-Pack)</p><p> -21% 0FF </p><p>$240.05 ($40.01 / Count)</p><a href="https://www.amazon.com/dp/B08Y2J4C4C?tag=eloabder-20&linkCode=osi&th=1&psc=1">View Product</a></div><div class="product"><a href="https://www.amazon.com/dp/B0D6X64LWH?tag=eloabder-20&linkCode=osi&th=1&psc=1"><img src="https://m.media-amazon.com/images/I/41MQiiwVEsL._SL500_.jpg" alt="Product Image"></a><p>White Knight M12x1.25 Lug Nuts for Select Nissan and Infiniti, Factory Style Chrome Med Mag with Washer - 5306-20AM (20 Pack)</p><p> -16% 0FF </p><p>$20.88</p><a href="https://www.amazon.com/dp/B0D6X64LWH?tag=eloabder-20&linkCode=osi&th=1&psc=1">View Product</a></div>
<div class="product"><a href="https://www.amazon.com/dp/B0CKWZTJTL?tag=eloabder-20&linkCode=osi&th=1&psc=1"><img src="https://m.media-amazon.com/images/I/51x2qwWd-3L._SL500_.jpg" alt="Product Image"></a><p>VEVOR 4pcs Machinery Mover, 8T Machinery Skate Dolly, 17637lbs Machinery Moving Skate, Machinery Mover Skate w/ 360¬∞ Rotation Cap and 4 Rollers, Heavy Duty Industrial Moving Equipment, Yellow</p><p> -5% 0FF </p><p>$142.49</p><a href="https://www.amazon.com/dp/B0CKWZTJTL?tag=eloabder-20&linkCode=osi&th=1&psc=1">View Product</a></div><div class="product"><a href="https://www.amazon.com/dp/B0CB8VNTLN?tag=eloabder-20&linkCode=osi&th=1&psc=1"><img src="https://m.media-amazon.com/images/I/41PG7e4nerL._SL500_.jpg" alt="Product Image"></a><p>VEVOR Machinery Skate Dolly, 13,200 LBS/6T Industrial Machinery Mover, Heavy Duty Carbon Steel Machinery Moving Skate with 4 PU Wheels and 360¬∞ Rotation Non-Slip Cap for Warehouse, Workshop, Factory</p><p> -26% 0FF </p><p>$29.69</p><a href="https://www.amazon.com/dp/B0CB8VNTLN?tag=eloabder-20&linkCode=osi&th=1&psc=1">View Product</a></div><div class="product"><a href="https://www.amazon.com/dp/B0BG5HT6VK?tag=eloabder-20&linkCode=osi&th=1&psc=1"><img src="https://m.media-amazon.com/images/I/419hHIpihrL._SL500_.jpg" alt="Product Image"></a><p>VEVOR Machinery Skate Dolly, 6614 LBS/3T Industrial Machinery Mover with Handle, Carbon Steel Machinery Moving Skate with 3 360¬∞ Swivel PU Wheels, 360¬∞ Rotation Non-Slip Cap for Warehouse, Workshop</p><p> -9% 0FF </p><p>$99.99</p><a href="https://www.amazon.com/dp/B0BG5HT6VK?tag=eloabder-20&linkCode=osi&th=1&psc=1">View Product</a></div>
<div class="product"><a href="https://www.amazon.com/dp/B07R71PYPH?tag=eloabder-20&linkCode=osi&th=1&psc=1"><img src="https://m.media-amazon.com/images/I/51xY0A0dj6L._SL500_.jpg" alt="Product Image"></a><p>NEENCA Professional Knee Brace for Pain Relief, Medical Knee Support with Patella Pad & Side Stabilizers, Compression Knee Sleeve for Meniscus Tear, ACL, Joint Pain, Runner, Workout - FSA/HSA Eligible</p><p> -15% 0FF </p><p>$22.07</p><a href="https://www.amazon.com/dp/B07R71PYPH?tag=eloabder-20&linkCode=osi&th=1&psc=1">View Product</a></div><div class="product"><a href="https://www.amazon.com/dp/B0D8KQ4349?tag=eloabder-20&linkCode=osi&th=1&psc=1"><img src="https://m.media-amazon.com/images/I/41E0E-DrOiL._SL500_.jpg" alt="Product Image"></a><p>Rechargeable EMF Meter, 5 Level LED Portable Handheld Magnetic Field Detector for Ghost Hunting and Inspections in Home, Electromagnetic Paranormal Equipment Tester Up to 20 + MG</p><p> -17% 0FF </p><p>$14.99</p><a href="https://www.amazon.com/dp/B0D8KQ4349?tag=eloabder-20&linkCode=osi&th=1&psc=1">View Product</a></div><div class="product"><a href="https://www.amazon.com/dp/B08R6XRYVD?tag=eloabder-20&linkCode=osi&th=1&psc=1"><img src="https://m.media-amazon.com/images/I/31Oss0Gr+fL._SL500_.jpg" alt="Product Image"></a><p>99.9% Copper Dowsing Rods - 2PCS Divining Rods - for Ghost Hunting Tools, Divining Water, Treasure, Buried Items Etc</p><p> -30% 0FF </p><p>$13.99</p><a href="https://www.amazon.com/dp/B08R6XRYVD?tag=eloabder-20&linkCode=osi&th=1&psc=1">View Product</a></div>
<div class="product"><a href="https://www.amazon.com/dp/B0723914V1?tag=eloabder-20&linkCode=osi&th=1&psc=1"><img src="https://m.media-amazon.com/images/I/51A+d87r2aL._SL500_.jpg" alt="Product Image"></a><p>DEKOPRO 228 Piece Socket Wrench Auto Repair Tool Combination Package Mixed Tool Set Hand Tool Kit with Plastic Toolbox Storage Case</p><p> -20% 0FF </p><p>$79.99</p><a href="https://www.amazon.com/dp/B0723914V1?tag=eloabder-20&linkCode=osi&th=1&psc=1">View Product</a></div><div class="product"><a href="https://www.amazon.com/dp/B0105SSMRO?tag=eloabder-20&linkCode=osi&th=1&psc=1"><img src="https://m.media-amazon.com/images/I/313ovohBnZL._SL500_.jpg" alt="Product Image"></a><p>7-piece Workpro Pliers Set with Groove Joint, Long Nose, Slip Joint, Linesman, and Diagonal Pliers for DIY & Home Use</p><p> -20% 0FF </p><p>$19.99</p><a href="https://www.amazon.com/dp/B0105SSMRO?tag=eloabder-20&linkCode=osi&th=1&psc=1">View Product</a></div><div class="product"><a href="https://www.amazon.com/dp/B0BR8B8XKJ?tag=eloabder-20&linkCode=osi&th=1&psc=1"><img src="https://m.media-amazon.com/images/I/41fSDIgwWCL._SL500_.jpg" alt="Product Image"></a><p>2Pcs Heavy Duty Automatic Center Punch, 5'' Premium Steel Spring Loaded Center Hole Punch, Adjustable Spring Impact Center Marker Scriber Tool for Metel, Plastics, Wood, Glass by karmiero</p><p> -20% 0FF </p><p>$3.99</p><a href="https://www.amazon.com/dp/B0BR8B8XKJ?tag=eloabder-20&linkCode=osi&th=1&psc=1">View Product</a></div><div class="product"><a href="https://www.amazon.com/dp/B08YRLZCPJ?tag=eloabder-20&linkCode=osi&th=1&psc=1"><img src="https://m.media-amazon.com/images/I/51LIpo1iBZS._SL500_.jpg" alt="Product Image"></a><p>Egofine 46 Pieces 1/4 inch Drive Socket Ratchet Wrench Set, with Bit Socket Set Metric and Extension Bar for Auto Repairing and Household, with Storage Case</p><p> -23% 0FF </p><p>$19.87</p><a href="https://www.amazon.com/dp/B08YRLZCPJ?tag=eloabder-20&linkCode=osi&th=1&psc=1">View Product</a></div><div class="product"><a href="https://www.amazon.com/dp/B07WP4165D?tag=eloabder-20&linkCode=osi&th=1&psc=1"><img src="https://m.media-amazon.com/images/I/51TA+8eP4zL._SL500_.jpg" alt="Product Image"></a><p>Laser Level Line Tool, Multipurpose Laser Level Kit Standard Cross Line Laser leveler Beam Tool with Metric Rulers 8ft/2.5M for Picture Hanging cabinets Tile Walls by AikTryee.</p><p> -48% 0FF </p><p>$9.95</p><a href="https://www.amazon.com/dp/B07WP4165D?tag=eloabder-20&linkCode=osi&th=1&psc=1">View Product</a></div><div class="product"><a href="https://www.amazon.com/dp/B09TB7M842?tag=eloabder-20&linkCode=osi&th=1&psc=1"><img src="https://m.media-amazon.com/images/I/412U9M3sOcL._SL500_.jpg" alt="Product Image"></a><p>DEWALT 20V MAX XR Cut Off Tool, Brushless and Compact, Bare Tool Only (DCS438B)</p><p> -37% 0FF </p><p>$125.90</p><a href="https://www.amazon.com/dp/B09TB7M842?tag=eloabder-20&linkCode=osi&th=1&psc=1">View Product</a></div><div class="product"><a href="https://www.amazon.com/dp/B0BRPVRC77?tag=eloabder-20&linkCode=osi&th=1&psc=1"><img src="https://m.media-amazon.com/images/I/51DFLa11vEL._SL500_.jpg" alt="Product Image"></a><p>HORUSDY 16-Piece Punch and Chisel Set, Including Taper Punch, Cold Chisels, Pin Punch, Center Punch</p><p> -22% 0FF </p><p>$20.99</p><a href="https://www.amazon.com/dp/B0BRPVRC77?tag=eloabder-20&linkCode=osi&th=1&psc=1">View Product</a></div>
<div class="product"><a href="https://www.amazon.com/dp/B088M48Z3G?tag=eloabder-20&linkCode=osi&th=1&psc=1"><img src="https://m.media-amazon.com/images/I/51MV5+juS8L._SL500_.jpg" alt="Product Image"></a><p>anezus Self Healing Sewing Mat, 12inch x 18inch Rotary Cutting Mat Double Sided 5-Ply Craft Cutting Board for Sewing Crafts Hobby Fabric Precision Scrapbooking Project</p><p> -44% 0FF </p><p>$8.99</p><a href="https://www.amazon.com/dp/B088M48Z3G?tag=eloabder-20&linkCode=osi&th=1&psc=1">View Product</a></div><div class="product"><a href="https://www.amazon.com/dp/B0BX2BN5KQ?tag=eloabder-20&linkCode=osi&th=1&psc=1"><img src="https://m.media-amazon.com/images/I/31VTaTFWBXL._SL500_.jpg" alt="Product Image"></a><p>12 * 12 inch Packing Paper for Moving 100 Sheets Protecting Fragile China and Glasses,Small Wrapping Paper for Shipping and Moving Box Filler</p><p> -20% 0FF </p><p>$6.99 ($0.07 / Count)</p><a href="https://www.amazon.com/dp/B0BX2BN5KQ?tag=eloabder-20&linkCode=osi&th=1&psc=1">View Product</a></div>
<div class="product"><a href="https://www.amazon.com/dp/B0CMZZGXPX?tag=eloabder-20&linkCode=osi&th=1&psc=1"><img src="https://m.media-amazon.com/images/I/31YMA2qw31L._SL500_.jpg" alt="Product Image"></a><p>CREGEAR ABS Plastic Sheet 1/8 Inch Thick - 12" x 12", Black Plastic Sheet Rigid Thermoplastic Sheet, ABS Plastic Board for Sign, Craft, DIY Project, 2 Different Surfaces - Texture & Smooth, 1 Pack</p><p> -11% 0FF </p><p>$7.97</p><a href="https://www.amazon.com/dp/B0CMZZGXPX?tag=eloabder-20&linkCode=osi&th=1&psc=1">View Product</a></div>
<div class="product"><a href="https://www.amazon.com/dp/B0B293QNWQ?tag=eloabder-20&linkCode=osi&th=1&psc=1"><img src="https://m.media-amazon.com/images/I/41+feq08GCL._SL500_.jpg" alt="Product Image"></a><p>Metal Ice Scoop 6 OzÔºåKitchen Ice Scooper for Ice Maker, Small Food Scoops for Bar Party Wedding Pet Dog Food, Stainless Steel Silver</p><p> -30% 0FF </p><p>$6.99</p><a href="https://www.amazon.com/dp/B0B293QNWQ?tag=eloabder-20&linkCode=osi&th=1&psc=1">View Product</a></div><div class="product"><a href="https://www.amazon.com/dp/B07PXLJ9MP?tag=eloabder-20&linkCode=osi&th=1&psc=1"><img src="https://m.media-amazon.com/images/I/41YOR10YvIL._SL500_.jpg" alt="Product Image"></a><p>Fayleeko Wire Coat Hangers 40 Pack Strong Heavy Duty Stainless Steel Metal Ultra Thin Space Saving Clothes Hangers 16.5 Inch</p><p> -38% 0FF </p><p>$24.88 ($0.62 / Count)</p><a href="https://www.amazon.com/dp/B07PXLJ9MP?tag=eloabder-20&linkCode=osi&th=1&psc=1">View Product</a></div><div class="product"><a href="https://www.amazon.com/dp/B000H5W3PI?tag=eloabder-20&linkCode=osi&th=1&psc=1"><img src="https://m.media-amazon.com/images/I/21FCToLy5VL._SL500_.jpg" alt="Product Image"></a><p>K&S Sheet Metal Stock, Made in The USA,Stainless Steel/Silver</p><p> -14% 0FF </p><p>$6.47</p><a href="https://www.amazon.com/dp/B000H5W3PI?tag=eloabder-20&linkCode=osi&th=1&psc=1">View Product</a></div><div class="product"><a href="https://www.amazon.com/dp/B07GDDF5JB?tag=eloabder-20&linkCode=osi&th=1&psc=1"><img src="https://m.media-amazon.com/images/I/31dFxe1Df0L._SL500_.jpg" alt="Product Image"></a><p>HURRICANE 10 Inch Aviation Tin Snips, Heavy Duty Metal Cutter Shears for Cutting Sheet Metal, Straight Cut, Chrome Vanadium Steel</p><p> -30% 0FF </p><p>$13.99</p><a href="https://www.amazon.com/dp/B07GDDF5JB?tag=eloabder-20&linkCode=osi&th=1&psc=1">View Product</a></div>
<div class="product"><a href="https://www.amazon.com/dp/B0D95L6W5J?tag=eloabder-20&linkCode=osi&th=1&psc=1"><img src="https://m.media-amazon.com/images/I/41tbedSgDfL._SL500_.jpg" alt="Product Image"></a><p>Tandefio 40 Sticks Brazing Rods Bcup-5 Solder Phos Copper Brazing Alloys Flat Welding Rods Industry 0.050"x1/8"x10" for Air Conditioning Refrigerator Cold Storage HVAC Units (Phosphor Copper)</p><p> -5% 0FF </p><p>$20.99</p><a href="https://www.amazon.com/dp/B0D95L6W5J?tag=eloabder-20&linkCode=osi&th=1&psc=1">View Product</a></div>
<div class="product"><a href="https://www.amazon.com/dp/B0053KMAMI?tag=eloabder-20&linkCode=osi&th=1&psc=1"><img src="https://m.media-amazon.com/images/I/41f4ot2fnZL._SL500_.jpg" alt="Product Image"></a><p>Party Dimensions Plastic 300 Count Cutlery Combo Box, Clear, Combo Box, Clear 300 Count</p><p> -25% 0FF </p><p>$14.99</p><a href="https://www.amazon.com/dp/B0053KMAMI?tag=eloabder-20&linkCode=osi&th=1&psc=1">View Product</a></div><div class="product"><a href="https://www.amazon.com/dp/B0CCMNPWGW?tag=eloabder-20&linkCode=osi&th=1&psc=1"><img src="https://m.media-amazon.com/images/I/41k5QSXXF8L._SL500_.jpg" alt="Product Image"></a><p>6 Pack Black Plastic Sheets 8x12x0.04 in Flexible High Tensile Plastic Sheets,Plastic Sheet Hard Plastic Sheet Black Plastic Panel for DIY Materials Handicrafts Home Decoration</p><p> -22% 0FF </p><p>$6.99</p><a href="https://www.amazon.com/dp/B0CCMNPWGW?tag=eloabder-20&linkCode=osi&th=1&psc=1">View Product</a></div><div class="product"><a href="https://www.amazon.com/dp/B085T6685R?tag=eloabder-20&linkCode=osi&th=1&psc=1"><img src="https://m.media-amazon.com/images/I/41RbX0YJ2PL._SL500_.jpg" alt="Product Image"></a><p>POSATE Heavy Weight Plastic Forks, Clear Disposable, 100 Count</p><p> -47% 0FF </p><p>$13.80</p><a href="https://www.amazon.com/dp/B085T6685R?tag=eloabder-20&linkCode=osi&th=1&psc=1">View Product</a></div><div class="product"><a href="https://www.amazon.com/dp/B0C1JMKHL4?tag=eloabder-20&linkCode=osi&th=1&psc=1"><img src="https://m.media-amazon.com/images/I/51vGnsuo0GL._SL500_.jpg" alt="Product Image"></a><p>MOACOCK 200 Count Plastic Silverware, Heavy Weight Plastic Forks Spoons Disposable Utensils Cutlery Set for Wedding Party Supplies Everyday Use</p><p> -7% 0FF </p><p>$12.99</p><a href="https://www.amazon.com/dp/B0C1JMKHL4?tag=eloabder-20&linkCode=osi&th=1&psc=1">View Product</a></div><div class="product"><a href="https://www.amazon.com/dp/B0CZHZ4VYY?tag=eloabder-20&linkCode=osi&th=1&psc=1"><img src="https://m.media-amazon.com/images/I/41NCRYSzzPL._SL500_.jpg" alt="Product Image"></a><p>Dealusy 100 Count Extra Heavy Duty Clear Plastic Knives Disposable, BPA-Free, Heat Resistant, Solid and Durable Disposable Knives Bulk, Premium Plastic Knives heavy duty for Party Supply</p><p> -31% 0FF </p><p>$8.99</p><a href="https://www.amazon.com/dp/B0CZHZ4VYY?tag=eloabder-20&linkCode=osi&th=1&psc=1">View Product</a></div><div class="product"><a href="https://www.amazon.com/dp/B00I9J3ACY?tag=eloabder-20&linkCode=osi&th=1&psc=1"><img src="https://m.media-amazon.com/images/I/51W96ohIwyL._SL500_.jpg" alt="Product Image"></a><p>Hefty Party On Disposable Plastic Cups, Red, 18 Ounce, 50 Count</p><p> -27% 0FF </p><p>$5.84 ($0.12 / Count)</p><a href="https://www.amazon.com/dp/B00I9J3ACY?tag=eloabder-20&linkCode=osi&th=1&psc=1">View Product</a></div>
<div class="product"><a href="https://www.amazon.com/dp/B08ZX4PNGL?tag=eloabder-20&linkCode=osi&th=1&psc=1"><img src="https://m.media-amazon.com/images/I/41qtw-wXhWL._SL500_.jpg" alt="Product Image"></a><p>Soil Moist SAP Water Storing Crystals Polymer Small Granular_20-100 mesh (1), White</p><p> -18% 0FF </p><p>$12.99 ($0.81 / Ounce)</p><a href="https://www.amazon.com/dp/B08ZX4PNGL?tag=eloabder-20&linkCode=osi&th=1&psc=1">View Product</a></div><div class="product"><a href="https://www.amazon.com/dp/B099KS2PDW?tag=eloabder-20&linkCode=osi&th=1&psc=1"><img src="https://m.media-amazon.com/images/I/51JgOs5PnML._SL500_.jpg" alt="Product Image"></a><p>Polymaker PLA PRO Filament 1.75mm, Tough & High Rigidity Black PLA Filament 1.75mm 1kg Cardboard Spool - PolyLite PLA PRO 3D Printer Filament 1.75mm, Print with Most 3D Printers Using 3D Filament</p><p> -14% 0FF </p><p>$24.99 ($0.71 / Ounce)</p><a href="https://www.amazon.com/dp/B099KS2PDW?tag=eloabder-20&linkCode=osi&th=1&psc=1">View Product</a></div><div class="product"><a href="https://www.amazon.com/dp/B0CK9D7FYJ?tag=eloabder-20&linkCode=osi&th=1&psc=1"><img src="https://m.media-amazon.com/images/I/51lrOOPPi4L._SL500_.jpg" alt="Product Image"></a><p>Scrub Daddy Color Sponge - Scratch-Free Multipurpose Dish Sponge Color Variety Pack - BPA Free & Made with Polymer Foam - Stain & Odor Resistant Kitchen Sponge (3 Count, 2 Pack)</p><p> -12% 0FF </p><p>$19.30 ($3.22 / Count)</p><a href="https://www.amazon.com/dp/B0CK9D7FYJ?tag=eloabder-20&linkCode=osi&th=1&psc=1">View Product</a></div><div class="product"><a href="https://www.amazon.com/dp/B00XXOFV2M?tag=eloabder-20&linkCode=osi&th=1&psc=1"><img src="https://m.media-amazon.com/images/I/31DpBHBqqxL._SL500_.jpg" alt="Product Image"></a><p>Intertape Polymer Group K2525P293 Central 260 Medium Duty Reinforced Water Activated Tape, 3" Width, 450' Length, FRAGILE, Pack of 10</p><p> -12% 0FF </p><p>$89.16 ($8.92 / Count)</p><a href="https://www.amazon.com/dp/B00XXOFV2M?tag=eloabder-20&linkCode=osi&th=1&psc=1">View Product</a></div><div class="product"><a href="https://www.amazon.com/dp/B0C6DNQF1H?tag=eloabder-20&linkCode=osi&th=1&psc=1"><img src="https://m.media-amazon.com/images/I/51lbJOfwjFL._SL500_.jpg" alt="Product Image"></a><p>DIYMAG Ceramic Round Magnets for Crafts 35 Packs with Adhesive Backing. 0.98Inch (25mm) Small Magnets Perfect for Fridge, DIY, Building, Scientific, Craft, and Office.Ôºà0.98 * 0.2Inch-35pÔºâ</p><p> -13% 0FF </p><p>$6.99 ($0.20 / Count)</p><a href="https://www.amazon.com/dp/B0C6DNQF1H?tag=eloabder-20&linkCode=osi&th=1&psc=1">View Product</a></div>
<div class="product"><a href="https://www.amazon.com/dp/B001TK0DSY?tag=eloabder-20&linkCode=osi&th=1&psc=1"><img src="https://m.media-amazon.com/images/I/41sY5CJF40L._SL500_.jpg" alt="Product Image"></a><p>Chemical Guys CWS_301_16 Citrus Wash & Gloss Foaming Car Wash Soap (Works with Foam Cannons, Foam Guns or Bucket Washes) Safe for Cars, Trucks, Motorcycles, RVs & More, 16 fl oz, Citrus Scent</p><p> -17% 0FF </p><p>$9.97 ($0.62 / Fl Oz)</p><a href="https://www.amazon.com/dp/B001TK0DSY?tag=eloabder-20&linkCode=osi&th=1&psc=1">View Product</a></div><div class="product"><a href="https://www.amazon.com/dp/B00HK95ZZY?tag=eloabder-20&linkCode=osi&th=1&psc=1"><img src="https://m.media-amazon.com/images/I/41ztWGvZpCL._SL500_.jpg" alt="Product Image"></a><p>SmartSign - U9-1214-NA_7x10 "Danger - Chemical Storage Area, Authorized Personnel Only" Sign | 7" x 10" Aluminum Black/Red on White</p><p> -16% 0FF </p><p>$10.93</p><a href="https://www.amazon.com/dp/B00HK95ZZY?tag=eloabder-20&linkCode=osi&th=1&psc=1">View Product</a></div>
<div class="product"><a href="https://www.amazon.com/dp/B0916KZ598?tag=eloabder-20&linkCode=osi&th=1&psc=1"><img src="https://m.media-amazon.com/images/I/510bNE6qm3L._SL500_.jpg" alt="Product Image"></a><p>Gorilla Max Strength Clear Construction Adhesive, 2.5 Ounce Squeeze Tube, Clear, (Pack of 1)</p><p> -11% 0FF </p><p>$7.97 ($3.19 / Fl Oz)</p><a href="https://www.amazon.com/dp/B0916KZ598?tag=eloabder-20&linkCode=osi&th=1&psc=1">View Product</a></div><div class="product"><a href="https://www.amazon.com/dp/B0BM27YSBB?tag=eloabder-20&linkCode=osi&th=1&psc=1"><img src="https://m.media-amazon.com/images/I/41j2z0sRK8L._SL500_.jpg" alt="Product Image"></a><p>Gorilla Heavy Duty Construction Adhesive, 7 Ounce Squeeze Tube, White, (Pack of 1)</p><p> -5% 0FF </p><p>$9.47 ($1.35 / Fl Oz)</p><a href="https://www.amazon.com/dp/B0BM27YSBB?tag=eloabder-20&linkCode=osi&th=1&psc=1">View Product</a></div><div class="product"><a href="https://www.amazon.com/dp/B07VNSXY31?tag=eloabder-20&linkCode=osi&th=1&psc=1"><img src="https://m.media-amazon.com/images/I/31AwF4uloCL._SL500_.jpg" alt="Product Image"></a><p>EZlifego Double Sided Tape Heavy Duty, Extra Large Nano Double Sided Adhesive Tape, Clear Mounting Tape Picture Hanging Adhesive Strips,Removable Wall Tape Sticky Poster Tape Decor Carpet Tape(9.85FT)</p><p> -20% 0FF </p><p>$11.99</p><a href="https://www.amazon.com/dp/B07VNSXY31?tag=eloabder-20&linkCode=osi&th=1&psc=1">View Product</a></div><div class="product"><a href="https://www.amazon.com/dp/B0006HUJCQ?tag=eloabder-20&linkCode=osi&th=1&psc=1"><img src="https://m.media-amazon.com/images/I/511pTqChTCL._SL500_.jpg" alt="Product Image"></a><p>Loctite 1364076 Super Glue Easy Squeeze Gel, .14 oz, Super Glue Liquid</p><p> -45% 0FF </p><p>$3.64 ($26.00 / Fl Oz)</p><a href="https://www.amazon.com/dp/B0006HUJCQ?tag=eloabder-20&linkCode=osi&th=1&psc=1">View Product</a></div><div class="product"><a href="https://www.amazon.com/dp/B000BQYHSY?tag=eloabder-20&linkCode=osi&th=1&psc=1"><img src="https://m.media-amazon.com/images/I/41jVQXZlyKL._SL500_.jpg" alt="Product Image"></a><p>Liquid Nails LN-700 4-Ounce Small Projects and Repairs Adhesive</p><p> -22% 0FF </p><p>$3.98 ($1.00 / Fl Oz)</p><a href="https://www.amazon.com/dp/B000BQYHSY?tag=eloabder-20&linkCode=osi&th=1&psc=1">View Product</a></div>
<div class="product"><a href="https://www.amazon.com/dp/B0002UEPVI?tag=eloabder-20&linkCode=osi&th=1&psc=1"><img src="https://m.media-amazon.com/images/I/41VgMnT8V8L._SL500_.jpg" alt="Product Image"></a><p>Permatex 80050 Clear RTV Silicone Adhesive Sealant, 3 oz</p><p> -28% 0FF </p><p>$5.04 ($1.68 / Ounce)</p><a href="https://www.amazon.com/dp/B0002UEPVI?tag=eloabder-20&linkCode=osi&th=1&psc=1">View Product</a></div><div class="product"><a href="https://www.amazon.com/dp/B01NCSN5AS?tag=eloabder-20&linkCode=osi&th=1&psc=1"><img src="https://m.media-amazon.com/images/I/41u1Bk8aMML._SL500_.jpg" alt="Product Image"></a><p>Gorilla Waterproof Caulk & Seal 100% Silicone Sealant, White, 10oz Cartridge (Pack of 1)</p><p> -10% 0FF </p><p>$9.84 ($0.98 / Ounce)</p><a href="https://www.amazon.com/dp/B01NCSN5AS?tag=eloabder-20&linkCode=osi&th=1&psc=1">View Product</a></div><div class="product"><a href="https://www.amazon.com/dp/B0B8QPH3RW?tag=eloabder-20&linkCode=osi&th=1&psc=1"><img src="https://m.media-amazon.com/images/I/31FmC2PDnsL._SL500_.jpg" alt="Product Image"></a><p>GE All Purpose Silicone Caulk - 100% Waterproof Silicone Sealant, Stronger Adhesion, Freeze & Sun Proof - 10 oz Cartridge, Clear, Pack of 1</p><p> -22% 0FF </p><p>$6.98</p><a href="https://www.amazon.com/dp/B0B8QPH3RW?tag=eloabder-20&linkCode=osi&th=1&psc=1">View Product</a></div><div class="product"><a href="https://www.amazon.com/dp/B000XBDJWC?tag=eloabder-20&linkCode=osi&th=1&psc=1"><img src="https://m.media-amazon.com/images/I/31O8FwTY5WL._SL500_.jpg" alt="Product Image"></a><p>3M Marine Adhesive Sealant 4000 UV, PN06580, White, 295 mL Cartridge, 10 Fl Oz (Pack of 1)</p><p> -15% 0FF </p><p>$18.75 ($1.88 / Fl Oz)</p><a href="https://www.amazon.com/dp/B000XBDJWC?tag=eloabder-20&linkCode=osi&th=1&psc=1">View Product</a></div><div class="product"><a href="https://www.amazon.com/dp/B01MQW8AEM?tag=eloabder-20&linkCode=osi&th=1&psc=1"><img src="https://m.media-amazon.com/images/I/31gdoMW-i8L._SL500_.jpg" alt="Product Image"></a><p>Gorilla 8050002 Clear Silicone Sealant, 1-Pack</p><p> -10% 0FF </p><p>$9.84 ($0.98 / Fl Oz)</p><a href="https://www.amazon.com/dp/B01MQW8AEM?tag=eloabder-20&linkCode=osi&th=1&psc=1">View Product</a></div>

<div class="product"><a href="https://www.amazon.com/dp/B004UICH5O?tag=eloabder-20&linkCode=osi&th=1&psc=1"><img src="https://m.media-amazon.com/images/I/5123T4CVtTL._SL500_.jpg" alt="Product Image"></a><p>Dynarex DynaLube Lubricating Jelly, Water Soluble and Sterile Lubricant Jelly, Used for Body Orifices, Hinged Instruments and Medical Devices, 1 Box of 144 DynaLube Packets, 2.7g</p><p> -5% 0FF </p><p>$12.49 ($0.09 / Count)</p><a href="https://www.amazon.com/dp/B004UICH5O?tag=eloabder-20&linkCode=osi&th=1&psc=1">View Product</a></div><div class="product"><a href="https://www.amazon.com/dp/B087ZHPVRW?tag=eloabder-20&linkCode=osi&th=1&psc=1"><img src="https://m.media-amazon.com/images/I/51My23RlqsL._SL500_.jpg" alt="Product Image"></a><p>3-IN-ONE Professional Garage Door Lubricant with Smart Straw Sprays 2 Ways, 11 OZ Twin Pack, 100584, Clear</p><p> -20% 0FF </p><p>$15.96 ($7.98 / Count)</p><a href="https://www.amazon.com/dp/B087ZHPVRW?tag=eloabder-20&linkCode=osi&th=1&psc=1">View Product</a></div><div class="product"><a href="https://www.amazon.com/dp/B07K323XYQ?tag=eloabder-20&linkCode=osi&th=1&psc=1"><img src="https://m.media-amazon.com/images/I/41Stkw4geDL._SL500_.jpg" alt="Product Image"></a><p>McKesson Lubricating Jelly Sterile 4 oz. Tube 1 Each 16-8919</p><p> -63% 0FF </p><p>$5.48 ($0.11 / Ounce)</p><a href="https://www.amazon.com/dp/B07K323XYQ?tag=eloabder-20&linkCode=osi&th=1&psc=1">View Product</a></div><div class="product"><a href="https://www.amazon.com/dp/B00AF0ODGM?tag=eloabder-20&linkCode=osi&th=1&psc=1"><img src="https://m.media-amazon.com/images/I/418phnGj-VL._SL500_.jpg" alt="Product Image"></a><p>WD-40 Specialist Dry Lube with SMART STRAW SPRAYS 2 WAYS, 10 OZ</p><p> -6% 0FF </p><p>$7.98 ($0.80 / Ounce)</p><a href="https://www.amazon.com/dp/B00AF0ODGM?tag=eloabder-20&linkCode=osi&th=1&psc=1">View Product</a></div><div class="product"><a href="https://www.amazon.com/dp/B0081JE0OO?tag=eloabder-20&linkCode=osi&th=1&psc=1"><img src="https://m.media-amazon.com/images/I/31YRFZU58NL._SL500_.jpg" alt="Product Image"></a><p>Super Lube 92003 Silicone Lubricating Grease with PTFE, 3 oz Tube, Translucent White</p><p> -34% 0FF </p><p>$11.80 ($3.93 / Ounce)</p><a href="https://www.amazon.com/dp/B0081JE0OO?tag=eloabder-20&linkCode=osi&th=1&psc=1">View Product</a></div><div class="product"><a href="https://www.amazon.com/dp/B000UKUHXK?tag=eloabder-20&linkCode=osi&th=1&psc=1"><img src="https://m.media-amazon.com/images/I/31PHNtI4eWL._SL500_.jpg" alt="Product Image"></a><p>Super Lube 51004 Synthetic Oil with PTFE, High Viscosity, 4 oz Bottle,Translucent white(Packaging may vary)</p><p> -27% 0FF </p><p>$7.82 ($1.96 / Fl Oz)</p><a href="https://www.amazon.com/dp/B000UKUHXK?tag=eloabder-20&linkCode=osi&th=1&psc=1">View Product</a></div>

<div class="product"><a href="https://www.amazon.com/dp/B0BRPQW3G9?tag=eloabder-20&linkCode=osi&th=1&psc=1"><img src="https://m.media-amazon.com/images/I/51TpMRJpWeL._SL500_.jpg" alt="Product Image"></a><p>JEGONFRI High Hardness Wood Screws Assortment Kit, 209 pcs, Phillips Drive Flat Head, Wood Screws, Screws, Drywall Screws, Assorted Screws, Screws Set, 6 Sizes (2‚Äù,1-1/2‚Äù,1-1/4‚Äù,1‚Äù,3/4‚Äù,1/2‚Äù)</p><p> -20% 0FF </p><p>$7.96</p><a href="https://www.amazon.com/dp/B0BRPQW3G9?tag=eloabder-20&linkCode=osi&th=1&psc=1">View Product</a></div><div class="product"><a href="https://www.amazon.com/dp/B0BHNK23GJ?tag=eloabder-20&linkCode=osi&th=1&psc=1"><img src="https://m.media-amazon.com/images/I/51ZAmhP99TL._SL500_.jpg" alt="Product Image"></a><p>KURUI Drywall Screws Assortment Kit, #6 Black Wood Screws for Drywall,165pcs Coarse Thread Sheetrock Screws Set, Phillips Drive Self Tapping Dry Wall Screws 4 Sizes 1",1-1/4",1-5/8",2"</p><p> -24% 0FF </p><p>$7.59 ($0.05 / Count)</p><a href="https://www.amazon.com/dp/B0BHNK23GJ?tag=eloabder-20&linkCode=osi&th=1&psc=1">View Product</a></div><div class="product"><a href="https://www.amazon.com/dp/B0D3HVHPXW?tag=eloabder-20&linkCode=osi&th=1&psc=1"><img src="https://m.media-amazon.com/images/I/51boObkp+HL._SL500_.jpg" alt="Product Image"></a><p>GVAKMM Drywall Screws Assortment Kit,#7 Black Wood Screws Set,160pcsÔºå5 Sizes(3'',2'',1-3/8'',1'',5/8''),Coarse Thread Phillips Drive Bugle Head Sharp Point,Ideal for Wood,Sheetrock and More</p><p> -13% 0FF </p><p>$6.99 ($0.58 / Ounce)</p><a href="https://www.amazon.com/dp/B0D3HVHPXW?tag=eloabder-20&linkCode=osi&th=1&psc=1">View Product</a></div>
<div class="product"><a href="https://www.amazon.com/dp/B09KS23KQ6?tag=eloabder-20&linkCode=osi&th=1&psc=1"><img src="https://m.media-amazon.com/images/I/41ZHEcuqY-L._SL500_.jpg" alt="Product Image"></a><p>Mr. Pen- Bolts, Nuts, and Washer Assortment Kit, 113 pcs, Nuts and Bolts Assortment Kit, Assorted Nuts and Bolts, Nut Bolt and Washer Assortment, Bolt and Nut Assortment</p><p> -24% 0FF </p><p>$6.85</p><a href="https://www.amazon.com/dp/B09KS23KQ6?tag=eloabder-20&linkCode=osi&th=1&psc=1">View Product</a></div><div class="product"><a href="https://www.amazon.com/dp/B076CVQZWG?tag=eloabder-20&linkCode=osi&th=1&psc=1"><img src="https://m.media-amazon.com/images/I/51LutRS-fXL._SL500_.jpg" alt="Product Image"></a><p>Jackson Palmer 2201 Piece Hardware Assortment Kit with Screws, Nuts, Bolts & Washers (3 Trays)‚Ä¶</p><p> -24% 0FF </p><p>$37.99</p><a href="https://www.amazon.com/dp/B076CVQZWG?tag=eloabder-20&linkCode=osi&th=1&psc=1">View Product</a></div><div class="product"><a href="https://www.amazon.com/dp/B0BC24J6SS?tag=eloabder-20&linkCode=osi&th=1&psc=1"><img src="https://m.media-amazon.com/images/I/517eaNxBNaL._SL500_.jpg" alt="Product Image"></a><p>720 Pcs Nuts and Bolts Assortment Kit, M3 M4 M5 Carbon Steel Screws Bolts and Nuts and Washers Assortment Set, Assorted Cross Pan Head Machine Screws Nuts and Bolts, with Storage Case</p><p> -10% 0FF </p><p>$8.98</p><a href="https://www.amazon.com/dp/B0BC24J6SS?tag=eloabder-20&linkCode=osi&th=1&psc=1">View Product</a></div><div class="product"><a href="https://www.amazon.com/dp/B0CF8NNVKQ?tag=eloabder-20&linkCode=osi&th=1&psc=1"><img src="https://m.media-amazon.com/images/I/61oepk6Ti8L._SL500_.jpg" alt="Product Image"></a><p>FOLIV 907pcs Grade 8.8 Metric Bolt Assortment, M4 M5 M6 M8 Heavy Duty Bolts and Nuts Kit, Yellow Zinc Plated, Length from 12-30mm</p><p> -20% 0FF </p><p>$35.19</p><a href="https://www.amazon.com/dp/B0CF8NNVKQ?tag=eloabder-20&linkCode=osi&th=1&psc=1">View Product</a></div>
<div class="product"><a href="https://www.amazon.com/dp/B0CP7D6KP4?tag=eloabder-20&linkCode=osi&th=1&psc=1"><img src="https://m.media-amazon.com/images/I/51R0Yv5C8aL._SL500_.jpg" alt="Product Image"></a><p>Dianrui 187PCS Metric Hex Nuts Assortment Kit, 9 Size 304 Stainless Steel Hex Nut M2 M2.5 M3 M4 M5 M6 M10 M12 Hexnut Set Hardware Nuts</p><p> -22% 0FF </p><p>$6.99</p><a href="https://www.amazon.com/dp/B0CP7D6KP4?tag=eloabder-20&linkCode=osi&th=1&psc=1">View Product</a></div><div class="product"><a href="https://www.amazon.com/dp/B002SA36AG?tag=eloabder-20&linkCode=osi&th=1&psc=1"><img src="https://m.media-amazon.com/images/I/51cZlQGUFRL._SL500_.jpg" alt="Product Image"></a><p>Dorman 6110761 Lug Nut (M12 x 1.25 Thread Size)</p><p> -45% 0FF </p><p>$3.49</p><a href="https://www.amazon.com/dp/B002SA36AG?tag=eloabder-20&linkCode=osi&th=1&psc=1">View Product</a></div><div class="product"><a href="https://www.amazon.com/dp/B07WCSW7HR?tag=eloabder-20&linkCode=osi&th=1&psc=1"><img src="https://m.media-amazon.com/images/I/51uxWdeYcjL._SL500_.jpg" alt="Product Image"></a><p>ECCPP 20 Pieces Wheel Lug Nuts M12x1.25 12mmx1.25 Wheel Lug Bolts Shank Length 28mm fits for 2015-2022 for Renegade |2018-2022 for Compass |2014-2022 for Cherokee</p><p> -28% 0FF </p><p>$14.47</p><a href="https://www.amazon.com/dp/B07WCSW7HR?tag=eloabder-20&linkCode=osi&th=1&psc=1">View Product</a></div><div class="product"><a href="https://www.amazon.com/dp/B0D1Y5PQ4K?tag=eloabder-20&linkCode=osi&th=1&psc=1"><img src="https://m.media-amazon.com/images/I/51SyHC67C5L._SL500_.jpg" alt="Product Image"></a><p>Quacc 20pcs M8 Nyloc Steel Nuts, Nylon Locknuts for Fastener, Nylon Inserted Hex Lock Nuts, Silver 304 Stainless Steel Self Locking Nuts for Bolts</p><p> -19% 0FF </p><p>$3.79 ($0.19 / Ounce)</p><a href="https://www.amazon.com/dp/B0D1Y5PQ4K?tag=eloabder-20&linkCode=osi&th=1&psc=1">View Product</a></div>
<div class="product"><a href="https://www.amazon.com/dp/B0BZYSSWY8?tag=eloabder-20&linkCode=osi&th=1&psc=1"><img src="https://m.media-amazon.com/images/I/419sIfP-AJL._SL500_.jpg" alt="Product Image"></a><p>1/4" x 1" Stainless Fender Washer,18-8 (304) Stainless Steel Flat Washer,1/4" ID x 1" OD x 0.078" Thick(40Pcs)</p><p> -31% 0FF </p><p>$6.19</p><a href="https://www.amazon.com/dp/B0BZYSSWY8?tag=eloabder-20&linkCode=osi&th=1&psc=1">View Product</a></div><div class="product"><a href="https://www.amazon.com/dp/B0BFJMK5QW?tag=eloabder-20&linkCode=osi&th=1&psc=1"><img src="https://m.media-amazon.com/images/I/51D9Ij56zKL._SL500_.jpg" alt="Product Image"></a><p>Fender Washers for Screws ‚Äî 225Pcs Washers Assortment, Washers for Bolts in 15 Different Sizes (M2 M2.5 M3 M4 M5 M6 M8 M10 M12)‚ÄîStainless Steel Washers for Home & Industrial Usage</p><p> -9% 0FF </p><p>$20.87 ($0.09 / Count)</p><a href="https://www.amazon.com/dp/B0BFJMK5QW?tag=eloabder-20&linkCode=osi&th=1&psc=1">View Product</a></div><div class="product"><a href="https://www.amazon.com/dp/B07K8W71N1?tag=eloabder-20&linkCode=osi&th=1&psc=1"><img src="https://m.media-amazon.com/images/I/412HYFMiQBL._SL500_.jpg" alt="Product Image"></a><p>100 Qty #8 Stainless Steel Countersunk Finish Washers | 304 SS Finishing Cup (BCP574)</p><p> -30% 0FF </p><p>$7.49 ($0.07 / Count)</p><a href="https://www.amazon.com/dp/B07K8W71N1?tag=eloabder-20&linkCode=osi&th=1&psc=1">View Product</a></div>
<div class="product"><a href="https://www.amazon.com/dp/B09V32CKNJ?tag=eloabder-20&linkCode=osi&th=1&psc=1"><img src="https://m.media-amazon.com/images/I/41MtaPf4TNL._SL500_.jpg" alt="Product Image"></a><p>KURUI 28Pcs Heavy Duty Hollow Wall Anchors for Drywall Ceiling, Toggle Bolts and Wing Nut Kit, Metal Drywall Anchors and Screws Assortment Set, 3 Sizes Butterfly Anchors (1/8in, 3/16in, 1/4in)</p><p> -23% 0FF </p><p>$9.99</p><a href="https://www.amazon.com/dp/B09V32CKNJ?tag=eloabder-20&linkCode=osi&th=1&psc=1">View Product</a></div><div class="product"><a href="https://www.amazon.com/dp/B07VS5QKBC?tag=eloabder-20&linkCode=osi&th=1&psc=1"><img src="https://m.media-amazon.com/images/I/41MIrlAQ6nL._SL500_.jpg" alt="Product Image"></a><p>HongWay 370pcs Plastic Drywall Wall Anchors Kit with Screws, Includes 5 Different Assorted Size Anchors and Screws</p><p> -17% 0FF </p><p>$14.99</p><a href="https://www.amazon.com/dp/B07VS5QKBC?tag=eloabder-20&linkCode=osi&th=1&psc=1">View Product</a></div>
<div class="product"><a href="https://www.amazon.com/dp/B0CY2YK7ZG?tag=eloabder-20&linkCode=osi&th=1&psc=1"><img src="https://m.media-amazon.com/images/I/51kBI181CNL._SL500_.jpg" alt="Product Image"></a><p>Linkup 600pcs 15 Sizes Pop Rivets Assortment Kit,Aluminum Rivets, Silver pop rivet set including 3/32" 1/8" 5/32" 3/16" 1/4" blind rivets for metal Dome Head rivet kit</p><p> -31% 0FF </p><p>$21.99</p><a href="https://www.amazon.com/dp/B0CY2YK7ZG?tag=eloabder-20&linkCode=osi&th=1&psc=1">View Product</a></div><div class="product"><a href="https://www.amazon.com/dp/B08J2NZK4D?tag=eloabder-20&linkCode=osi&th=1&psc=1"><img src="https://m.media-amazon.com/images/I/51iH27ON2BL._SL500_.jpg" alt="Product Image"></a><p>ISPINNER 385pcs 8 Sizes Aluminum Blind Rivets, Pop Rivets Assortment Kit (Silver)</p><p> -21% 0FF </p><p>$13.59</p><a href="https://www.amazon.com/dp/B08J2NZK4D?tag=eloabder-20&linkCode=osi&th=1&psc=1">View Product</a></div><div class="product"><a href="https://www.amazon.com/dp/B0BZ7WKC3V?tag=eloabder-20&linkCode=osi&th=1&psc=1"><img src="https://m.media-amazon.com/images/I/51fSy2j6lSL._SL500_.jpg" alt="Product Image"></a><p>SATANTECH 200PCS Black Rivets Pop Rivets Assortment Kit, Large flange Aluminum Rivets(1/8" 3/16" 1/4") Assorted Blind Rivets with Case</p><p> -16% 0FF </p><p>$21.77</p><a href="https://www.amazon.com/dp/B0BZ7WKC3V?tag=eloabder-20&linkCode=osi&th=1&psc=1">View Product</a></div><div class="product"><a href="https://www.amazon.com/dp/B0CWR7K9P2?tag=eloabder-20&linkCode=osi&th=1&psc=1"><img src="https://m.media-amazon.com/images/I/512Gp89+ScL._SL500_.jpg" alt="Product Image"></a><p>Zuorery 500pcs Pop Rivets Assortment Kit, 14 Sizes Aluminum Blind Rivets (3/32" 1/8" 5/32" 3/16") Assorted Blind Rivets</p><p> -6% 0FF </p><p>$12.99</p><a href="https://www.amazon.com/dp/B0CWR7K9P2?tag=eloabder-20&linkCode=osi&th=1&psc=1">View Product</a></div>
<div class="product"><a href="https://www.amazon.com/dp/B0CNC3WJ58?tag=eloabder-20&linkCode=osi&th=1&psc=1"><img src="https://m.media-amazon.com/images/I/41MDnQ+2C5L._SL500_.jpg" alt="Product Image"></a><p>Eujqo Nails for Hanging Pictures Small Nails Picture Hanging Nails 700Pcs Finishing Nails Hardware Nails for Wall Wood Nails</p><p> -50% 0FF </p><p>$3.99</p><a href="https://www.amazon.com/dp/B0CNC3WJ58?tag=eloabder-20&linkCode=osi&th=1&psc=1">View Product</a></div><div class="product"><a href="https://www.amazon.com/dp/B08BJC6MJC?tag=eloabder-20&linkCode=osi&th=1&psc=1"><img src="https://m.media-amazon.com/images/I/414ssEUuJRL._SL500_.jpg" alt="Product Image"></a><p>Mr. Pen- Nail Assortment Kit, 600 Pcs, 4 Sizes, Silver, Small Nails for Hanging Pictures, Finishing Nails, Gold Wall Nails for Hanging, Pin Nails, Hardware Nails, Assorted Nails, Galvanized Nails</p><p> -54% 0FF </p><p>$5.99</p><a href="https://www.amazon.com/dp/B08BJC6MJC?tag=eloabder-20&linkCode=osi&th=1&psc=1">View Product</a></div><div class="product"><a href="https://www.amazon.com/dp/B0BSH3P97Y?tag=eloabder-20&linkCode=osi&th=1&psc=1"><img src="https://m.media-amazon.com/images/I/515eMwXqY0L._SL500_.jpg" alt="Product Image"></a><p>KURUI 700pcs Hardware Nails for Hanging Pictures Assorted Kit, Up to 2"-Long Picture Hanging Nails for Wall Drywall Wood, Finish Nails Assortment Kit, 640 Frame Nails and 60 Small Finishing Nails</p><p> -36% 0FF </p><p>$6.38</p><a href="https://www.amazon.com/dp/B0BSH3P97Y?tag=eloabder-20&linkCode=osi&th=1&psc=1">View Product</a></div><div class="product"><a href="https://www.amazon.com/dp/B089FLMFPB?tag=eloabder-20&linkCode=osi&th=1&psc=1"><img src="https://m.media-amazon.com/images/I/51p5T9Cef4L._SL500_.jpg" alt="Product Image"></a><p>376pcs Premium Hardware Nails Assortment Kit, Maximum Length 2 Inches Galvanized Nails, Picture Hanging Nails, Wood Nails, Wall Nails with Storage Box | 6 Sizes</p><p> -30% 0FF </p><p>$6.99</p><a href="https://www.amazon.com/dp/B089FLMFPB?tag=eloabder-20&linkCode=osi&th=1&psc=1">View Product</a></div><div class="product"><a href="https://www.amazon.com/dp/B0B3CFCZGW?tag=eloabder-20&linkCode=osi&th=1&psc=1"><img src="https://m.media-amazon.com/images/I/51rr+Y77q0L._SL500_.jpg" alt="Product Image"></a><p>6 Sizes Gold Hardware Nails Assortment Kit, 358pcs, Brass Plated, Nails for Hanging Pictures, Finishing Nails, Wood Nails, Wall Nails for Hanging (3‚Äù, 2‚Äù, 1-1/2‚Äù, 1-1/4", 1‚Äù, 3/4")</p><p> -25% 0FF </p><p>$8.98</p><a href="https://www.amazon.com/dp/B0B3CFCZGW?tag=eloabder-20&linkCode=osi&th=1&psc=1">View Product</a></div>
<div class="product"><a href="https://www.amazon.com/dp/B0BDBJJQJR?tag=eloabder-20&linkCode=osi&th=1&psc=1"><img src="https://m.media-amazon.com/images/I/41iMq4y4RWL._SL500_.jpg" alt="Product Image"></a><p>Standard Chisel Point Staples, 0.25" Leg, 0.5" Crown, Steel, 5,000/Box, 5 Boxes/Pack, 25,000/Pack</p><p> -18% 0FF </p><p>$11.80</p><a href="https://www.amazon.com/dp/B0BDBJJQJR?tag=eloabder-20&linkCode=osi&th=1&psc=1">View Product</a></div><div class="product"><a href="https://www.amazon.com/dp/B0052ECDD6?tag=eloabder-20&linkCode=osi&th=1&psc=1"><img src="https://m.media-amazon.com/images/I/41miIfkguxL._SL500_.jpg" alt="Product Image"></a><p>BOSTITCH BTA706-5C Heavy Duty Construction Staples, 3/8 x 2/5-Inch, 5000-Pack</p><p> -21% 0FF </p><p>$10.48 ($0.00 / Count)</p><a href="https://www.amazon.com/dp/B0052ECDD6?tag=eloabder-20&linkCode=osi&th=1&psc=1">View Product</a></div><div class="product"><a href="https://www.amazon.com/dp/B00004Z2HC?tag=eloabder-20&linkCode=osi&th=1&psc=1"><img src="https://m.media-amazon.com/images/I/51vaslx65UL._SL500_.jpg" alt="Product Image"></a><p>Arrow 215 JT21 Thin Wire Staples for Staple Guns and Staplers, Use for Upholstery, Crafts, General Repairs, 5/16-Inch Leg Length, 7/16-Inch Crown Width, 1000-Pack</p><p> -35% 0FF </p><p>$4.97</p><a href="https://www.amazon.com/dp/B00004Z2HC?tag=eloabder-20&linkCode=osi&th=1&psc=1">View Product</a></div><div class="product"><a href="https://www.amazon.com/dp/B09VP4YTPQ?tag=eloabder-20&linkCode=osi&th=1&psc=1"><img src="https://m.media-amazon.com/images/I/41WvD-VnynL._SL500_.jpg" alt="Product Image"></a><p>OMOTOOL Steel Wire Fencing Staples (200 pcs), Galvanized U-shaped fasteners Nails for Wire Mesh and Woven Fencing</p><p> -30% 0FF </p><p>$6.98</p><a href="https://www.amazon.com/dp/B09VP4YTPQ?tag=eloabder-20&linkCode=osi&th=1&psc=1">View Product</a></div>
<div class="product"><a href="https://www.amazon.com/dp/B08N6DYNKQ?tag=eloabder-20&linkCode=osi&th=1&psc=1"><img src="https://m.media-amazon.com/images/I/51oGt2PvPLL._SL500_.jpg" alt="Product Image"></a><p>Mixiflor 20 Pcs 5 Sizes 60/80/120/240 Grits Abrasive Flap Wheel Sander, 1/4 Inch Shank Flap Wheels for Drill, Die Grinder Flap Wheel,Flap Wheel Sander for Drill</p><p> -15% 0FF </p><p>$22.99</p><a href="https://www.amazon.com/dp/B08N6DYNKQ?tag=eloabder-20&linkCode=osi&th=1&psc=1">View Product</a></div>
<div class="product"><a href="https://www.amazon.com/dp/B0B5GHT937?tag=eloabder-20&linkCode=osi&th=1&psc=1"><img src="https://m.media-amazon.com/images/I/51LBYzTtFqL._SL500_.jpg" alt="Product Image"></a><p>SALI 25 Pack 4-1/2 Inch Grinding Wheels for General Purpose Metal & Stainless Steel, Aluminum Oxide Grinding Disc for Angle Grinder, Depressed Center 4.5" * 1/4" * 7/8"(115 * 6.0 * 22.2 mm)</p><p> -9% 0FF </p><p>$26.49</p><a href="https://www.amazon.com/dp/B0B5GHT937?tag=eloabder-20&linkCode=osi&th=1&psc=1">View Product</a></div><div class="product"><a href="https://www.amazon.com/dp/B00002246K?tag=eloabder-20&linkCode=osi&th=1&psc=1"><img src="https://m.media-amazon.com/images/I/51cqvp+fIGL._SL500_.jpg" alt="Product Image"></a><p>DEWALT DW4514 1/4" Thick Grinding Wheel with 4-1/2" Diameter and 7/8" Arbor</p><p> -46% 0FF </p><p>$1.65</p><a href="https://www.amazon.com/dp/B00002246K?tag=eloabder-20&linkCode=osi&th=1&psc=1">View Product</a></div><div class="product"><a href="https://www.amazon.com/dp/B07SQP8JGR?tag=eloabder-20&linkCode=osi&th=1&psc=1"><img src="https://m.media-amazon.com/images/I/51M3TdMS3OL._SL500_.jpg" alt="Product Image"></a><p>KSEIBI 651006 Grinding Wheels 25-Pack, Aluminum Oxide Discs for Metal & Stainless Steel, 4-1/2" x 1/4" x 7/8", Aggressive Grinding for Angle Grinders, Depressed Center Design</p><p> -6% 0FF </p><p>$26.99</p><a href="https://www.amazon.com/dp/B07SQP8JGR?tag=eloabder-20&linkCode=osi&th=1&psc=1">View Product</a></div><div class="product"><a href="https://www.amazon.com/dp/B00004RH8I?tag=eloabder-20&linkCode=osi&th=1&psc=1"><img src="https://m.media-amazon.com/images/I/6113QduJyJL._SL500_.jpg" alt="Product Image"></a><p>DEWALT Grinding Wheel, General Purpose for Metal, 4-1/2-Inch x 1/4-Inch x 5/8-Inch (DW4523)</p><p> -40% 0FF </p><p>$2.92</p><a href="https://www.amazon.com/dp/B00004RH8I?tag=eloabder-20&linkCode=osi&th=1&psc=1">View Product</a></div><div class="product"><a href="https://www.amazon.com/dp/B0791MGN72?tag=eloabder-20&linkCode=osi&th=1&psc=1"><img src="https://m.media-amazon.com/images/I/51LQaKOgppL._SL500_.jpg" alt="Product Image"></a><p>BHA Depressed Center Metal Grinding Wheels for Angle Grinders, 4.5‚Äù x 1/4‚Äù x 7/8‚Äù - 5 Pack</p><p> -15% 0FF </p><p>$16.99</p><a href="https://www.amazon.com/dp/B0791MGN72?tag=eloabder-20&linkCode=osi&th=1&psc=1">View Product</a></div><div class="product"><a href="https://www.amazon.com/dp/B09TSV5SP9?tag=eloabder-20&linkCode=osi&th=1&psc=1"><img src="https://m.media-amazon.com/images/I/61w4UIIWQdL._SL500_.jpg" alt="Product Image"></a><p>PRETEC 26 Packs Angle Grinder Cutting Flap Grinding Disc Wheel 4 1/2in Inches - 20 Packs 4.5"x1/4"x7/8" Cut off Wheels,3 Packs 4.5"x7/8" 60 Grit Flap Discs, 3 Packs 4.5"x1/25"x7/8" Grinding Wheels</p><p> -8% 0FF </p><p>$22.99</p><a href="https://www.amazon.com/dp/B09TSV5SP9?tag=eloabder-20&linkCode=osi&th=1&psc=1">View Product</a></div><div class="product"><a href="https://www.amazon.com/dp/B07FT71TLC?tag=eloabder-20&linkCode=osi&th=1&psc=1"><img src="https://m.media-amazon.com/images/I/51-wpozOUIL._SL500_.jpg" alt="Product Image"></a><p>NEIKO 11142A 10 Pack Zirconia Flap Discs 4-1/2 for Angle Grinder, 40 Grit Flapper Wheel, Angled T29 Grinding Wheel 4.5 Inch Flap Disc, 7/8" Arbor Grinding Disc, Flap Wheel for Wood & Metal Sanding</p><p> -19% 0FF </p><p>$17.07</p><a href="https://www.amazon.com/dp/B07FT71TLC?tag=eloabder-20&linkCode=osi&th=1&psc=1">View Product</a></div>
<div class="product"><a href="https://www.amazon.com/dp/B0956S39GC?tag=eloabder-20&linkCode=osi&th=1&psc=1"><img src="https://m.media-amazon.com/images/I/51mP1FW0pIL._SL500_.jpg" alt="Product Image"></a><p>Truswe Cut Off Wheels 52 Pack,4 1/2 Inch,0.45 USD/Pack,Metal and Stainless Steel Cutting Wheel for Angle Grinder,Ultra Thin Cut-Off Wheel Cutting Disc (52 PCS 4-1/2 x .045 x 7/8 inch Cut Off Wheels)</p><p> -26% 0FF </p><p>$24.29</p><a href="https://www.amazon.com/dp/B0956S39GC?tag=eloabder-20&linkCode=osi&th=1&psc=1">View Product</a></div><div class="product"><a href="https://www.amazon.com/dp/B07WGSK4V7?tag=eloabder-20&linkCode=osi&th=1&psc=1"><img src="https://m.media-amazon.com/images/I/510MTzQR9sL._SL500_.jpg" alt="Product Image"></a><p>WORKPRO 20-Pack Cut-Off Wheels, 4-1/2 x 7/8-inch Metal&Stainless Steel Cutting Wheel, Thin Metal Cutting Disc for Angle Grinder</p><p> -6% 0FF </p><p>$15.99</p><a href="https://www.amazon.com/dp/B07WGSK4V7?tag=eloabder-20&linkCode=osi&th=1&psc=1">View Product</a></div><div class="product"><a href="https://www.amazon.com/dp/B08C7F9CVS?tag=eloabder-20&linkCode=osi&th=1&psc=1"><img src="https://m.media-amazon.com/images/I/51KoNeHcHyL._SL500_.jpg" alt="Product Image"></a><p>EZARC Diamond Cutting Wheel 4 1/2 x 7/8 Inch for Metal, Cut Off Wheel with 5000+ Cuts on Rebar, Steel, Iron and INOX</p><p> -11% 0FF </p><p>$16.97</p><a href="https://www.amazon.com/dp/B08C7F9CVS?tag=eloabder-20&linkCode=osi&th=1&psc=1">View Product</a></div><div class="product"><a href="https://www.amazon.com/dp/B08FR63K33?tag=eloabder-20&linkCode=osi&th=1&psc=1"><img src="https://m.media-amazon.com/images/I/51Js3m5R8aL._SL500_.jpg" alt="Product Image"></a><p>50 Pack Cut Off Wheels 4 1/2 inch Thin Metal & Stainless Steel Cutting Wheel, Professional Fast Cutting Disc for Angle Grinder</p><p> -20% 0FF </p><p>$26.49</p><a href="https://www.amazon.com/dp/B08FR63K33?tag=eloabder-20&linkCode=osi&th=1&psc=1">View Product</a></div>
<div class="product"><a href="https://www.amazon.com/dp/B01K22Q9R8?tag=eloabder-20&linkCode=osi&th=1&psc=1"><img src="https://m.media-amazon.com/images/I/41VcU0uPlLL._SL500_.jpg" alt="Product Image"></a><p>42 Pcs Wet Dry Sandpaper 120 to 3000 Grit Assortment 9 * 3.6 Inches Abrasive Paper Sheets for Automotive Sanding Wood Furniture Finishing</p><p> -11% 0FF </p><p>$7.99 ($0.19 / Count)</p><a href="https://www.amazon.com/dp/B01K22Q9R8?tag=eloabder-20&linkCode=osi&th=1&psc=1">View Product</a></div><div class="product"><a href="https://www.amazon.com/dp/B0894N7QT2?tag=eloabder-20&linkCode=osi&th=1&psc=1"><img src="https://m.media-amazon.com/images/I/51Rfp3gQTWL._SL500_.jpg" alt="Product Image"></a><p>100PCS 5 Inch 8 Holes Sanding Discs 60 120 240 400 600 800 1000 1200 1500 2000 Grit Sandpaper Sander Round Sand Paper (100pcs 60-2000 grit)</p><p> -24% 0FF </p><p>$12.99</p><a href="https://www.amazon.com/dp/B0894N7QT2?tag=eloabder-20&linkCode=osi&th=1&psc=1">View Product</a></div><div class="product"><a href="https://www.amazon.com/dp/B07HHY6MKY?tag=eloabder-20&linkCode=osi&th=1&psc=1"><img src="https://m.media-amazon.com/images/I/41QDuvYCQlL._SL500_.jpg" alt="Product Image"></a><p>WORKPRO 150-piece Sanding Discs Set - 5-Inch 8-Hole Sandpaper 10 Grades Include 60, 80, 100, 120, 150,180, 240, 320, 400, 600 Grits for Random Orbital Sander(Not for Oscillating Tools or Mouse Sander)</p><p> -20% 0FF </p><p>$19.99 ($0.13 / Count)</p><a href="https://www.amazon.com/dp/B07HHY6MKY?tag=eloabder-20&linkCode=osi&th=1&psc=1">View Product</a></div><div class="product"><a href="https://www.amazon.com/dp/B09X6DY6RW?tag=eloabder-20&linkCode=osi&th=1&psc=1"><img src="https://m.media-amazon.com/images/I/41rifda9wbL._SL500_.jpg" alt="Product Image"></a><p>Afruxy 4 Pack Extra Fine Sanding Block, Washable and Reusable Sanding Sponge for Wood Drywall Metal Glasses Coarse/Medium/Fine/Superfine in 60/80/120/220 Grit Sandpaper Block Sand Paper Brick</p><p> -25% 0FF </p><p>$8.99 ($2.25 / Count)</p><a href="https://www.amazon.com/dp/B09X6DY6RW?tag=eloabder-20&linkCode=osi&th=1&psc=1">View Product</a></div>
<div class="product"><a href="https://www.amazon.com/dp/B07CH6QNCV?tag=eloabder-20&linkCode=osi&th=1&psc=1"><img src="https://m.media-amazon.com/images/I/413Vmyc4FPL._SL500_.jpg" alt="Product Image"></a><p>VASTOOLS Welding Chipping Hammer with Coil Spring Handle,10.5",Cone and Vertical Chisel/ 10" Wire Brush(Free), Black</p><p> -18% 0FF </p><p>$13.99</p><a href="https://www.amazon.com/dp/B07CH6QNCV?tag=eloabder-20&linkCode=osi&th=1&psc=1">View Product</a></div><div class="product"><a href="https://www.amazon.com/dp/B0D6QRJJ4R?tag=eloabder-20&linkCode=osi&th=1&psc=1"><img src="https://m.media-amazon.com/images/I/41KF4m4nNfL._SL500_.jpg" alt="Product Image"></a><p>120A MIG Welding Machine, 110V/220V Flux Core Welder/Lift TIG/Stick Welder 3 in 1, Portable Gasless Welder with IGBT Inverter, Welding Gun & Welding Wire, Weld Kit for Aluminum, Metal</p><p> -56% 0FF </p><p>$69.99</p><a href="https://www.amazon.com/dp/B0D6QRJJ4R?tag=eloabder-20&linkCode=osi&th=1&psc=1">View Product</a></div>
<div class="product"><a href="https://www.amazon.com/dp/B09YGXKZC1?tag=eloabder-20&linkCode=osi&th=1&psc=1"><img src="https://m.media-amazon.com/images/I/417vPDmhw0L._SL500_.jpg" alt="Product Image"></a><p>ARCCAPTAIN Stick Welder, [Large LED Display] 200A ARC/Lift TIG Welding Machine with Synergic Control, IGBT Inverter 110V/220V Portable MMA Welder Machine with Hot Start, Arc force and Anti-Stick</p><p> -31% 0FF </p><p>$116.63</p><a href="https://www.amazon.com/dp/B09YGXKZC1?tag=eloabder-20&linkCode=osi&th=1&psc=1">View Product</a></div><div class="product"><a href="https://www.amazon.com/dp/B0D9LDRJV7?tag=eloabder-20&linkCode=osi&th=1&psc=1"><img src="https://m.media-amazon.com/images/I/51o3VwWmuzL._SL500_.jpg" alt="Product Image"></a><p>AwxryoX Portable Handheld Welding Machine, 110V 140Amp Upgraded Maquina de Soldar with IGBT Inverter 6 Variable Current, Soldadora Welding Tool Set with 3/32"-1/8" Welding Rod & Protective Gloves</p><p> -25% 0FF </p><p>$89.99</p><a href="https://www.amazon.com/dp/B0D9LDRJV7?tag=eloabder-20&linkCode=osi&th=1&psc=1">View Product</a></div><div class="product"><a href="https://www.amazon.com/dp/B09WDGL3GQ?tag=eloabder-20&linkCode=osi&th=1&psc=1"><img src="https://m.media-amazon.com/images/I/518jYZZcNhL._SL500_.jpg" alt="Product Image"></a><p>Welding Machine, Upgraded MMA-250A 110V Welder Machine,Portable Stick Welder IGBT Digital Display LCD,Home DIY Arc Welder,Hot Start Arc Force Anti-stick Mini Welder</p><p> -14% 0FF </p><p>$67.79</p><a href="https://www.amazon.com/dp/B09WDGL3GQ?tag=eloabder-20&linkCode=osi&th=1&psc=1">View Product</a></div><div class="product"><a href="https://www.amazon.com/dp/B0BR8TS34Y?tag=eloabder-20&linkCode=osi&th=1&psc=1"><img src="https://m.media-amazon.com/images/I/51NzsbTpmyL._SL500_.jpg" alt="Product Image"></a><p>Welding machine handheld | 110V IGBT Digital Stick WelderÔºåPortable welder machine with Complete Accessory Set & Carrying Case</p><p> -50% 0FF </p><p>$49.99</p><a href="https://www.amazon.com/dp/B0BR8TS34Y?tag=eloabder-20&linkCode=osi&th=1&psc=1">View Product</a></div><div class="product"><a href="https://www.amazon.com/dp/B0BN81636G?tag=eloabder-20&linkCode=osi&th=1&psc=1"><img src="https://m.media-amazon.com/images/I/41q0oXAoP1L._SL500_.jpg" alt="Product Image"></a><p>AZZUNO MIG Welder,Flux Core Welder Machine 110V 130Amp, Gasless MIG Welding Machine IGBT Inverter Welder Portable Wire Feed Welder (110V)</p><p> -21% 0FF </p><p>$85.99</p><a href="https://www.amazon.com/dp/B0BN81636G?tag=eloabder-20&linkCode=osi&th=1&psc=1">View Product</a></div>
<div class="product"><a href="https://www.amazon.com/dp/B07MKRYWMD?tag=eloabder-20&linkCode=osi&th=1&psc=1"><img src="https://m.media-amazon.com/images/I/31nmFb6CayL._SL500_.jpg" alt="Product Image"></a><p>Hobart 770890 Auto-Darkening Welding Helmet, Large, Black</p><p> -10% 0FF </p><p>$98.99</p><a href="https://www.amazon.com/dp/B07MKRYWMD?tag=eloabder-20&linkCode=osi&th=1&psc=1">View Product</a></div><div class="product"><a href="https://www.amazon.com/dp/B07V9G94NK?tag=eloabder-20&linkCode=osi&th=1&psc=1"><img src="https://m.media-amazon.com/images/I/31SAUhqpDZL._SL500_.jpg" alt="Product Image"></a><p>Lincoln Electric K3034-4 VIKING 3350 Auto Darkening Welding Helmet with 4C Lens Technology, Matte Black, extra large</p><p> -29% 0FF </p><p>$357.99</p><a href="https://www.amazon.com/dp/B07V9G94NK?tag=eloabder-20&linkCode=osi&th=1&psc=1">View Product</a></div><div class="product"><a href="https://www.amazon.com/dp/B0BYXPR9F3?tag=eloabder-20&linkCode=osi&th=1&psc=1"><img src="https://m.media-amazon.com/images/I/51ggHp1dC3L._SL500_.jpg" alt="Product Image"></a><p>TOOLIOM Welding Helmet Solar Power Auto Darkening Welding Helmet Adjustable Shade Range for MIG TIG Stick Welder Mask Blue Eagle</p><p> -13% 0FF </p><p>$27.99</p><a href="https://www.amazon.com/dp/B0BYXPR9F3?tag=eloabder-20&linkCode=osi&th=1&psc=1">View Product</a></div><div class="product"><a href="https://www.amazon.com/dp/B0BV6RYWV9?tag=eloabder-20&linkCode=osi&th=1&psc=1"><img src="https://m.media-amazon.com/images/I/41HBwMbwbaL._SL500_.jpg" alt="Product Image"></a><p>ARCCAPTAIN Welding Helmet Auto Darkening, 3.94"X3.66" Large Viewing Screen True Color Welding Hood with 4 Arc Sensor Solar Powered, Wide Shade 4-5/5-9/9-13 for ARC TIG MIG Welding Helmets for Men</p><p> -17% 0FF </p><p>$59.99</p><a href="https://www.amazon.com/dp/B0BV6RYWV9?tag=eloabder-20&linkCode=osi&th=1&psc=1">View Product</a></div>
<div class="product"><a href="https://www.amazon.com/dp/B07RX7TNBY?tag=eloabder-20&linkCode=osi&th=1&psc=1"><img src="https://m.media-amazon.com/images/I/417ep0UH1cL._SL500_.jpg" alt="Product Image"></a><p>WZQH 16 Inches,932‚Ñâ,Leather Forge Welding Gloves, Heat/Fire Resistant,Mitts for BBQ,Oven,Grill,Fireplace,Tig,Mig,Baking,Furnace,Stove,Pot Holder,Animal Handling Glove.Black-gray</p><p> -32% 0FF </p><p>$19.74 ($19.74 / Count)</p><a href="https://www.amazon.com/dp/B07RX7TNBY?tag=eloabder-20&linkCode=osi&th=1&psc=1">View Product</a></div><div class="product"><a href="https://www.amazon.com/dp/B00IYX04YC?tag=eloabder-20&linkCode=osi&th=1&psc=1"><img src="https://m.media-amazon.com/images/I/51vjm0ZOsgL._SL500_.jpg" alt="Product Image"></a><p>Lincoln Electric Leather Welding Gloves KH641, Premium Hand Protection from Welder and Cutting Torch Heat, Commercial Quality, Cotton Lined, Gauntlet Cuff, Unisex, Grey, One Size</p><p> -5% 0FF </p><p>$18.98</p><a href="https://www.amazon.com/dp/B00IYX04YC?tag=eloabder-20&linkCode=osi&th=1&psc=1">View Product</a></div><div class="product"><a href="https://www.amazon.com/dp/B078FMLJSW?tag=eloabder-20&linkCode=osi&th=1&psc=1"><img src="https://m.media-amazon.com/images/I/41cO-Y-5sjL._SL500_.jpg" alt="Product Image"></a><p>Revco GM1611 Top Grain Leather Cowhide MIG Welding Gloves with Reinforced Palm & Thumb & Index Finger, Seamless Forefinger, 5" Cuff for Extra Protection (Medium)</p><p> -7% 0FF </p><p>$27.99</p><a href="https://www.amazon.com/dp/B078FMLJSW?tag=eloabder-20&linkCode=osi&th=1&psc=1">View Product</a></div>
<div class="product"><a href="https://www.amazon.com/dp/B07W41G6P3?tag=eloabder-20&linkCode=osi&th=1&psc=1"><img src="https://m.media-amazon.com/images/I/51FnU0Vr4ZL._SL500_.jpg" alt="Product Image"></a><p>YESWELDER Flux Core Gasless Mig Wire, Mild Steel E71TGS .030-Diameter, 2-Pound Strong ABS Plastic Spool</p><p> -30% 0FF </p><p>$15.99</p><a href="https://www.amazon.com/dp/B07W41G6P3?tag=eloabder-20&linkCode=osi&th=1&psc=1">View Product</a></div><div class="product"><a href="https://www.amazon.com/dp/B0BRCT2NLM?tag=eloabder-20&linkCode=osi&th=1&psc=1"><img src="https://m.media-amazon.com/images/I/412YtbTwWWL._SL500_.jpg" alt="Product Image"></a><p>0.035 flux core welding wire, 3 Spools E71T-GS Low Splatter gasless Carbon Steel Mig Welding Wire Compatible With HF Fourney Harbor Welder(3 PACK)</p><p> -9% 0FF </p><p>$29.99</p><a href="https://www.amazon.com/dp/B0BRCT2NLM?tag=eloabder-20&linkCode=osi&th=1&psc=1">View Product</a></div><div class="product"><a href="https://www.amazon.com/dp/B003XKH71O?tag=eloabder-20&linkCode=osi&th=1&psc=1"><img src="https://m.media-amazon.com/images/I/51aO46a0SrL._SL500_.jpg" alt="Product Image"></a><p>INEFIL ER70S-6 .030-Inch on 10-Pound Spool Carbon Steel Mig Solid Welding Wire</p><p> -24% 0FF </p><p>$25.05 ($0.16 / Ounce)</p><a href="https://www.amazon.com/dp/B003XKH71O?tag=eloabder-20&linkCode=osi&th=1&psc=1">View Product</a></div><div class="product"><a href="https://www.amazon.com/dp/B00F429SZM?tag=eloabder-20&linkCode=osi&th=1&psc=1"><img src="https://m.media-amazon.com/images/I/41BHKwqBRIL._SL500_.jpg" alt="Product Image"></a><p>Blue Demon E71TGS X .035‚Äù X 2 LB MIG/GMAW Gasless Flux Core Carbon Steel Welding Wire, All Position, Easy Slag Removal, Formulated To Provide Porosity-Free, X-Ray Quality Welds</p><p> -30% 0FF </p><p>$11.91</p><a href="https://www.amazon.com/dp/B00F429SZM?tag=eloabder-20&linkCode=osi&th=1&psc=1">View Product</a></div><div class="product"><a href="https://www.amazon.com/dp/B01I82OSC2?tag=eloabder-20&linkCode=osi&th=1&psc=1"><img src="https://m.media-amazon.com/images/I/41QrzqdrCEL._SL500_.jpg" alt="Product Image"></a><p>Lincoln Electric MIG Welding Wire, NR-211-MP, .035, Spool, Model: ED030584 (Pack of 3)</p><p> -6% 0FF </p><p>$46.99 ($15.66 / Count)</p><a href="https://www.amazon.com/dp/B01I82OSC2?tag=eloabder-20&linkCode=osi&th=1&psc=1">View Product</a></div><div class="product"><a href="https://www.amazon.com/dp/B09YYCRKR2?tag=eloabder-20&linkCode=osi&th=1&psc=1"><img src="https://m.media-amazon.com/images/I/51DpQ1PI8pL._SL500_.jpg" alt="Product Image"></a><p>ARCCAPTAIN Flux Core Welding Wire .030, E71T-GS Mig Welding Wire 2-Pound Spool Gasless Mild Carbon Steel Compatible With Lincoln Miller Forney Harbor Welder</p><p> -8% 0FF </p><p>$16.99</p><a href="https://www.amazon.com/dp/B09YYCRKR2?tag=eloabder-20&linkCode=osi&th=1&psc=1">View Product</a></div><div class="product"><a href="https://www.amazon.com/dp/B09DYCK78H?tag=eloabder-20&linkCode=osi&th=1&psc=1"><img src="https://m.media-amazon.com/images/I/41umOmMUkzL._SL500_.jpg" alt="Product Image"></a><p>TOOLIOM ER70S-6 .030"(0.8 mm) Mild Steel Mig Solid Welding Wire on 10-Pound Spool for TL-200M TL-250M Pro</p><p> -7% 0FF </p><p>$27.99</p><a href="https://www.amazon.com/dp/B09DYCK78H?tag=eloabder-20&linkCode=osi&th=1&psc=1">View Product</a></div>
<div class="product"><a href="https://www.amazon.com/dp/B0B3D96MN6?tag=eloabder-20&linkCode=osi&th=1&psc=1"><img src="https://m.media-amazon.com/images/I/51k0bP+5e6L._SL500_.jpg" alt="Product Image"></a><p>Soldering Iron Premium Kit, 60W Soldering Gun with Ceramic Heater, 12-in-1 Soldering Tool, Adjustable Temperature 200 to 450¬∞C, Includes Soldering Iron Tip, Solder Wire, Pump and Paste</p><p> -20% 0FF </p><p>$23.99</p><a href="https://www.amazon.com/dp/B0B3D96MN6?tag=eloabder-20&linkCode=osi&th=1&psc=1">View Product</a></div><div class="product"><a href="https://www.amazon.com/dp/B087767KNW?tag=eloabder-20&linkCode=osi&th=1&psc=1"><img src="https://m.media-amazon.com/images/I/41rapiHruXL._SL500_.jpg" alt="Product Image"></a><p>Soldering Iron Kit, 60W Soldering Iron with Interchangeable Iron Tips, 10-in-1 Adjustable Temperature Soldering Welding Iron Kit for any Hobby Enthusiast 110V US Plug</p><p> -13% 0FF </p><p>$12.99</p><a href="https://www.amazon.com/dp/B087767KNW?tag=eloabder-20&linkCode=osi&th=1&psc=1">View Product</a></div><div class="product"><a href="https://www.amazon.com/dp/B082F1WKP9?tag=eloabder-20&linkCode=osi&th=1&psc=1"><img src="https://m.media-amazon.com/images/I/518z061SWZL._SL500_.jpg" alt="Product Image"></a><p>YIHUA 926 III 60W Digital Display Soldering Iron Station Kit w 2 Helping Hands, 6 Extra Iron Tips, Lead-Free Solder, Solder Sucker, S/S Tweezers, ¬∞C/¬∫F Conversion, Auto Sleep & Calibration Support</p><p> -17% 0FF </p><p>$49.99</p><a href="https://www.amazon.com/dp/B082F1WKP9?tag=eloabder-20&linkCode=osi&th=1&psc=1">View Product</a></div><div class="product"><a href="https://www.amazon.com/dp/B002PIA6Z4?tag=eloabder-20&linkCode=osi&th=1&psc=1"><img src="https://m.media-amazon.com/images/I/41hE8aKpakL._SL500_.jpg" alt="Product Image"></a><p>Pro'sKit 900-015 Helping Hands Soldering Aid</p><p> -35% 0FF </p><p>$7.59</p><a href="https://www.amazon.com/dp/B002PIA6Z4?tag=eloabder-20&linkCode=osi&th=1&psc=1">View Product</a></div><div class="product"><a href="https://www.amazon.com/dp/B094GZ6CPZ?tag=eloabder-20&linkCode=osi&th=1&psc=1"><img src="https://m.media-amazon.com/images/I/510vFCSfPqL._SL500_.jpg" alt="Product Image"></a><p>Lesnow solder wick braid 10ft Length Desoldering Wick Braid Remover Tool Solder Sucker 1 piece No-Clean soldering Wick Wire Roll and Disassemble Electrical Components</p><p> -20% 0FF </p><p>$7.99</p><a href="https://www.amazon.com/dp/B094GZ6CPZ?tag=eloabder-20&linkCode=osi&th=1&psc=1">View Product</a></div><div class="product"><a href="https://www.amazon.com/dp/B0CZ9KB3PS?tag=eloabder-20&linkCode=osi&th=1&psc=1"><img src="https://m.media-amazon.com/images/I/41i90xEV7CL._SL500_.jpg" alt="Product Image"></a><p>60W Digital Soldering Station Fast Heating Precision Temperature Control Soldering Iron Station with Stable Base Auto Sleep 10 Soldering Iron Tips Soldering Station Kit for Beginners DIY hobbyist</p><p> -15% 0FF </p><p>$39.88</p><a href="https://www.amazon.com/dp/B0CZ9KB3PS?tag=eloabder-20&linkCode=osi&th=1&psc=1">View Product</a></div><div class="product"><a href="https://www.amazon.com/dp/B00NS4J6BY?tag=eloabder-20&linkCode=osi&th=1&psc=1"><img src="https://m.media-amazon.com/images/I/51zuuNWwBjL._SL500_.jpg" alt="Product Image"></a><p>Thermaltronics TMT-TC-2 Tip Tinner (20g) in 0.8oz Container</p><p> -21% 0FF </p><p>$6.35 ($7.94 / Ounce)</p><a href="https://www.amazon.com/dp/B00NS4J6BY?tag=eloabder-20&linkCode=osi&th=1&psc=1">View Product</a></div>
<div class="product"><a href="https://www.amazon.com/dp/B097T8CG94?tag=eloabder-20&linkCode=osi&th=1&psc=1"><img src="https://m.media-amazon.com/images/I/51ciNJ1DuTL._SL500_.jpg" alt="Product Image"></a><p>Soldering Iron Kit,Electric 60W Soldering Gun Welding Tools with ON/OFF Swicth,5 Soldering Iron Tips,Tweezers,solder wire,for soldering Kit and Repairing,DIY</p><p> -50% 0FF </p><p>$5.99</p><a href="https://www.amazon.com/dp/B097T8CG94?tag=eloabder-20&linkCode=osi&th=1&psc=1">View Product</a></div><div class="product"><a href="https://www.amazon.com/dp/B08R3515SF?tag=eloabder-20&linkCode=osi&th=1&psc=1"><img src="https://m.media-amazon.com/images/I/41-UwHjbdpL._SL500_.jpg" alt="Product Image"></a><p>Soldering Iron Kit, 80W 110V LCD Digital Soldering Welding Iron Kit with Ceramic Heater, Portable Soldering Kit with 5pcs Tips, Stand, Solder Tube, Sponge, Solder Paste,for Metal,Electric, DIY</p><p> -23% 0FF </p><p>$9.95</p><a href="https://www.amazon.com/dp/B08R3515SF?tag=eloabder-20&linkCode=osi&th=1&psc=1">View Product</a></div><div class="product"><a href="https://www.amazon.com/dp/B0BW4HMXJ3?tag=eloabder-20&linkCode=osi&th=1&psc=1"><img src="https://m.media-amazon.com/images/I/516tKeqajpL._SL500_.jpg" alt="Product Image"></a><p>Soldering Iron Kit 80W LCD Adjustable Temperature 180-520‚ÑÉ Solder Kit Electronics 13 in 1 Welding Tools with ON/OFF Switch, Solder Wire, Flux, 5 Soldering Tips, Desoldering Pump, Stand, Tweezers</p><p> -27% 0FF </p><p>$18.98</p><a href="https://www.amazon.com/dp/B0BW4HMXJ3?tag=eloabder-20&linkCode=osi&th=1&psc=1">View Product</a></div>
<div class="product"><a href="https://www.amazon.com/dp/B077JDGY1J?tag=eloabder-20&linkCode=osi&th=1&psc=1"><img src="https://m.media-amazon.com/images/I/41yRK+nzODL._SL500_.jpg" alt="Product Image"></a><p>Weller 70 Watt Digital Soldering Station | WE1010NA</p><p> -25% 0FF </p><p>$115.00</p><a href="https://www.amazon.com/dp/B077JDGY1J?tag=eloabder-20&linkCode=osi&th=1&psc=1">View Product</a></div><div class="product"><a href="https://www.amazon.com/dp/B09TXP1KDV?tag=eloabder-20&linkCode=osi&th=1&psc=1"><img src="https://m.media-amazon.com/images/I/51-97nkYLSL._SL500_.jpg" alt="Product Image"></a><p>WEP 927-IV Soldering Station Kit High-Power 110W with 3 Preset Channels, Sleep Mode, LED Magnifier, 5 Extra Iron Tips, Tip Cleaner, 2 Helping Hands, Tip Storage Slots, Lead-free Solder Wire, Tweezers</p><p> -25% 0FF </p><p>$59.99</p><a href="https://www.amazon.com/dp/B09TXP1KDV?tag=eloabder-20&linkCode=osi&th=1&psc=1">View Product</a></div><div class="product"><a href="https://www.amazon.com/dp/B07RVMZNYR?tag=eloabder-20&linkCode=osi&th=1&psc=1"><img src="https://m.media-amazon.com/images/I/51MK9AVKTeL._SL500_.jpg" alt="Product Image"></a><p>YIHUA 939D+ Digital Soldering Station, 75W Equivalent with Precision Heat Control (392¬∞F to 896¬∞F) and Built-in Transformer. ESD Safe, Lead Free with ¬∞C/¬∞F display (Black)</p><p> -17% 0FF </p><p>$59.99</p><a href="https://www.amazon.com/dp/B07RVMZNYR?tag=eloabder-20&linkCode=osi&th=1&psc=1">View Product</a></div><div class="product"><a href="https://www.amazon.com/dp/B0BX5KXBPD?tag=eloabder-20&linkCode=osi&th=1&psc=1"><img src="https://m.media-amazon.com/images/I/51kzeXwC0sL._SL500_.jpg" alt="Product Image"></a><p>WEP 882D Soldering Iron Station 2-IN-1 SMD Hot Air Rework Station with 2 Spools of Solder Wire, 5 Soldering Tips, 3 Hot Air Nozzles, Brass Wool Tip Cleaner, Tweezers, Desoldering pump</p><p> -12% 0FF </p><p>$48.44</p><a href="https://www.amazon.com/dp/B0BX5KXBPD?tag=eloabder-20&linkCode=osi&th=1&psc=1">View Product</a></div><div class="product"><a href="https://www.amazon.com/dp/B07S4GPM66?tag=eloabder-20&linkCode=osi&th=1&psc=1"><img src="https://m.media-amazon.com/images/I/51Z2ti7tGQL._SL500_.jpg" alt="Product Image"></a><p>YIHUA 853D 2A USB SMD Hot Air Rework Soldering Iron Station, DC Power Supply 0-15V 0-2A with 5V USB Charging Port and 35 Volt DC Voltage Test Meter</p><p> -12% 0FF </p><p>$149.99</p><a href="https://www.amazon.com/dp/B07S4GPM66?tag=eloabder-20&linkCode=osi&th=1&psc=1">View Product</a></div><div class="product"><a href="https://www.amazon.com/dp/B07RY5XWVG?tag=eloabder-20&linkCode=osi&th=1&psc=1"><img src="https://m.media-amazon.com/images/I/51C2g+FzzUL._SL500_.jpg" alt="Product Image"></a><p>YIHUA 862BD+ SMD ESD Safe 2 in 1 Soldering Iron Hot Air Rework Station ¬∞F /¬∞C with Multiple Functions</p><p> -27% 0FF </p><p>$101.95</p><a href="https://www.amazon.com/dp/B07RY5XWVG?tag=eloabder-20&linkCode=osi&th=1&psc=1">View Product</a></div>
<div class="product"><a href="https://www.amazon.com/dp/B008ZIV85A?tag=eloabder-20&linkCode=osi&th=1&psc=1"><img src="https://m.media-amazon.com/images/I/41CWW+v4uOL._SL500_.jpg" alt="Product Image"></a><p>SRA Solder 135 Rosin Paste Soldering Flux For Electronics, No Clean Flux Made for Lead and Lead-Free Solder Circuit Boards and Copper Electrical Wire - Safe Clean Residues with No Goopy Mess (2oz Jar)</p><p> -23% 0FF </p><p>$8.49</p><a href="https://www.amazon.com/dp/B008ZIV85A?tag=eloabder-20&linkCode=osi&th=1&psc=1">View Product</a></div><div class="product"><a href="https://www.amazon.com/dp/B08MVXW4RY?tag=eloabder-20&linkCode=osi&th=1&psc=1"><img src="https://m.media-amazon.com/images/I/51ACPA4yj1L._SL500_.jpg" alt="Product Image"></a><p>2 Jar Solder Flux, Flux for Soldering, Rosin Soldering Flux Paste for Lead-Free Electronics Soldering and Soldering DIY (1.2oz/35g in a Jar)</p><p> -30% 0FF </p><p>$6.98</p><a href="https://www.amazon.com/dp/B08MVXW4RY?tag=eloabder-20&linkCode=osi&th=1&psc=1">View Product</a></div>
<div class="product"><a href="https://www.amazon.com/dp/B07PX44JQM?tag=eloabder-20&linkCode=osi&th=1&psc=1"><img src="https://m.media-amazon.com/images/I/41MRmHNswpL._SL500_.jpg" alt="Product Image"></a><p>Metabo HPT Compound Miter Saw, 10" Miter Saw with Large Table Saw for woodworking, Power saw with 15-Amp Motor, Accurate Miter Angles, 0-45¬∞ Bevel, 24T TCT Miter Saw Blade, Positive Stops, C10FCGS</p><p> -25% 0FF </p><p>$119.00</p><a href="https://www.amazon.com/dp/B07PX44JQM?tag=eloabder-20&linkCode=osi&th=1&psc=1">View Product</a></div><div class="product"><a href="https://www.amazon.com/dp/B0CCNY7798?tag=eloabder-20&linkCode=osi&th=1&psc=1"><img src="https://m.media-amazon.com/images/I/51Wb7rA81NL._SL500_.jpg" alt="Product Image"></a><p>DEKOPRO Drill Set: Tool Set with 8V Blue Cordless Drill, Home Tool Kit with Drill, Hand Tool Kits for Women 126 Piece</p><p> -33% 0FF </p><p>$59.99</p><a href="https://www.amazon.com/dp/B0CCNY7798?tag=eloabder-20&linkCode=osi&th=1&psc=1">View Product</a></div><div class="product"><a href="https://www.amazon.com/dp/B07JPFHQKG?tag=eloabder-20&linkCode=osi&th=1&psc=1"><img src="https://m.media-amazon.com/images/I/413RBSqCVzL._SL500_.jpg" alt="Product Image"></a><p>DEWALT 20V MAX XR Jig Saw, 3,200 Blade Speed, Cordless, Brushless Motor, LED Light, Bare Tool Only (DCS334B)</p><p> -46% 0FF </p><p>$129.00</p><a href="https://www.amazon.com/dp/B07JPFHQKG?tag=eloabder-20&linkCode=osi&th=1&psc=1">View Product</a></div><div class="product"><a href="https://www.amazon.com/dp/B01IR1SXVQ?tag=eloabder-20&linkCode=osi&th=1&psc=1"><img src="https://m.media-amazon.com/images/I/41ryU1i4DeL._SL500_.jpg" alt="Product Image"></a><p>BLACK+DECKER 20V MAX Power Tool Combo Kit, 4-Tool Cordless Power Tool Set with 2 Batteries and Charger (BD4KITCDCRL)</p><p> -29% 0FF </p><p>$141.83</p><a href="https://www.amazon.com/dp/B01IR1SXVQ?tag=eloabder-20&linkCode=osi&th=1&psc=1">View Product</a></div>
<div class="product"><a href="https://www.amazon.com/dp/B0C4L88ZFW?tag=eloabder-20&linkCode=osi&th=1&psc=1"><img src="https://m.media-amazon.com/images/I/51SJoHf6mJL._SL500_.jpg" alt="Product Image"></a><p>FADAKWALT Cordless Drill Set,12V Power Drill Set with Battery and Charger, Electric Driver/Drill Bits, 3/8'' Keyless Chuck,21+1 Torque Setting, 180 inch-lbs, with LED Electric Drill Set (Green)</p><p> -20% 0FF </p><p>$23.98</p><a href="https://www.amazon.com/dp/B0C4L88ZFW?tag=eloabder-20&linkCode=osi&th=1&psc=1">View Product</a></div><div class="product"><a href="https://www.amazon.com/dp/B07CR1GPBQ?tag=eloabder-20&linkCode=osi&th=1&psc=1"><img src="https://m.media-amazon.com/images/I/51Py58xkv6L._SL500_.jpg" alt="Product Image"></a><p>AVID POWER 20V MAX Lithium lon Cordless Drill Set, Power Drill Kit with Battery and Charger, 3/8-Inch Keyless Chuck, Variable Speed, 16 Position and 22pcs Drill Bits (Red)</p><p> -12% 0FF </p><p>$43.99</p><a href="https://www.amazon.com/dp/B07CR1GPBQ?tag=eloabder-20&linkCode=osi&th=1&psc=1">View Product</a></div><div class="product"><a href="https://www.amazon.com/dp/B09Y8BWFZB?tag=eloabder-20&linkCode=osi&th=1&psc=1"><img src="https://m.media-amazon.com/images/I/51Ixq-DjI3L._SL500_.jpg" alt="Product Image"></a><p>DEKOPRO 8V Cordless Drill, Drill Set with 3/8"Keyless Chuck, 42pcs Acessories, Built-in LED, Type-C Charge Cable, Pink Power Drill for Drilling and Tightening/Loosening Screws</p><p> -17% 0FF </p><p>$29.99</p><a href="https://www.amazon.com/dp/B09Y8BWFZB?tag=eloabder-20&linkCode=osi&th=1&psc=1">View Product</a></div>
<div class="product"><a href="https://www.amazon.com/dp/B01KJJQ1MC?tag=eloabder-20&linkCode=osi&th=1&psc=1"><img src="https://m.media-amazon.com/images/I/51zT9DcQquL._SL500_.jpg" alt="Product Image"></a><p>Skil 5080-01 13-Amp 7-1/4" Circular Saw, Red</p><p> -33% 0FF </p><p>$39.99</p><a href="https://www.amazon.com/dp/B01KJJQ1MC?tag=eloabder-20&linkCode=osi&th=1&psc=1">View Product</a></div><div class="product"><a href="https://www.amazon.com/dp/B076HPKK19?tag=eloabder-20&linkCode=osi&th=1&psc=1"><img src="https://m.media-amazon.com/images/I/41b2h45bkSS._SL500_.jpg" alt="Product Image"></a><p>BLACK+DECKER 20V MAX* Cordless Reciprocating Saw Kit (BDCR20C)</p><p> -21% 0FF </p><p>$54.99</p><a href="https://www.amazon.com/dp/B076HPKK19?tag=eloabder-20&linkCode=osi&th=1&psc=1">View Product</a></div><div class="product"><a href="https://www.amazon.com/dp/B07WP376TG?tag=eloabder-20&linkCode=osi&th=1&psc=1"><img src="https://m.media-amazon.com/images/I/51PemucX5WL._SL500_.jpg" alt="Product Image"></a><p>GALAX PRO Circular Saw and Reciprocating Saw Combo Kit with 1pcs 4.0Ah Lithium Battery and One Charger, 7 Saw Blades and Tool Bag</p><p> -21% 0FF </p><p>$109.99</p><a href="https://www.amazon.com/dp/B07WP376TG?tag=eloabder-20&linkCode=osi&th=1&psc=1">View Product</a></div><div class="product"><a href="https://www.amazon.com/dp/B00F2CGXGG?tag=eloabder-20&linkCode=osi&th=1&psc=1"><img src="https://m.media-amazon.com/images/I/41gldz3g2lS._SL500_.jpg" alt="Product Image"></a><p>DEWALT (DWE7491RS) 10-Inch Table Saw, 32-1/2-Inch Rip Capacity, Yellow/Black/Silver</p><p> -18% 0FF </p><p>$549.00</p><a href="https://www.amazon.com/dp/B00F2CGXGG?tag=eloabder-20&linkCode=osi&th=1&psc=1">View Product</a></div><div class="product"><a href="https://www.amazon.com/dp/B086SRQVVM?tag=eloabder-20&linkCode=osi&th=1&psc=1"><img src="https://m.media-amazon.com/images/I/41dsapo-W7L._SL500_.jpg" alt="Product Image"></a><p>Electric Circular Saw, HYCHIKA 6.2A Mini Circular Saw with 3 Blades(4-1/2‚Äù), Compact Hand Saw Max Cutting Depth 1-7/8'' (90¬∞), Rubber Handle, 10 Feet Cord, Fit for Wood Soft Metal Plastic Cuts</p><p> -22% 0FF </p><p>$54.38</p><a href="https://www.amazon.com/dp/B086SRQVVM?tag=eloabder-20&linkCode=osi&th=1&psc=1">View Product</a></div>
<div class="product"><a href="https://www.amazon.com/dp/B00RVZ7DNO?tag=eloabder-20&linkCode=osi&th=1&psc=1"><img src="https://m.media-amazon.com/images/I/41WHxI6Z+bL._SL500_.jpg" alt="Product Image"></a><p>DEWALT Angle Grinder, 4.5 Inch, 11 Amp, With Paddle Switch (DWE402)</p><p> -19% 0FF </p><p>$88.82</p><a href="https://www.amazon.com/dp/B00RVZ7DNO?tag=eloabder-20&linkCode=osi&th=1&psc=1">View Product</a></div><div class="product"><a href="https://www.amazon.com/dp/B07L21GNHL?tag=eloabder-20&linkCode=osi&th=1&psc=1"><img src="https://m.media-amazon.com/images/I/5199mmz0eBS._SL500_.jpg" alt="Product Image"></a><p>Metabo HPT 4-1/2-Inch Angle Grinder, Includes 5 Grinding Wheels & Hard Case, 6.2-Amp Motor, Compact & Lightweight, G12SR4</p><p> -20% 0FF </p><p>$39.00</p><a href="https://www.amazon.com/dp/B07L21GNHL?tag=eloabder-20&linkCode=osi&th=1&psc=1">View Product</a></div><div class="product"><a href="https://www.amazon.com/dp/B009ELXH1K?tag=eloabder-20&linkCode=osi&th=1&psc=1"><img src="https://m.media-amazon.com/images/I/41xbd2K1xkL._SL500_.jpg" alt="Product Image"></a><p>DEWALT Angle Grinder, One-Touch Guard, 4-1/2 -Inch (DWE4011)</p><p> -11% 0FF </p><p>$79.00</p><a href="https://www.amazon.com/dp/B009ELXH1K?tag=eloabder-20&linkCode=osi&th=1&psc=1">View Product</a></div><div class="product"><a href="https://www.amazon.com/dp/B06WW85XHR?tag=eloabder-20&linkCode=osi&th=1&psc=1"><img src="https://m.media-amazon.com/images/I/41IyxzFrgQL._SL500_.jpg" alt="Product Image"></a><p>DEWALT Angle Grinder Tool, 4-1/2-Inch to 5-Inch, Trigger Switch (DWE43116)</p><p> -20% 0FF </p><p>$134.93</p><a href="https://www.amazon.com/dp/B06WW85XHR?tag=eloabder-20&linkCode=osi&th=1&psc=1">View Product</a></div><div class="product"><a href="https://www.amazon.com/dp/B0002SRK6M?tag=eloabder-20&linkCode=osi&th=1&psc=1"><img src="https://m.media-amazon.com/images/I/31rUdEYHfiL._SL500_.jpg" alt="Product Image"></a><p>DEWALT Angle Grinder, 7-Inch, 13-Amp, 8,000 RPM, With Dust Ejection System, Corded (DW840)</p><p> -18% 0FF </p><p>$122.13</p><a href="https://www.amazon.com/dp/B0002SRK6M?tag=eloabder-20&linkCode=osi&th=1&psc=1">View Product</a></div><div class="product"><a href="https://www.amazon.com/dp/B01HD4EH4A?tag=eloabder-20&linkCode=osi&th=1&psc=1"><img src="https://m.media-amazon.com/images/I/31bCbZzbjxL._SL500_.jpg" alt="Product Image"></a><p>BOSCH GWS8-45 4-1/2 Inch 7.5 Amp Angle Grinder</p><p> -15% 0FF </p><p>$58.98</p><a href="https://www.amazon.com/dp/B01HD4EH4A?tag=eloabder-20&linkCode=osi&th=1&psc=1">View Product</a></div><div class="product"><a href="https://www.amazon.com/dp/B09MCMN9SJ?tag=eloabder-20&linkCode=osi&th=1&psc=1"><img src="https://m.media-amazon.com/images/I/51bilvYEN5L._SL500_.jpg" alt="Product Image"></a><p>7.5Amp 4-1/2 Inch 12000 RPM Angle Grinder with 2 Guards, 3 Cutting Wheels, 3 Discs, Non-Slip Handle and Carbon Brush for Metal and Wood</p><p> -13% 0FF </p><p>$39.99</p><a href="https://www.amazon.com/dp/B09MCMN9SJ?tag=eloabder-20&linkCode=osi&th=1&psc=1">View Product</a></div><div class="product"><a href="https://www.amazon.com/dp/B01FJLKS1K?tag=eloabder-20&linkCode=osi&th=1&psc=1"><img src="https://m.media-amazon.com/images/I/41OMZZp7LWL._SL500_.jpg" alt="Product Image"></a><p>WEN 944 7-Amp Angle Grinder, 4-1/2", Grey,black,orange</p><p> -30% 0FF </p><p>$24.35</p><a href="https://www.amazon.com/dp/B01FJLKS1K?tag=eloabder-20&linkCode=osi&th=1&psc=1">View Product</a></div>
<div class="product"><a href="https://www.amazon.com/dp/B07FDL1TW5?tag=eloabder-20&linkCode=osi&th=1&psc=1"><img src="https://m.media-amazon.com/images/I/51OYzHg15RL._SL500_.jpg" alt="Product Image"></a><p>SKIL Corded Multi-Function Detail Sander with Micro-Filter Dust Box 3 Additional Attachments & 12pc Sanding Sheet- SR232301</p><p> -27% 0FF </p><p>$29.00</p><a href="https://www.amazon.com/dp/B07FDL1TW5?tag=eloabder-20&linkCode=osi&th=1&psc=1">View Product</a></div><div class="product"><a href="https://www.amazon.com/dp/B0858C7X3M?tag=eloabder-20&linkCode=osi&th=1&psc=1"><img src="https://m.media-amazon.com/images/I/41-u+iAaY0L._SL500_.jpg" alt="Product Image"></a><p>DEWALT Random Orbit Sander, Variable Speed, 5-Inch (DWE6423)</p><p> -29% 0FF </p><p>$69.99</p><a href="https://www.amazon.com/dp/B0858C7X3M?tag=eloabder-20&linkCode=osi&th=1&psc=1">View Product</a></div><div class="product"><a href="https://www.amazon.com/dp/B01ALMMJH8?tag=eloabder-20&linkCode=osi&th=1&psc=1"><img src="https://m.media-amazon.com/images/I/41c+p-fOD8L._SL500_.jpg" alt="Product Image"></a><p>DEWALT Electric Sander, 1/4-Inch Sheet, (DWE6411)</p><p> -17% 0FF </p><p>$53.64</p><a href="https://www.amazon.com/dp/B01ALMMJH8?tag=eloabder-20&linkCode=osi&th=1&psc=1">View Product</a></div><div class="product"><a href="https://www.amazon.com/dp/B07JQM7C28?tag=eloabder-20&linkCode=osi&th=1&psc=1"><img src="https://m.media-amazon.com/images/I/41dKlVcpqTL._SL500_.jpg" alt="Product Image"></a><p>DEWALT 20V MAX Orbital Sander, Tool Only (DCW210B)</p><p> -41% 0FF </p><p>$105.00</p><a href="https://www.amazon.com/dp/B07JQM7C28?tag=eloabder-20&linkCode=osi&th=1&psc=1">View Product</a></div><div class="product"><a href="https://www.amazon.com/dp/B07KL4QGSQ?tag=eloabder-20&linkCode=osi&th=1&psc=1"><img src="https://m.media-amazon.com/images/I/41Ucr142bJL._SL500_.jpg" alt="Product Image"></a><p>WEN Benchtop Belt and Disc Sander with 4 x 36 in. Belt, 6 in. Disc and Cast Iron Base (6502T)</p><p> -27% 0FF </p><p>$98.80</p><a href="https://www.amazon.com/dp/B07KL4QGSQ?tag=eloabder-20&linkCode=osi&th=1&psc=1">View Product</a></div><div class="product"><a href="https://www.amazon.com/dp/B00OJWLVM6?tag=eloabder-20&linkCode=osi&th=1&psc=1"><img src="https://m.media-amazon.com/images/I/41uzJE+Q03L._SL500_.jpg" alt="Product Image"></a><p>BLACK+DECKER 2.0 Amp Electric 1/4 Sheet Orbit Sander (BDEQS300)</p><p> -29% 0FF </p><p>$28.41</p><a href="https://www.amazon.com/dp/B00OJWLVM6?tag=eloabder-20&linkCode=osi&th=1&psc=1">View Product</a></div>
<div class="product"><a href="https://www.amazon.com/dp/B0DC68CKKH?tag=eloabder-20&linkCode=osi&th=1&psc=1"><img src="https://m.media-amazon.com/images/I/41gqGPLD28L._SL500_.jpg" alt="Product Image"></a><p>VEVOR Air Compressor 80 Gallon, 6.5HP 15.5SCFM@90 PSI, 2-Stage 145PSI Oil Free Stationary Air Compressor Tank, 86dB Quiet Compressor for Industrial Manufacturing, Construction Sites (3-Phase Power)</p><p> -6% 0FF </p><p>$1,141.99</p><a href="https://www.amazon.com/dp/B0DC68CKKH?tag=eloabder-20&linkCode=osi&th=1&psc=1">View Product</a></div><div class="product"><a href="https://www.amazon.com/dp/B0CSZ1NVW4?tag=eloabder-20&linkCode=osi&th=1&psc=1"><img src="https://m.media-amazon.com/images/I/41RAQPUKmVL._SL500_.jpg" alt="Product Image"></a><p>FYPower Air Compressor Whip Hose 3/8 Inch x 10 Feet Lead in Hybrid Hose with Fittings, Flexible and Kink Resistant, 1/4" Industrial Quick Coupler and Plug Kit - Red</p><p> -50% 0FF </p><p>$9.49</p><a href="https://www.amazon.com/dp/B0CSZ1NVW4?tag=eloabder-20&linkCode=osi&th=1&psc=1">View Product</a></div><div class="product"><a href="https://www.amazon.com/dp/B0D1QK5ZKD?tag=eloabder-20&linkCode=osi&th=1&psc=1"><img src="https://m.media-amazon.com/images/I/41lJM5B8d2L._SL500_.jpg" alt="Product Image"></a><p>Uharbour Air Compressor Hose 1/4" x 50 Feet, 1/4 Air Hose PVC/Rubber Hybrid, Air Hose for Compressor with 1/4" MNPT Brass Fitting, Air Hose 50 ft for Air Compressor</p><p> -50% 0FF </p><p>$11.49 ($0.23 / Foot)</p><a href="https://www.amazon.com/dp/B0D1QK5ZKD?tag=eloabder-20&linkCode=osi&th=1&psc=1">View Product</a></div><div class="product"><a href="https://www.amazon.com/dp/B0CQ1ZXN5N?tag=eloabder-20&linkCode=osi&th=1&psc=1"><img src="https://m.media-amazon.com/images/I/413MD4U9LOL._SL500_.jpg" alt="Product Image"></a><p>DEWENWILS 3/8 Inch x 50FT Hybrid Air Hose 300 PSI, Heavy Duty Air Compressor Hose with 1/4" Industrial Quick Coupler Fittings, Flexible and Kink Resistant Air Hose (Red)</p><p> -50% 0FF </p><p>$16.24 ($0.32 / Foot)</p><a href="https://www.amazon.com/dp/B0CQ1ZXN5N?tag=eloabder-20&linkCode=osi&th=1&psc=1">View Product</a></div><div class="product"><a href="https://www.amazon.com/dp/B0CHB3GDSV?tag=eloabder-20&linkCode=osi&th=1&psc=1"><img src="https://m.media-amazon.com/images/I/41TgWdqGdPL._SL500_.jpg" alt="Product Image"></a><p>Giraffe Tools TA15BPLUS Retractable Air Hose Reel with Swivel Bracket 3/8" x 50 ft Hybrid Hose, Ceiling/Wall Mounted Heavy Duty Industrial Air Compressor Hose Reel, 300PSI, 50ft</p><p> -9% 0FF </p><p>$99.99</p><a href="https://www.amazon.com/dp/B0CHB3GDSV?tag=eloabder-20&linkCode=osi&th=1&psc=1">View Product</a></div><div class="product"><a href="https://www.amazon.com/dp/B08PDT69XS?tag=eloabder-20&linkCode=osi&th=1&psc=1"><img src="https://m.media-amazon.com/images/I/41a6Z-s1uhL._SL500_.jpg" alt="Product Image"></a><p>Craftsman 20-piece Air Accessory Kit</p><p> -24% 0FF </p><p>$33.28</p><a href="https://www.amazon.com/dp/B08PDT69XS?tag=eloabder-20&linkCode=osi&th=1&psc=1">View Product</a></div><div class="product"><a href="https://www.amazon.com/dp/B07MBY35K6?tag=eloabder-20&linkCode=osi&th=1&psc=1"><img src="https://m.media-amazon.com/images/I/41wG+631zAL._SL500_.jpg" alt="Product Image"></a><p>AZUNO Digital Tire Inflator with Pressure Gauge, 200 PSI (0.1 Res) w/LED Flashlight, Heavy Duty Air Compressor Accessories 7pcs Set, w/Lock on Air Dual Head Chuck and 90¬∞ Tire Valve</p><p> -6% 0FF </p><p>$25.99</p><a href="https://www.amazon.com/dp/B07MBY35K6?tag=eloabder-20&linkCode=osi&th=1&psc=1">View Product</a></div>
<div class="product"><a href="https://www.amazon.com/dp/B0918CSK8N?tag=eloabder-20&linkCode=osi&th=1&psc=1"><img src="https://m.media-amazon.com/images/I/51PHon751vL._SL500_.jpg" alt="Product Image"></a><p>TOOLPEAK 1/4 inch angle air die grinder with 22 pcs 2-inch roll lock sanding discs, polished color angle pneumatic die grinder, air die grinder kit</p><p> -5% 0FF </p><p>$38.57</p><a href="https://www.amazon.com/dp/B0918CSK8N?tag=eloabder-20&linkCode=osi&th=1&psc=1">View Product</a></div><div class="product"><a href="https://www.amazon.com/dp/B000VZAENC?tag=eloabder-20&linkCode=osi&th=1&psc=1"><img src="https://m.media-amazon.com/images/I/21onsePfIFL._SL500_.jpg" alt="Product Image"></a><p>Ingersoll Rand 114GQC Quick Change Air Hammer 3-Piece Chisel Set, 3500 BPM, 2-5/8" Stroke, .401 Shank</p><p> -13% 0FF </p><p>$64.99</p><a href="https://www.amazon.com/dp/B000VZAENC?tag=eloabder-20&linkCode=osi&th=1&psc=1">View Product</a></div><div class="product"><a href="https://www.amazon.com/dp/B079FCZT4N?tag=eloabder-20&linkCode=osi&th=1&psc=1"><img src="https://m.media-amazon.com/images/I/41MB8jWnISS._SL500_.jpg" alt="Product Image"></a><p>WEN 61721 18-Gauge 3/8-Inch to 2-Inch Pneumatic Brad Nailer</p><p> -38% 0FF </p><p>$27.99</p><a href="https://www.amazon.com/dp/B079FCZT4N?tag=eloabder-20&linkCode=osi&th=1&psc=1">View Product</a></div><div class="product"><a href="https://www.amazon.com/dp/B00OK3TWUW?tag=eloabder-20&linkCode=osi&th=1&psc=1"><img src="https://m.media-amazon.com/images/I/314nu+8-0xL._SL500_.jpg" alt="Product Image"></a><p>DEWALT Grinder Tool, Self-locking Touch Control, 3-Inch (DWMT70784)</p><p> -66% 0FF </p><p>$42.84</p><a href="https://www.amazon.com/dp/B00OK3TWUW?tag=eloabder-20&linkCode=osi&th=1&psc=1">View Product</a></div><div class="product"><a href="https://www.amazon.com/dp/B008JYRDEU?tag=eloabder-20&linkCode=osi&th=1&psc=1"><img src="https://m.media-amazon.com/images/I/316BGYzWEtL._SL500_.jpg" alt="Product Image"></a><p>Ingersoll Rand 301B 1/4-Inch Right-Angle Air Die Grinder</p><p> -17% 0FF </p><p>$66.55</p><a href="https://www.amazon.com/dp/B008JYRDEU?tag=eloabder-20&linkCode=osi&th=1&psc=1">View Product</a></div><div class="product"><a href="https://www.amazon.com/dp/B07MSL5X4W?tag=eloabder-20&linkCode=osi&th=1&psc=1"><img src="https://m.media-amazon.com/images/I/41Q7jIwxfQS._SL500_.jpg" alt="Product Image"></a><p>Metabo HPT Palm Nailer | Pro Preferred Brand of Pneumatic Nailers | Over-molded Rubber Grip | 360 Degree Swivel Fitting | Magnetic Nose | Ideal For Tight Spaces | 5-Year Warranty | NH90AB</p><p> -20% 0FF </p><p>$39.00</p><a href="https://www.amazon.com/dp/B07MSL5X4W?tag=eloabder-20&linkCode=osi&th=1&psc=1">View Product</a></div><div class="product"><a href="https://www.amazon.com/dp/B09XQ9Z1B9?tag=eloabder-20&linkCode=osi&th=1&psc=1"><img src="https://m.media-amazon.com/images/I/61exAD7KuDL._SL500_.jpg" alt="Product Image"></a><p>Air Cut Off Tool with 5Pcs 3-inch Die Grinder Cut-Off Wheels, Pneumatic Metal Sheet Cutting Tool, Heavy Duty Air Cutter Cut off Tool</p><p> -9% 0FF </p><p>$31.99</p><a href="https://www.amazon.com/dp/B09XQ9Z1B9?tag=eloabder-20&linkCode=osi&th=1&psc=1">View Product</a></div><div class="product"><a href="https://www.amazon.com/dp/B0CWV1M883?tag=eloabder-20&linkCode=osi&th=1&psc=1"><img src="https://m.media-amazon.com/images/I/415GvPJJSYL._SL500_.jpg" alt="Product Image"></a><p>Pneumatic Chamfering Tool Handheld, Mini Air-Powered Chamfering Machine Trimming, 45¬∞ Arc Corner with 1/4 Inch Air Inlet for Metal Wood Beveling Deburring (C&R Angle Blades)</p><p> -7% 0FF </p><p>$51.99</p><a href="https://www.amazon.com/dp/B0CWV1M883?tag=eloabder-20&linkCode=osi&th=1&psc=1">View Product</a></div>
<div class="product"><a href="https://www.amazon.com/dp/B0BZNPPBBN?tag=eloabder-20&linkCode=osi&th=1&psc=1"><img src="https://m.media-amazon.com/images/I/51U1TjcJAVL._SL500_.jpg" alt="Product Image"></a><p>6 Pack Hydraulic Seal Installation Tools, Hydraulic Cylinder Piston Repair Rebuild Seal Kit, U-Cup Rod Seal Installation Tool Kits Upgraded Super Strong Seal Twistor Install Tool Set</p><p> -5% 0FF </p><p>$38.99</p><a href="https://www.amazon.com/dp/B0BZNPPBBN?tag=eloabder-20&linkCode=osi&th=1&psc=1">View Product</a></div>
<div class="product"><a href="https://www.amazon.com/dp/B008ASBLJI?tag=eloabder-20&linkCode=osi&th=1&psc=1"><img src="https://m.media-amazon.com/images/I/4191b6i6byL._SL500_.jpg" alt="Product Image"></a><p>Forearm Forklift 2-Person Lifting and Moving Straps; Lift, Move and Carry Furniture, Appliances, Mattresses or Any Item up to 800 lbs. Safely and Easily Like a Pro, Orange</p><p> -33% 0FF </p><p>$19.99</p><a href="https://www.amazon.com/dp/B008ASBLJI?tag=eloabder-20&linkCode=osi&th=1&psc=1">View Product</a></div><div class="product"><a href="https://www.amazon.com/dp/B01G6C1R8O?tag=eloabder-20&linkCode=osi&th=1&psc=1"><img src="https://m.media-amazon.com/images/I/41BBAL4ekvS._SL500_.jpg" alt="Product Image"></a><p>Gymreapers Knee Sleeves (1 Pair) With Gym Bag - IPF Approved - Knee Sleeve & Compression Brace for Squats, Fitness, Weightlifting, and Powerlifting 7MM Sleeve Pair - For Men & Women (Large)</p><p> -14% 0FF </p><p>$59.99</p><a href="https://www.amazon.com/dp/B01G6C1R8O?tag=eloabder-20&linkCode=osi&th=1&psc=1">View Product</a></div><div class="product"><a href="https://www.amazon.com/dp/B0CB8NRQNJ?tag=eloabder-20&linkCode=osi&th=1&psc=1"><img src="https://m.media-amazon.com/images/I/41TGm-OVXtL._SL500_.jpg" alt="Product Image"></a><p>HOLKIE Retractable Casters Heavy Duty Casters with Lifting and Lowering Function Maximum Load of 700 lbs (4 casters) for Workbenches or Other Equipment</p><p> -13% 0FF </p><p>$25.99 ($6.50 / Count)</p><a href="https://www.amazon.com/dp/B0CB8NRQNJ?tag=eloabder-20&linkCode=osi&th=1&psc=1">View Product</a></div>
<div class="product"><a href="https://www.amazon.com/dp/B08669YYV7?tag=eloabder-20&linkCode=osi&th=1&psc=1"><img src="https://m.media-amazon.com/images/I/51UV5G4XfgL._SL500_.jpg" alt="Product Image"></a><p>RoMech 660lb Digital Hanging Scale with Cast Aluminum Case, Handheld 300Kg Mini Crane Scale with Hooks for Farm Hunting Fishing Outdoor (Orange)</p><p> -25% 0FF </p><p>$29.99</p><a href="https://www.amazon.com/dp/B08669YYV7?tag=eloabder-20&linkCode=osi&th=1&psc=1">View Product</a></div><div class="product"><a href="https://www.amazon.com/dp/B0CMHX7Q2X?tag=eloabder-20&linkCode=osi&th=1&psc=1"><img src="https://m.media-amazon.com/images/I/31NOuexL2YL._SL500_.jpg" alt="Product Image"></a><p>VEVOR Crane Scale, Hanging Scale Industrial Heavy Duty, Digital Crane Scale with Remote Control, Cast Aluminum Case & LED Screen, 2200 lbs/1000 kg,High Precision for Construction, Factory, Farm</p><p> -10% 0FF </p><p>$66.59</p><a href="https://www.amazon.com/dp/B0CMHX7Q2X?tag=eloabder-20&linkCode=osi&th=1&psc=1">View Product</a></div>
<div class="product"><a href="https://www.amazon.com/dp/B0CQCDVKJ1?tag=eloabder-20&linkCode=osi&th=1&psc=1"><img src="https://m.media-amazon.com/images/I/41GQHYTm0VL._SL500_.jpg" alt="Product Image"></a><p>VEVOR 2-in-1 Electric Hoist Winch, 1100 lbs Lift Capacity, 1500W Portable Power Winch Crane, 22.9 ft Lifting Height, 13 ft/min with Wired Remote Control, for Garage, Warehouse, Factory Lifting Towing</p><p> -17% 0FF </p><p>$107.99</p><a href="https://www.amazon.com/dp/B0CQCDVKJ1?tag=eloabder-20&linkCode=osi&th=1&psc=1">View Product</a></div><div class="product"><a href="https://www.amazon.com/dp/B0CT2LSGSD?tag=eloabder-20&linkCode=osi&th=1&psc=1"><img src="https://m.media-amazon.com/images/I/41-pWD30jmL._SL500_.jpg" alt="Product Image"></a><p>3 in 1 Electric Hoist Winch,2200LBS Wired and Wireless Remote Control,110/120V-Portable Power Electric Hoist,41ft Lifting Garage Lift Hoist& Pure Copper Motor,forGarage,Factories,Warehouses,Verandahs</p><p> -6% 0FF </p><p>$146.56</p><a href="https://www.amazon.com/dp/B0CT2LSGSD?tag=eloabder-20&linkCode=osi&th=1&psc=1">View Product</a></div><div class="product"><a href="https://www.amazon.com/dp/B09TW27PBZ?tag=eloabder-20&linkCode=osi&th=1&psc=1"><img src="https://m.media-amazon.com/images/I/411FSmkLWEL._SL500_.jpg" alt="Product Image"></a><p>VEVOR Electric Hoist, 440LBS Attic Hoist, Ladder Hoist, 110V Electric Hoist with 14ft Remote Control & Single/Double Slings for Lifting in Factories, Warehouses, Construction Site, Attic</p><p> -15% 0FF </p><p>$82.44</p><a href="https://www.amazon.com/dp/B09TW27PBZ?tag=eloabder-20&linkCode=osi&th=1&psc=1">View Product</a></div><div class="product"><a href="https://www.amazon.com/dp/B0C4DSHF17?tag=eloabder-20&linkCode=osi&th=1&psc=1"><img src="https://m.media-amazon.com/images/I/51EnChC+cEL._SL500_.jpg" alt="Product Image"></a><p>VEVOR 1320lbs Electric Hoist with Wireless Remote Control,110v Electric Hoist with Remote Control, 40ft/20ft Lifting Height & Pure Copper Motor, for Garage Warehouse Factory</p><p> -12% 0FF </p><p>$112.49</p><a href="https://www.amazon.com/dp/B0C4DSHF17?tag=eloabder-20&linkCode=osi&th=1&psc=1">View Product</a></div>
<div class="product"><a href="https://www.amazon.com/dp/B08GQ9VXKK?tag=eloabder-20&linkCode=osi&th=1&psc=1"><img src="https://m.media-amazon.com/images/I/51D47aU7KVL._SL500_.jpg" alt="Product Image"></a><p>Sidasu Forklift Safety Cage 36x36 Inches Forklift Work Platform 1200LBS Capacity with 4 Wheels Aerial Platform Collapsible Lift Basket Aerial Rails for Lifting Loader</p><p> -11% 0FF </p><p>$159.99</p><a href="https://www.amazon.com/dp/B08GQ9VXKK?tag=eloabder-20&linkCode=osi&th=1&psc=1">View Product</a></div><div class="product"><a href="https://www.amazon.com/dp/B0CRYQTYPQ?tag=eloabder-20&linkCode=osi&th=1&psc=1"><img src="https://m.media-amazon.com/images/I/51wrhc6U5NL._SL500_.jpg" alt="Product Image"></a><p>Santiano Forklift Cover,All-Weather Use, Multi-Functional, No Disassembly, Waterproof, Dustproof, Wind & Snow Protection,600D Oxford&EVA Eco-Friendly Material - Work Year-Round!Up to 6000 Lbs</p><p> -10% 0FF </p><p>$89.99</p><a href="https://www.amazon.com/dp/B0CRYQTYPQ?tag=eloabder-20&linkCode=osi&th=1&psc=1">View Product</a></div>
<div class="product"><a href="https://www.amazon.com/dp/B0D3LGSK5H?tag=eloabder-20&linkCode=osi&th=1&psc=1"><img src="https://m.media-amazon.com/images/I/41Stu0GX-WL._SL500_.jpg" alt="Product Image"></a><p>VEVOR Belt Conveyor, 47 x 7.8 inch Conveyor Table, Heavy Duty Stainless Steel Motorized Belt Conveyor for Inkjet Coding Applications Powered PVC Belt Anti-Static Adjustable Speed (Double Guardrail)</p><p> -30% 0FF </p><p>$168.99</p><a href="https://www.amazon.com/dp/B0D3LGSK5H?tag=eloabder-20&linkCode=osi&th=1&psc=1">View Product</a></div><div class="product"><a href="https://www.amazon.com/dp/B0D7Q3GX1Q?tag=eloabder-20&linkCode=osi&th=1&psc=1"><img src="https://m.media-amazon.com/images/I/41FysGv+h2L._SL500_.jpg" alt="Product Image"></a><p>biosp Adjustable Conveyor Roller Stand with Wheels, Conveyor System Table Height Adjusts between 23'' and 36'', Infeed/Outfeed Support Expandable Gravity Conveyor Belt 300 lbs Load Weight Capacity</p><p> -27% 0FF </p><p>$134.99</p><a href="https://www.amazon.com/dp/B0D7Q3GX1Q?tag=eloabder-20&linkCode=osi&th=1&psc=1">View Product</a></div>
<div class="product"><a href="https://www.amazon.com/dp/B085X1KRSY?tag=eloabder-20&linkCode=osi&th=1&psc=1"><img src="https://m.media-amazon.com/images/I/31zzyc8v40L._SL500_.jpg" alt="Product Image"></a><p>Rhino Cart All Terrain Mover - All Terrain Moving Dolly for Heavy Appliance, Furniture, and Building Material Handling with 2,000lb Load Rating</p><p> -11% 0FF </p><p>$141.86</p><a href="https://www.amazon.com/dp/B085X1KRSY?tag=eloabder-20&linkCode=osi&th=1&psc=1">View Product</a></div><div class="product"><a href="https://www.amazon.com/dp/B097K7JG56?tag=eloabder-20&linkCode=osi&th=1&psc=1"><img src="https://m.media-amazon.com/images/I/51L7oLmBU6L._SL500_.jpg" alt="Product Image"></a><p>XClifes Labor-Saving Handle 2 Pack, 12 in Construction Jack, Wall Tile Locator, Multi-Function Height Adjustment Lifting Device, Door Panel Lifting Cabinet Jack, Raised by 6.69 in,Dynamic Load 450 LB</p><p> -70% 0FF </p><p>$41.99</p><a href="https://www.amazon.com/dp/B097K7JG56?tag=eloabder-20&linkCode=osi&th=1&psc=1">View Product</a></div>
<div class="product"><a href="https://www.amazon.com/dp/B0C73SXNLS?tag=eloabder-20&linkCode=osi&th=1&psc=1"><img src="https://m.media-amazon.com/images/I/51wYIKHX3sL._SL500_.jpg" alt="Product Image"></a><p>Space Saving Hangers, 10PCS Magic Hangers, 5 Holes Sturdy Plastic Hanger Clothes Organizer, Closet Organizers and Storage, Space Saver Hangers Organization, College Dorm Room Essentials (Gray)</p><p> -60% 0FF </p><p>$7.97</p><a href="https://www.amazon.com/dp/B0C73SXNLS?tag=eloabder-20&linkCode=osi&th=1&psc=1">View Product</a></div><div class="product"><a href="https://www.amazon.com/dp/B0BS3JQFBN?tag=eloabder-20&linkCode=osi&th=1&psc=1"><img src="https://m.media-amazon.com/images/I/51B12NhX-VL._SL500_.jpg" alt="Product Image"></a><p>HUITEM Space Saving 6 Tier Pant Hangers, Anti-Slip, Stainless Steel, 2 Pack, Black</p><p> -37% 0FF </p><p>$16.99 ($8.50 / Count)</p><a href="https://www.amazon.com/dp/B0BS3JQFBN?tag=eloabder-20&linkCode=osi&th=1&psc=1">View Product</a></div><div class="product"><a href="https://www.amazon.com/dp/B091KFT7WN?tag=eloabder-20&linkCode=osi&th=1&psc=1"><img src="https://m.media-amazon.com/images/I/415blLO8QrS._SL500_.jpg" alt="Product Image"></a><p>Magic Pants Hangers Space Saving - 2 Pack for Closet Multiple Layers Multifunctional Uses Rack Organizer for Trousers Scarves Slack (2 Pack with 10 Metal Clips)</p><p> -32% 0FF </p><p>$17.59 ($8.80 / Count)</p><a href="https://www.amazon.com/dp/B091KFT7WN?tag=eloabder-20&linkCode=osi&th=1&psc=1">View Product</a></div><div class="product"><a href="https://www.amazon.com/dp/B0CX56DY6R?tag=eloabder-20&linkCode=osi&th=1&psc=1"><img src="https://m.media-amazon.com/images/I/41lm5CT5cBL._SL500_.jpg" alt="Product Image"></a><p>ZEDODIER Tank Top Hanger, Rotatable Bra Organzier for Closet, Max 24 Storage Capacity Sport Bra Holder, Metal Space Saving Closet Organizers and Storage, Silver</p><p> -20% 0FF </p><p>$7.99</p><a href="https://www.amazon.com/dp/B0CX56DY6R?tag=eloabder-20&linkCode=osi&th=1&psc=1">View Product</a></div><div class="product"><a href="https://www.amazon.com/dp/B0CPPHDVDJ?tag=eloabder-20&linkCode=osi&th=1&psc=1"><img src="https://m.media-amazon.com/images/I/51sbXFj+BoL._SL500_.jpg" alt="Product Image"></a><p>2 Pack Closet-Organizers-and-Storage,6 Tier Mens-Shorts Pants-Hangers-Space-Saving,Skirt-Hangers with Clips for Closet Organizer,College-Dorm-Room-Essentials,Closet Storage Jean Yoga Legging Hanger</p><p> -8% 0FF </p><p>$11.99</p><a href="https://www.amazon.com/dp/B0CPPHDVDJ?tag=eloabder-20&linkCode=osi&th=1&psc=1">View Product</a></div>
<div class="product"><a href="https://www.amazon.com/dp/B0B7KTX5LC?tag=eloabder-20&linkCode=osi&th=1&psc=1"><img src="https://m.media-amazon.com/images/I/51JTXlpt4rL._SL500_.jpg" alt="Product Image"></a><p>Bezuny 72" H|36" W All-Metal Garage Shelving Unit and Storage-Easy Assembly Shelves 5-Tier Rack|Heavy-Duty Adjustable Shelf|Steel Waterproof Rust-Resistant Shelves for Industrial,Warehouse,Basement</p><p> -30% 0FF </p><p>$69.99</p><a href="https://www.amazon.com/dp/B0B7KTX5LC?tag=eloabder-20&linkCode=osi&th=1&psc=1">View Product</a></div><div class="product"><a href="https://www.amazon.com/dp/B0B5S3PH6P?tag=eloabder-20&linkCode=osi&th=1&psc=1"><img src="https://m.media-amazon.com/images/I/51jO-STn4XL._SL500_.jpg" alt="Product Image"></a><p>REIBII Garage Shelving, 72" Garage Storage Shelves Heavy Duty Shelving Units and Storage Loads 2500LBS, Adjustable 5 Tier Metal Shelving for Garage Shelves, Utility Shelf Rack, 72" H*35.5" W*16" D</p><p> -20% 0FF </p><p>$79.85</p><a href="https://www.amazon.com/dp/B0B5S3PH6P?tag=eloabder-20&linkCode=osi&th=1&psc=1">View Product</a></div><div class="product"><a href="https://www.amazon.com/dp/B0B6BDKTLB?tag=eloabder-20&linkCode=osi&th=1&psc=1"><img src="https://m.media-amazon.com/images/I/51ku-TmYb3L._SL500_.jpg" alt="Product Image"></a><p>REIBII 36" W x 16" D x 72" H Garage Shelving 2500LBS Capacity Adjustable 5-Tier Heavy Duty Metal Shelving Rack Shelf for Garage,Shed, Pantry, Basement,2 Pack</p><p> -40% 0FF </p><p>$117.99</p><a href="https://www.amazon.com/dp/B0B6BDKTLB?tag=eloabder-20&linkCode=osi&th=1&psc=1">View Product</a></div>
<div class="product"><a href="https://www.amazon.com/dp/B0BV5K3K6V?tag=eloabder-20&linkCode=osi&th=1&psc=1"><img src="https://m.media-amazon.com/images/I/41lZ9MOqYgL._SL500_.jpg" alt="Product Image"></a><p>Pro-Lift Garage Storage Shelves - Heavy Duty 4-Tier Adjustable Metal Wire Shelving Units with 8000 lbs Total Capacity for Garage Basement Racking Organization - 72" H X 77" W X 24" D</p><p> -10% 0FF </p><p>$404.99</p><a href="https://www.amazon.com/dp/B0BV5K3K6V?tag=eloabder-20&linkCode=osi&th=1&psc=1">View Product</a></div><div class="product"><a href="https://www.amazon.com/dp/B0BV6P81V5?tag=eloabder-20&linkCode=osi&th=1&psc=1"><img src="https://m.media-amazon.com/images/I/41cJ52D8IXL._SL500_.jpg" alt="Product Image"></a><p>Pro-LifT Garage Storage Shelves - Heavy Duty 3-Tier Adjustable Metal Wire Shelving Units with 3000 lbs Total Capacity for Garage Basement Racking Organization - 48" H X 48" W X 24" D</p><p> -10% 0FF </p><p>$269.99</p><a href="https://www.amazon.com/dp/B0BV6P81V5?tag=eloabder-20&linkCode=osi&th=1&psc=1">View Product</a></div><div class="product"><a href="https://www.amazon.com/dp/B099RT478T?tag=eloabder-20&linkCode=osi&th=1&psc=1"><img src="https://m.media-amazon.com/images/I/51qH610h91L._SL500_.jpg" alt="Product Image"></a><p>FLEXIMOUNTS Garage Shelving, 3-Tier Heavy Duty Adjustable Shelf, 4650 lbs Weight Capacity Storage Rack, 4 Feet Tall Industrial Metal Shelving</p><p> -20% 0FF </p><p>$159.99</p><a href="https://www.amazon.com/dp/B099RT478T?tag=eloabder-20&linkCode=osi&th=1&psc=1">View Product</a></div><div class="product"><a href="https://www.amazon.com/dp/B0BVB3KSF8?tag=eloabder-20&linkCode=osi&th=1&psc=1"><img src="https://m.media-amazon.com/images/I/41OiNKSrE9L._SL500_.jpg" alt="Product Image"></a><p>Pro-LifT Garage Storage Shelves - Heavy Duty 5-Tier Adjustable Metal Wire Shelving Units with 4000 lbs Total Capacity for Garage Basement Racking Organization - 72" H X 48" W X 18" D</p><p> -21% 0FF </p><p>$172.90</p><a href="https://www.amazon.com/dp/B0BVB3KSF8?tag=eloabder-20&linkCode=osi&th=1&psc=1">View Product</a></div><div class="product"><a href="https://www.amazon.com/dp/B00EZEN2KW?tag=eloabder-20&linkCode=osi&th=1&psc=1"><img src="https://m.media-amazon.com/images/I/41NZ6KW-NBL._SL500_.jpg" alt="Product Image"></a><p>BestOffice 18x48x72 Storage Shelves Commercial Heavy Duty Metal Shelves Garage Organizer Wire Rack Shelving Storage Unit Shelf Adjustable Utility 6000 LBS Capacity,Chrome</p><p> -32% 0FF </p><p>$88.99</p><a href="https://www.amazon.com/dp/B00EZEN2KW?tag=eloabder-20&linkCode=osi&th=1&psc=1">View Product</a></div>
<div class="product"><a href="https://www.amazon.com/dp/B0052PPNQO?tag=eloabder-20&linkCode=osi&th=1&psc=1"><img src="https://m.media-amazon.com/images/I/41wsX9EmOEL._SL500_.jpg" alt="Product Image"></a><p>Vestil PLP2-4840-GREEN Polyethylene Pallet with 4 Way Entry 8000 lbs Capacity 40 In Length 48 In Width 6 In Height</p><p> -11% 0FF </p><p>$178.00</p><a href="https://www.amazon.com/dp/B0052PPNQO?tag=eloabder-20&linkCode=osi&th=1&psc=1">View Product</a></div>
<div class="product"><a href="https://www.amazon.com/dp/B0D3HYC8H1?tag=eloabder-20&linkCode=osi&th=1&psc=1"><img src="https://m.media-amazon.com/images/I/51g1Q8n8fvL._SL500_.jpg" alt="Product Image"></a><p>Dealusy 50 Pack (100-Piece) 24 oz Meal Prep Containers Reusable with Lids, Sturdy Leakproof & Food Safe, Microwave, Freezer, Dishwasher Safe Food Prep Containers, To Go Take Out Plastic Food Storage</p><p> -38% 0FF </p><p>$19.99 ($0.40 / Count)</p><a href="https://www.amazon.com/dp/B0D3HYC8H1?tag=eloabder-20&linkCode=osi&th=1&psc=1">View Product</a></div><div class="product"><a href="https://www.amazon.com/dp/B0BJ8DLPZ2?tag=eloabder-20&linkCode=osi&th=1&psc=1"><img src="https://m.media-amazon.com/images/I/51uDVTFjr8L._SL500_.jpg" alt="Product Image"></a><p>Axe Sickle 200 Count Clear Plastic Hinged Take Out Containers Clamshell Takeout Tray Food Clamshell Containers Outside Diameter 5.3 x 4.7 inch for Dessert, Snacksetc, Cakes, Cookies, Salads</p><p> -8% 0FF </p><p>$23.99 ($0.12 / Count)</p><a href="https://www.amazon.com/dp/B0BJ8DLPZ2?tag=eloabder-20&linkCode=osi&th=1&psc=1">View Product</a></div>
<div class="product"><a href="https://www.amazon.com/dp/B01A12J3GI?tag=eloabder-20&linkCode=osi&th=1&psc=1"><img src="https://m.media-amazon.com/images/I/51OnLlU2IyL._SL500_.jpg" alt="Product Image"></a><p>DEWALT DPG82-11 Concealer Clear Anti-Fog Dual Mold Safety Goggle, Clear Lens, 1 Pair</p><p> -6% 0FF </p><p>$12.24</p><a href="https://www.amazon.com/dp/B01A12J3GI?tag=eloabder-20&linkCode=osi&th=1&psc=1">View Product</a></div><div class="product"><a href="https://www.amazon.com/dp/B0BGSFQJF6?tag=eloabder-20&linkCode=osi&th=1&psc=1"><img src="https://m.media-amazon.com/images/I/510nceKxovL._SL500_.jpg" alt="Product Image"></a><p>TICONN 12 Clear Safety Glasses for Men, Safety Goggles with Scratch Impact Resistant Meets ANSI Z87.1 Standard (12 Pack)</p><p> -13% 0FF </p><p>$12.99</p><a href="https://www.amazon.com/dp/B0BGSFQJF6?tag=eloabder-20&linkCode=osi&th=1&psc=1">View Product</a></div>
<div class="product"><a href="https://www.amazon.com/dp/B093FJWP7J?tag=eloabder-20&linkCode=osi&th=1&psc=1"><img src="https://m.media-amazon.com/images/I/51YRhBJ7CiL._SL500_.jpg" alt="Product Image"></a><p>Personal Protective Equipment (PPE) Isolation Door Caddy, Nylon Oxford NFPA-701 Large Scale Flame Retardant Coating 18.5 X 31 Inch, Included 2 Hooks - Royal Blue (with Back Pockets)</p><p> -13% 0FF </p><p>$84.97</p><a href="https://www.amazon.com/dp/B093FJWP7J?tag=eloabder-20&linkCode=osi&th=1&psc=1">View Product</a></div>
<div class="product"><a href="https://www.amazon.com/dp/B01AWK1XAS?tag=eloabder-20&linkCode=osi&th=1&psc=1"><img src="https://m.media-amazon.com/images/I/41Oax+1e+4L._SL500_.jpg" alt="Product Image"></a><p>NoCry Clear Safety Glasses for Men and Women with Anti-Fog and Scratch Resistant Wrap Around Lenses, Adjustable Temples and Nose Pads ‚Äî Certified ANSI Z87 Safety Glasses ‚Äî 100% UV Protective Eyewear</p><p> -18% 0FF </p><p>$13.99</p><a href="https://www.amazon.com/dp/B01AWK1XAS?tag=eloabder-20&linkCode=osi&th=1&psc=1">View Product</a></div><div class="product"><a href="https://www.amazon.com/dp/B0BNHKWR6W?tag=eloabder-20&linkCode=osi&th=1&psc=1"><img src="https://m.media-amazon.com/images/I/41yahLzQNGL._SL500_.jpg" alt="Product Image"></a><p>HPYNPES Safety GlassesClear Anti-Fog Goggles Over-Spec Glasses Protective Eye Wear Industrial Approved Wide-VisionÔºà4 PACKÔºâ</p><p> -50% 0FF </p><p>$9.99</p><a href="https://www.amazon.com/dp/B0BNHKWR6W?tag=eloabder-20&linkCode=osi&th=1&psc=1">View Product</a></div><div class="product"><a href="https://www.amazon.com/dp/B08S35C88L?tag=eloabder-20&linkCode=osi&th=1&psc=1"><img src="https://m.media-amazon.com/images/I/31X6+YNSuzS._SL500_.jpg" alt="Product Image"></a><p>SolidWork Safety Glasses Clear Lens with Side Shields, Anti Fog, Anti Scratch, Anti-Glare, Protective Eyewear for Men & Women</p><p> -15% 0FF </p><p>$16.99</p><a href="https://www.amazon.com/dp/B08S35C88L?tag=eloabder-20&linkCode=osi&th=1&psc=1">View Product</a></div><div class="product"><a href="https://www.amazon.com/dp/B016KZ2APQ?tag=eloabder-20&linkCode=osi&th=1&psc=1"><img src="https://m.media-amazon.com/images/I/311+k1qPWOL._SL500_.jpg" alt="Product Image"></a><p>3M Safety Glasses Solus 1000 Series ANSI Z87 Scotchgard Anti-Fog Clear Lens Low Profile Blue/Black Frame</p><p> -12% 0FF </p><p>$15.86</p><a href="https://www.amazon.com/dp/B016KZ2APQ?tag=eloabder-20&linkCode=osi&th=1&psc=1">View Product</a></div>
<div class="product"><a href="https://www.amazon.com/dp/B001FPCUHA?tag=eloabder-20&linkCode=osi&th=1&psc=1"><img src="https://m.media-amazon.com/images/I/31F0QDXn4KL._SL500_.jpg" alt="Product Image"></a><p>Flents Foam Ear Plugs, 10 Pair with Case for Sleeping, Snoring, Loud Noise, Traveling, Concerts, Construction, & Studying, NRR 33, Purple, Made in the USA,10 Count (Pack of 1)</p><p> -51% 0FF </p><p>$3.46 ($0.35 / Count)</p><a href="https://www.amazon.com/dp/B001FPCUHA?tag=eloabder-20&linkCode=osi&th=1&psc=1">View Product</a></div><div class="product"><a href="https://www.amazon.com/dp/B004CZYJLA?tag=eloabder-20&linkCode=osi&th=1&psc=1"><img src="https://m.media-amazon.com/images/I/31N8m8qA-yL._SL500_.jpg" alt="Product Image"></a><p>Flents Foam Ear Plugs, 10 Pair with Case for Sleeping, Snoring, Loud Noise, Traveling, Concerts, Construction, & Studying, NRR 33, Green, Made in the USA</p><p> -39% 0FF </p><p>$4.26 ($0.43 / Count)</p><a href="https://www.amazon.com/dp/B004CZYJLA?tag=eloabder-20&linkCode=osi&th=1&psc=1">View Product</a></div><div class="product"><a href="https://www.amazon.com/dp/B0DCZBPB4B?tag=eloabder-20&linkCode=osi&th=1&psc=1"><img src="https://m.media-amazon.com/images/I/41YdD7Ib+fL._SL500_.jpg" alt="Product Image"></a><p>Ear plugs for Sleeping 45dB Noise Cancelling Ear plugs for Concert, Work, Travel, Focus & Noise Sensitivity Silicone Hearing Protection Earplugs with 8 Ear Tips Reusable Noise Reduction Ear plug Black</p><p> -33% 0FF </p><p>$19.99</p><a href="https://www.amazon.com/dp/B0DCZBPB4B?tag=eloabder-20&linkCode=osi&th=1&psc=1">View Product</a></div><div class="product"><a href="https://www.amazon.com/dp/B085VNX9RT?tag=eloabder-20&linkCode=osi&th=1&psc=1"><img src="https://m.media-amazon.com/images/I/51-GbKB7ecL._SL500_.jpg" alt="Product Image"></a><p>Ear Plugs for Sleeping,16 Pairs Noise Canceling Soft Reusable Silicone Earplugs Waterproof Noise Reduction Earplugs for Concert,Swimming,Study,Loud Noise,Snoring</p><p> -34% 0FF </p><p>$8.59</p><a href="https://www.amazon.com/dp/B085VNX9RT?tag=eloabder-20&linkCode=osi&th=1&psc=1">View Product</a></div><div class="product"><a href="https://www.amazon.com/dp/B07G1MWHNR?tag=eloabder-20&linkCode=osi&th=1&psc=1"><img src="https://m.media-amazon.com/images/I/51xb3+YIUzL._SL500_.jpg" alt="Product Image"></a><p>Mack's Pillow Soft Silicone Earplugs, 12 Pair ‚Äì The Original Moldable Silicone Putty Ear Plugs for Sleeping, Snoring, Swimming, Travel, Concerts and Studying | Made in USA</p><p> -15% 0FF </p><p>$10.98 ($0.92 / Count)</p><a href="https://www.amazon.com/dp/B07G1MWHNR?tag=eloabder-20&linkCode=osi&th=1&psc=1">View Product</a></div><div class="product"><a href="https://www.amazon.com/dp/B0C852XHM7?tag=eloabder-20&linkCode=osi&th=1&psc=1"><img src="https://m.media-amazon.com/images/I/41cVUZQHT1L._SL500_.jpg" alt="Product Image"></a><p>Lenicany 30Pair Soft Foam EarPlugs, 32dB Disposable Sound Blocking Noise Cancelling Ear Plugs for Sleeping/Concerts Loud Music/Shooting Guns/Work Construction, Hearing Safety Protection (Blue)</p><p> -10% 0FF </p><p>$5.39 ($0.18 / Count)</p><a href="https://www.amazon.com/dp/B0C852XHM7?tag=eloabder-20&linkCode=osi&th=1&psc=1">View Product</a></div>
<div class="product"><a href="https://www.amazon.com/dp/B007JZ1N00?tag=eloabder-20&linkCode=osi&th=1&psc=1"><img src="https://m.media-amazon.com/images/I/41xRp2ZPBML._SL500_.jpg" alt="Product Image"></a><p>3M Half Facepiece Reusable Respirator 6200, NIOSH, Four-Point Harness, Comfortable Fit, Dual Airline Supplied Air Compatible, Bayonet Connections, Painting, Sanding, Cleaning, Medium</p><p> -28% 0FF </p><p>$14.75</p><a href="https://www.amazon.com/dp/B007JZ1N00?tag=eloabder-20&linkCode=osi&th=1&psc=1">View Product</a></div><div class="product"><a href="https://www.amazon.com/dp/B00004Z4EB?tag=eloabder-20&linkCode=osi&th=1&psc=1"><img src="https://m.media-amazon.com/images/I/51AYNvsO9wL._SL500_.jpg" alt="Product Image"></a><p>3M P95/OV Paint Project Reusable Respirator 6211, Medium Size, NIOSH-APPROVED Organic Vapor Cartridge & P95 Rated Filters, Lightweight, Flexible, Thermoplastic Faceseal For Comfort (6211P1-DC)</p><p> -14% 0FF </p><p>$34.20</p><a href="https://www.amazon.com/dp/B00004Z4EB?tag=eloabder-20&linkCode=osi&th=1&psc=1">View Product</a></div><div class="product"><a href="https://www.amazon.com/dp/B00IF7RCU6?tag=eloabder-20&linkCode=osi&th=1&psc=1"><img src="https://m.media-amazon.com/images/I/41AYgABL6KL._SL500_.jpg" alt="Product Image"></a><p>3M Rugged Comfort Quick Latch Half Facepiece Reusable Respirator 6503QL, NIOSH, Cool Flow Exhalation Valve, Bayonet Connection, Silicone Face Seal, for Gases, Vapors, Dust, Maintenance, Construction,L</p><p> -23% 0FF </p><p>$28.11</p><a href="https://www.amazon.com/dp/B00IF7RCU6?tag=eloabder-20&linkCode=osi&th=1&psc=1">View Product</a></div><div class="product"><a href="https://www.amazon.com/dp/B087FCW79Y?tag=eloabder-20&linkCode=osi&th=1&psc=1"><img src="https://m.media-amazon.com/images/I/41C6rOloEmL._SL500_.jpg" alt="Product Image"></a><p>RANKSING Reusable Respirator Gas Mask Half Facepiece Shield 6200 Face Cover with Filters for Dust, Fumes, Asbestos, Chemicals and Other Airborne Particles while Painting, Spraying, Polishing and More</p><p> -40% 0FF </p><p>$17.99</p><a href="https://www.amazon.com/dp/B087FCW79Y?tag=eloabder-20&linkCode=osi&th=1&psc=1">View Product</a></div><div class="product"><a href="https://www.amazon.com/dp/B007JZ1LG6?tag=eloabder-20&linkCode=osi&th=1&psc=1"><img src="https://m.media-amazon.com/images/I/41PsiHhcy1L._SL500_.jpg" alt="Product Image"></a><p>3M Full Facepiece Reusable Respirator 6800, NIOSH, Large Lens, ANSI High Impact Eye Protection, Silicone Face Seal, Four-Point Harness, Comfortable Fit, Painting, Dust, Chemicals, Medium</p><p> -56% 0FF </p><p>$93.00</p><a href="https://www.amazon.com/dp/B007JZ1LG6?tag=eloabder-20&linkCode=osi&th=1&psc=1">View Product</a></div>
<div class="product"><a href="https://www.amazon.com/dp/B08SYM9K52?tag=eloabder-20&linkCode=osi&th=1&psc=1"><img src="https://m.media-amazon.com/images/I/41bReMzs8sL._SL500_.jpg" alt="Product Image"></a><p>Klein Tools 60347 Hard Hat, Vented Full Brim, Class C, Premium KARBN Pattern, Rechargeable Lamp, Padded Sweat-Wicking Sweatband, Top Pad</p><p> -32% 0FF </p><p>$79.99</p><a href="https://www.amazon.com/dp/B08SYM9K52?tag=eloabder-20&linkCode=osi&th=1&psc=1">View Product</a></div><div class="product"><a href="https://www.amazon.com/dp/B07FQTCYTW?tag=eloabder-20&linkCode=osi&th=1&psc=1"><img src="https://m.media-amazon.com/images/I/41xEGl20DeL._SL500_.jpg" alt="Product Image"></a><p>Pyramex HP24110 Full Brim Hard Hat 4 Point Ratchet Suspension - White, 12 Count</p><p> -6% 0FF </p><p>$109.53</p><a href="https://www.amazon.com/dp/B07FQTCYTW?tag=eloabder-20&linkCode=osi&th=1&psc=1">View Product</a></div><div class="product"><a href="https://www.amazon.com/dp/B07L6QMYGG?tag=eloabder-20&linkCode=osi&th=1&psc=1"><img src="https://m.media-amazon.com/images/I/31xNCnPSZXL._SL500_.jpg" alt="Product Image"></a><p>Pyramex Ridgeline Full Brim Hard Hat 4 Point Ratchet Vented Matte Black Graphite Pattern</p><p> -15% 0FF </p><p>$28.00</p><a href="https://www.amazon.com/dp/B07L6QMYGG?tag=eloabder-20&linkCode=osi&th=1&psc=1">View Product</a></div><div class="product"><a href="https://www.amazon.com/dp/B078B9QD55?tag=eloabder-20&linkCode=osi&th=1&psc=1"><img src="https://m.media-amazon.com/images/I/41zmuOz7-DL._SL500_.jpg" alt="Product Image"></a><p>Pyramex Ridgeline Cap Style Hard Hat 4 Point Ratchet Vented Matte Black Graphite Pattern</p><p> -21% 0FF </p><p>$27.00</p><a href="https://www.amazon.com/dp/B078B9QD55?tag=eloabder-20&linkCode=osi&th=1&psc=1">View Product</a></div>
<div class="product"><a href="https://www.amazon.com/dp/B0BW9185XF?tag=eloabder-20&linkCode=osi&th=1&psc=1"><img src="https://m.media-amazon.com/images/I/51lDE-LgnFL._SL500_.jpg" alt="Product Image"></a><p>NEOTRIL Safety Work Gloves MicroFoam Nitrile Coated-3 Pairs, Seamless Knit Nylon Bulk Pack Working Gloves with Grip for Men Women Light Duty Work,Automotive,Warehouse (Gray,L)</p><p> -31% 0FF </p><p>$9.99</p><a href="https://www.amazon.com/dp/B0BW9185XF?tag=eloabder-20&linkCode=osi&th=1&psc=1">View Product</a></div><div class="product"><a href="https://www.amazon.com/dp/B00004XOH8?tag=eloabder-20&linkCode=osi&th=1&psc=1"><img src="https://m.media-amazon.com/images/I/41vrr-XI8HL._SL500_.jpg" alt="Product Image"></a><p>Ironclad General Utility Work Gloves GUG, All-Purpose, Performance Fit, Durable, Machine Washable, (1 Pair), Large - GUG-04-L , Black</p><p> -34% 0FF </p><p>$14.83</p><a href="https://www.amazon.com/dp/B00004XOH8?tag=eloabder-20&linkCode=osi&th=1&psc=1">View Product</a></div><div class="product"><a href="https://www.amazon.com/dp/B0797N2YW1?tag=eloabder-20&linkCode=osi&th=1&psc=1"><img src="https://m.media-amazon.com/images/I/41JMMfokSfL._SL500_.jpg" alt="Product Image"></a><p>HANDLANDY Mens Work Gloves Touch screen, Synthetic Leather Utility Gloves, Flexible Breathable Fit- Padded Knuckles & Palm (Large)</p><p> -19% 0FF </p><p>$12.80 ($12.80 / Count)</p><a href="https://www.amazon.com/dp/B0797N2YW1?tag=eloabder-20&linkCode=osi&th=1&psc=1">View Product</a></div>
<div class="product"><a href="https://www.amazon.com/dp/B01N5L2JG7?tag=eloabder-20&linkCode=osi&th=1&psc=1"><img src="https://m.media-amazon.com/images/I/41TB3tRdI3L._SL500_.jpg" alt="Product Image"></a><p>Skechers Men's Flex Advantage Bendon Work Shoe, Black, 9</p><p> -17% 0FF </p><p>$70.83</p><a href="https://www.amazon.com/dp/B01N5L2JG7?tag=eloabder-20&linkCode=osi&th=1&psc=1">View Product</a></div><div class="product"><a href="https://www.amazon.com/dp/B00QX3UKXA?tag=eloabder-20&linkCode=osi&th=1&psc=1"><img src="https://m.media-amazon.com/images/I/41y-VMqnzVL._SL500_.jpg" alt="Product Image"></a><p>Skechers womens Sure Track Trickel-w health care and food service shoes, Black, 9 X-Wide US</p><p> -38% 0FF </p><p>$58.63</p><a href="https://www.amazon.com/dp/B00QX3UKXA?tag=eloabder-20&linkCode=osi&th=1&psc=1">View Product</a></div><div class="product"><a href="https://www.amazon.com/dp/B08XLM93P7?tag=eloabder-20&linkCode=osi&th=1&psc=1"><img src="https://m.media-amazon.com/images/I/41VlYm6BhQL._SL500_.jpg" alt="Product Image"></a><p>Shoes for Crews Everlight Mens Non Slip Work Shoes - Men's Work & Safety Footwear, Lace-Up Breathable Work Shoes for Men, Zapato de Trabajo para Hombre, Size 11.5 Black</p><p> -14% 0FF </p><p>$59.98</p><a href="https://www.amazon.com/dp/B08XLM93P7?tag=eloabder-20&linkCode=osi&th=1&psc=1">View Product</a></div><div class="product"><a href="https://www.amazon.com/dp/B01KXSD3Q6?tag=eloabder-20&linkCode=osi&th=1&psc=1"><img src="https://m.media-amazon.com/images/I/41KIVA8d16L._SL500_.jpg" alt="Product Image"></a><p>Skechers Men's Dighton Athletic Work Food Service Shoe, Black, 10.5</p><p> -19% 0FF </p><p>$40.35</p><a href="https://www.amazon.com/dp/B01KXSD3Q6?tag=eloabder-20&linkCode=osi&th=1&psc=1">View Product</a></div><div class="product"><a href="https://www.amazon.com/dp/B0CRB5HDWQ?tag=eloabder-20&linkCode=osi&th=1&psc=1"><img src="https://m.media-amazon.com/images/I/410N9FwQahL._SL500_.jpg" alt="Product Image"></a><p>Non Slip Waterproof Shoes for Men Work Slip Resistant Oil Slip On Loafers Chef Kitchen Restaurant Food Service Zapatos de Trabajo para Hombres antideslizante para cocina Black</p><p> -20% 0FF </p><p>$39.89</p><a href="https://www.amazon.com/dp/B0CRB5HDWQ?tag=eloabder-20&linkCode=osi&th=1&psc=1">View Product</a></div><div class="product"><a href="https://www.amazon.com/dp/B0777Z16G2?tag=eloabder-20&linkCode=osi&th=1&psc=1"><img src="https://m.media-amazon.com/images/I/41ZjAWKjD1L._SL500_.jpg" alt="Product Image"></a><p>Skechers Men's Nampa Food Service Shoe, Black, 14 Wide</p><p> -28% 0FF </p><p>$40.34</p><a href="https://www.amazon.com/dp/B0777Z16G2?tag=eloabder-20&linkCode=osi&th=1&psc=1">View Product</a></div>
<div class="product"><a href="https://www.amazon.com/dp/B0032U3JXA?tag=eloabder-20&linkCode=osi&th=1&psc=1"><img src="https://m.media-amazon.com/images/I/51fQWw+gCYL._SL500_.jpg" alt="Product Image"></a><p>Guardian Fall Protection 00815 BOS-T50 Bucket of Safe-Tie - 5 Gallon Bucket, 50 ft. Vertical Lifeline Assembly, 5 Temper Reusable Anchor, Safety Harness Kit, Yellow</p><p> -20% 0FF </p><p>$87.92</p><a href="https://www.amazon.com/dp/B0032U3JXA?tag=eloabder-20&linkCode=osi&th=1&psc=1">View Product</a></div><div class="product"><a href="https://www.amazon.com/dp/B004A7XV50?tag=eloabder-20&linkCode=osi&th=1&psc=1"><img src="https://m.media-amazon.com/images/I/41Cmyb7QFkL._SL500_.jpg" alt="Product Image"></a><p>Guardian Fall Protection 10785 Premium 3-Foot Cross-Arm Straps with Large and Small D-Rings</p><p> -21% 0FF </p><p>$26.13</p><a href="https://www.amazon.com/dp/B004A7XV50?tag=eloabder-20&linkCode=osi&th=1&psc=1">View Product</a></div>
<div class="product"><a href="https://www.amazon.com/dp/B00HSJCS06?tag=eloabder-20&linkCode=osi&th=1&psc=1"><img src="https://m.media-amazon.com/images/I/51FCdQhuNVL._SL500_.jpg" alt="Product Image"></a><p>Accuform Lockout Tags, Pack of 25, Bilingual Danger Do Not Operation Equipment Lock Out, US Made OSHA Compliant Tags, Tear & Water Resistant PF-Cardstock, 5.75"x 3.25", TSP105CTP</p><p> -11% 0FF </p><p>$17.86 ($0.71 / Count)</p><a href="https://www.amazon.com/dp/B00HSJCS06?tag=eloabder-20&linkCode=osi&th=1&psc=1">View Product</a></div>
<div class="product"><a href="https://www.amazon.com/dp/B0C5M773VW?tag=eloabder-20&linkCode=osi&th=1&psc=1"><img src="https://m.media-amazon.com/images/I/51uxbEonuhL._SL500_.jpg" alt="Product Image"></a><p>SecuCaptain Emergency Fire Blanket for Home and Kitchen - 2 Pack 40"x40" Flame Suppression Fiberglass Fire Blankets for House Camping Car Office Warehouse Emergency Survival Safety</p><p> -43% 0FF </p><p>$16.99</p><a href="https://www.amazon.com/dp/B0C5M773VW?tag=eloabder-20&linkCode=osi&th=1&psc=1">View Product</a></div><div class="product"><a href="https://www.amazon.com/dp/B001229JCU?tag=eloabder-20&linkCode=osi&th=1&psc=1"><img src="https://m.media-amazon.com/images/I/31W6FuKPMcL._SL500_.jpg" alt="Product Image"></a><p>First Alert EZ Fire Spray, Extinguishing Aerosol Spray, AF400 Red 18 Ounce (Pack of 1)</p><p> -55% 0FF </p><p>$12.49</p><a href="https://www.amazon.com/dp/B001229JCU?tag=eloabder-20&linkCode=osi&th=1&psc=1">View Product</a></div><div class="product"><a href="https://www.amazon.com/dp/B00002ND64?tag=eloabder-20&linkCode=osi&th=1&psc=1"><img src="https://m.media-amazon.com/images/I/41r+PeZkpJL._SL500_.jpg" alt="Product Image"></a><p>Kidde FA110 Multi Purpose Fire Extinguisher 1A10BC, 1 Pack, red</p><p> -31% 0FF </p><p>$25.49</p><a href="https://www.amazon.com/dp/B00002ND64?tag=eloabder-20&linkCode=osi&th=1&psc=1">View Product</a></div><div class="product"><a href="https://www.amazon.com/dp/B07CQJCD6G?tag=eloabder-20&linkCode=osi&th=1&psc=1"><img src="https://m.media-amazon.com/images/I/31EmoFZ3KTL._SL500_.jpg" alt="Product Image"></a><p>Sellstrom Odyssey II Wildland Fire Safety Goggles - Anti-Fog, Anti-Scratch Eye Protection Goggles for Men & Women - FR Strap, fits over Glasses, ANSI Z87.1</p><p> -28% 0FF </p><p>$16.78</p><a href="https://www.amazon.com/dp/B07CQJCD6G?tag=eloabder-20&linkCode=osi&th=1&psc=1">View Product</a></div><div class="product"><a href="https://www.amazon.com/dp/B00005OU7B?tag=eloabder-20&linkCode=osi&th=1&psc=1"><img src="https://m.media-amazon.com/images/I/51O8BtvNfSL._SL500_.jpg" alt="Product Image"></a><p>Kidde Fire Escape Ladder, 2-Story Rope Ladder, Extends to 13-Feet, Anti-Slip Rungs</p><p> -36% 0FF </p><p>$40.99</p><a href="https://www.amazon.com/dp/B00005OU7B?tag=eloabder-20&linkCode=osi&th=1&psc=1">View Product</a></div><div class="product"><a href="https://www.amazon.com/dp/B08Z61XL6V?tag=eloabder-20&linkCode=osi&th=1&psc=1"><img src="https://m.media-amazon.com/images/I/519EzZgGD6L._SL500_.jpg" alt="Product Image"></a><p>Mart Cobra Emergency Fire Blanket for Home and Kitchen - 2 Pack - Fire Blankets Emergency for Home 40‚Äù x 40‚Äù - Fire Suppression Blanket - Home Safety</p><p> -25% 0FF </p><p>$29.87</p><a href="https://www.amazon.com/dp/B08Z61XL6V?tag=eloabder-20&linkCode=osi&th=1&psc=1">View Product</a></div>
<div class="product"><a href="https://www.amazon.com/dp/B07D6QGQYB?tag=eloabder-20&linkCode=osi&th=1&psc=1"><img src="https://m.media-amazon.com/images/I/41y18ggm8GL._SL500_.jpg" alt="Product Image"></a><p>Kidde Fire Extinguisher for Home, 1-A:10-B:C, Dry Chemical Extinguisher, Red, Mounting Bracket Included, 2 Pack</p><p> -41% 0FF </p><p>$32.98</p><a href="https://www.amazon.com/dp/B07D6QGQYB?tag=eloabder-20&linkCode=osi&th=1&psc=1">View Product</a></div><div class="product"><a href="https://www.amazon.com/dp/B07B9BNN24?tag=eloabder-20&linkCode=osi&th=1&psc=1"><img src="https://m.media-amazon.com/images/I/41SbuH+cdQL._SL500_.jpg" alt="Product Image"></a><p>FIRST ALERT HOME2PRO Rechargeable Compliance Fire Extinguisher, UL RATED 2-A:10-B:C, Red, 1-Pack</p><p> -27% 0FF </p><p>$36.48</p><a href="https://www.amazon.com/dp/B07B9BNN24?tag=eloabder-20&linkCode=osi&th=1&psc=1">View Product</a></div><div class="product"><a href="https://www.amazon.com/dp/B0C63914WK?tag=eloabder-20&linkCode=osi&th=1&psc=1"><img src="https://m.media-amazon.com/images/I/51IS9bq94IL._SL500_.jpg" alt="Product Image"></a><p>Kidde Kitchen Fire Extinguishers for Home & Office Use, 2 Pack: One 1-A:10-B:C and One Specialty Kitchen Extinguisher, Wall Mount & Strap Brackets Included</p><p> -7% 0FF </p><p>$34.99</p><a href="https://www.amazon.com/dp/B0C63914WK?tag=eloabder-20&linkCode=osi&th=1&psc=1">View Product</a></div><div class="product"><a href="https://www.amazon.com/dp/B0CB9GFZ9M?tag=eloabder-20&linkCode=osi&th=1&psc=1"><img src="https://m.media-amazon.com/images/I/41VJGkO+jDL._SL500_.jpg" alt="Product Image"></a><p>Kidde Fire Extinguisher for Home & Office Use, 5-B:C, 3.2 Lbs., USCG Approved with Strap Bracket (Included)</p><p> -23% 0FF </p><p>$23.10</p><a href="https://www.amazon.com/dp/B0CB9GFZ9M?tag=eloabder-20&linkCode=osi&th=1&psc=1">View Product</a></div><div class="product"><a href="https://www.amazon.com/dp/B0030ZZAR0?tag=eloabder-20&linkCode=osi&th=1&psc=1"><img src="https://m.media-amazon.com/images/I/41R9Nqadh4L._SL500_.jpg" alt="Product Image"></a><p>BUCKEYE Fire Extinguisher, 4A:80B:C, 10 lb., 21in.H, Red</p><p> -13% 0FF </p><p>$77.99</p><a href="https://www.amazon.com/dp/B0030ZZAR0?tag=eloabder-20&linkCode=osi&th=1&psc=1">View Product</a></div>
<div class="product"><a href="https://www.amazon.com/dp/B08LL1HRKW?tag=eloabder-20&linkCode=osi&th=1&psc=1"><img src="https://m.media-amazon.com/images/I/41OyhHgXG4S._SL500_.jpg" alt="Product Image"></a><p>X-Sense Smoke Alarm, 10-Year Battery Fire Alarm Smoke Detector with LED Indicator & Silence Button, SD2J0AX</p><p> -10% 0FF </p><p>$16.99</p><a href="https://www.amazon.com/dp/B08LL1HRKW?tag=eloabder-20&linkCode=osi&th=1&psc=1">View Product</a></div><div class="product"><a href="https://www.amazon.com/dp/B086S4XM47?tag=eloabder-20&linkCode=osi&th=1&psc=1"><img src="https://m.media-amazon.com/images/I/41vM6F1FfTL._SL500_.jpg" alt="Product Image"></a><p>Kidde Smoke Detector, Hardwired Smoke Alarm with Battery Backup, Test-Silence Button</p><p> -29% 0FF </p><p>$18.19</p><a href="https://www.amazon.com/dp/B086S4XM47?tag=eloabder-20&linkCode=osi&th=1&psc=1">View Product</a></div><div class="product"><a href="https://www.amazon.com/dp/B09YQZV62R?tag=eloabder-20&linkCode=osi&th=1&psc=1"><img src="https://m.media-amazon.com/images/I/31JFQcHDfWL._SL500_.jpg" alt="Product Image"></a><p>AEGISLINK Smoke Detector 10-Year Battery with Test/Silence Button, Fire Alarm with Photoelectric Sensor, Low Battery Warning, S500 (Independent, 1-Pack)</p><p> -33% 0FF </p><p>$9.99</p><a href="https://www.amazon.com/dp/B09YQZV62R?tag=eloabder-20&linkCode=osi&th=1&psc=1">View Product</a></div><div class="product"><a href="https://www.amazon.com/dp/B0CJC73MBZ?tag=eloabder-20&linkCode=osi&th=1&psc=1"><img src="https://m.media-amazon.com/images/I/51jYYKlO4+L._SL500_.jpg" alt="Product Image"></a><p>2 in 1 CO & Smoke Alarm,Carbon Monoxide Detectors, with Battery, Smoke Detector,85dB in Alarm,for Home and Kitchen,LCD Screen,Easy to Install</p><p> -20% 0FF </p><p>$15.98</p><a href="https://www.amazon.com/dp/B0CJC73MBZ?tag=eloabder-20&linkCode=osi&th=1&psc=1">View Product</a></div>
<div class="product"><a href="https://www.amazon.com/dp/B0B9YTGGJ3?tag=eloabder-20&linkCode=osi&th=1&psc=1"><img src="https://m.media-amazon.com/images/I/41WR-3ndQgL._SL500_.jpg" alt="Product Image"></a><p>Light and small automatic fire extinguisher, environmentally friendly and clean, car fire extinguisher, automatic fire extinguisher, suitable for electric box, ship cabin, car, ABCEF fire extinguisher</p><p> -13% 0FF </p><p>$34.99</p><a href="https://www.amazon.com/dp/B0B9YTGGJ3?tag=eloabder-20&linkCode=osi&th=1&psc=1">View Product</a></div>



<div class="product"><a href="https://www.amazon.com/dp/B01G1Y42H0?tag=eloabder-20&linkCode=osi&th=1&psc=1"><img src="https://m.media-amazon.com/images/I/41ml0ECvMBL._SL500_.jpg" alt="Product Image"></a><p>Command Broom and Mop Grippers Wall Hook, Damage Free Hanging Wall Mount Broom and Mop Holder, No Tools Household Cleaning Organizer for Living Spaces, 2 Hangers and 4 Command Strips</p><p> -20% 0FF </p><p>$13.58 ($6.79 / Count)</p><a href="https://www.amazon.com/dp/B01G1Y42H0?tag=eloabder-20&linkCode=osi&th=1&psc=1">View Product</a></div><div class="product"><a href="https://www.amazon.com/dp/B0D7S3CS9X?tag=eloabder-20&linkCode=osi&th=1&psc=1"><img src="https://m.media-amazon.com/images/I/51XG4DL1apL._SL500_.jpg" alt="Product Image"></a><p>NEOACT 4 Pack Scrapbook Tape,Double Sided Tape Roller Scrapbook Supplies,0.31In x 26 Ft Glue Tape Runner for Scrapbooking Envelopes Crafts Gift Wrapping Journaling School Office Supplies</p><p> -8% 0FF </p><p>$5.99</p><a href="https://www.amazon.com/dp/B0D7S3CS9X?tag=eloabder-20&linkCode=osi&th=1&psc=1">View Product</a></div><div class="product"><a href="https://www.amazon.com/dp/B07FM4PRY8?tag=eloabder-20&linkCode=osi&th=1&psc=1"><img src="https://m.media-amazon.com/images/I/51HHqS5jGIL._SL500_.jpg" alt="Product Image"></a><p>SUNEE 30 Packs Oversized Reusable Dry Erase Pocket Sleeves with 2 Rings, 10 Assorted Colors 10x14 Ticket Holders, Clear Plastic Sheet Protectors, Teacher School Classroom Supplies</p><p> -33% 0FF </p><p>$19.99</p><a href="https://www.amazon.com/dp/B07FM4PRY8?tag=eloabder-20&linkCode=osi&th=1&psc=1">View Product</a></div><div class="product"><a href="https://www.amazon.com/dp/B07GLCYR5S?tag=eloabder-20&linkCode=osi&th=1&psc=1"><img src="https://m.media-amazon.com/images/I/51BtNdNrdfL._SL500_.jpg" alt="Product Image"></a><p>QIO CHUANG Emergency Mylar Thermal Blankets -Space Blanket Survival kit Camping Blanket (4-Pack). Perfect for Outdoors, Hiking, Survival, Bug Out Bag ÔºåMarathons or First Aid 1</p><p> -46% 0FF </p><p>$6.98 ($1.74 / Count)</p><a href="https://www.amazon.com/dp/B07GLCYR5S?tag=eloabder-20&linkCode=osi&th=1&psc=1">View Product</a></div>
<div class="product"><a href="https://www.amazon.com/dp/B01M7VD07W?tag=eloabder-20&linkCode=osi&th=1&psc=1"><img src="https://m.media-amazon.com/images/I/51fA5JtXB9L._SL500_.jpg" alt="Product Image"></a><p>Gorilla 2 Part Epoxy, 5 Minute Set, Incredibly Strong Bonding, .85 Ounce Syringe, Clear, (Pack of 2)</p><p> -27% 0FF </p><p>$10.90 ($6.41 / Fl Oz)</p><a href="https://www.amazon.com/dp/B01M7VD07W?tag=eloabder-20&linkCode=osi&th=1&psc=1">View Product</a></div><div class="product"><a href="https://www.amazon.com/dp/B0B6HK51C3?tag=eloabder-20&linkCode=osi&th=1&psc=1"><img src="https://m.media-amazon.com/images/I/31uXWAEungL._SL500_.jpg" alt="Product Image"></a><p>Rumba Replacement Side Brush Parts for iRobot Roomba 600 700 800 900 Series 675 692 694 677 671 614 980 960 985 981 880 860 850 861 866 870 890 Vacuum Cleaner Accessories Kit,6 Side Brush,Screw Driver</p><p> -9% 0FF </p><p>$9.99</p><a href="https://www.amazon.com/dp/B0B6HK51C3?tag=eloabder-20&linkCode=osi&th=1&psc=1">View Product</a></div><div class="product"><a href="https://www.amazon.com/dp/B0BZMMR5XW?tag=eloabder-20&linkCode=osi&th=1&psc=1"><img src="https://m.media-amazon.com/images/I/41mpThblwIL._SL500_.jpg" alt="Product Image"></a><p>1614244 Foot Window Replacement for Bissell Crosswave Pet Pro Dry/Vac Vacuums Fits Models: 2328, 2305, 2305K, 2303, 2306A, 2306, 23062, 23068, 2551 Series</p><p> -10% 0FF </p><p>$26.83</p><a href="https://www.amazon.com/dp/B0BZMMR5XW?tag=eloabder-20&linkCode=osi&th=1&psc=1">View Product</a></div><div class="product"><a href="https://www.amazon.com/dp/B0CZLK6QMF?tag=eloabder-20&linkCode=osi&th=1&psc=1"><img src="https://m.media-amazon.com/images/I/311BgZOYsCL._SL500_.jpg" alt="Product Image"></a><p>Generic 7413197 Inlet Deflector Part Replacement, Vaccuum Accessory</p><p> -10% 0FF </p><p>$8.99</p><a href="https://www.amazon.com/dp/B0CZLK6QMF?tag=eloabder-20&linkCode=osi&th=1&psc=1">View Product</a></div><div class="product"><a href="https://www.amazon.com/dp/B0D1K3XHSP?tag=eloabder-20&linkCode=osi&th=1&psc=1"><img src="https://m.media-amazon.com/images/I/41UOnU2oiqL._SL500_.jpg" alt="Product Image"></a><p>RUKHOOL Dust Bin Replacement for Dyson V11 V15 SV14 SV15 SV22 Vacuum Cleaner Canister Bin Bucket Container Replacement Parts for Dyson V11 Large Bin Part No. 970050-01 and 965443-01</p><p> -11% 0FF </p><p>$33.99</p><a href="https://www.amazon.com/dp/B0D1K3XHSP?tag=eloabder-20&linkCode=osi&th=1&psc=1">View Product</a></div>

<div class="product"><a href="https://www.amazon.com/dp/B0BHGT88KF?tag=eloabder-20&linkCode=osi&th=1&psc=1"><img src="https://m.media-amazon.com/images/I/51Wy2vWqMnL._SL500_.jpg" alt="Product Image"></a><p>Fit Geno Back Brace Posture Corrector for Women, Shoulder Straightener, Adjustable Full Back Support, Upper and Lower Back Pain Relief - Scoliosis, Hunchback, Hump, Thoracic, Spine Corrector (Small)</p><p> -10% 0FF </p><p>$35.99</p><a href="https://www.amazon.com/dp/B0BHGT88KF?tag=eloabder-20&linkCode=osi&th=1&psc=1">View Product</a></div><div class="product"><a href="https://www.amazon.com/dp/B003N2DXPG?tag=eloabder-20&linkCode=osi&th=1&psc=1"><img src="https://m.media-amazon.com/images/I/41scKHD+h0L._SL500_.jpg" alt="Product Image"></a><p>Plackers Twin-Line Dental Flossers, Cool Mint Flavor, Dual Action Flossing System, Easy Storage, Super Tuffloss, 2X The Clean, 75 Count</p><p> -31% 0FF </p><p>$2.74 ($0.04 / Foot)</p><a href="https://www.amazon.com/dp/B003N2DXPG?tag=eloabder-20&linkCode=osi&th=1&psc=1">View Product</a></div>


<div class="product"><a href="https://www.amazon.com/dp/B0CGR3R8M2?tag=eloabder-20&linkCode=osi&th=1&psc=1"><img src="https://m.media-amazon.com/images/I/31dJH244FqL._SL500_.jpg" alt="Product Image"></a><p>Stainless Steel Lung Remover, Rubber Handle, Comfortable Grip, Efficient, Reliable Tool Head with Great Grip, Chicken Slaughter Equipment That Improves Efficiency, Easy to Clean</p><p> -7% 0FF </p><p>$12.98</p><a href="https://www.amazon.com/dp/B0CGR3R8M2?tag=eloabder-20&linkCode=osi&th=1&psc=1">View Product</a></div><div class="product"><a href="https://www.amazon.com/dp/B000R8ETKW?tag=eloabder-20&linkCode=osi&th=1&psc=1"><img src="https://m.media-amazon.com/images/I/41rNYbbsqpL._SL500_.jpg" alt="Product Image"></a><p>Fluke 789 ProcessMeter, Includes Standard DMM Capabilities, Measure, Source, Simulate 4-20 mA signals, and Built-In 24 V Loop Supply</p><p> -21% 0FF </p><p>$1,048.39</p><a href="https://www.amazon.com/dp/B000R8ETKW?tag=eloabder-20&linkCode=osi&th=1&psc=1">View Product</a></div><div class="product"><a href="https://www.amazon.com/dp/B0CHYSJBGR?tag=eloabder-20&linkCode=osi&th=1&psc=1"><img src="https://m.media-amazon.com/images/I/31MHdOP3u7L._SL500_.jpg" alt="Product Image"></a><p>SUS 304 Stainless Steel Lung Remover, Food Grade Chicken Processing Equipment with Super Strong Working Head and Ergonomic Handle to Remove Poultry Lungs, Essential Kitchen Tool Easy to Clean</p><p> -17% 0FF </p><p>$9.99</p><a href="https://www.amazon.com/dp/B0CHYSJBGR?tag=eloabder-20&linkCode=osi&th=1&psc=1">View Product</a></div><div class="product"><a href="https://www.amazon.com/dp/B0CR37JVN4?tag=eloabder-20&linkCode=osi&th=1&psc=1"><img src="https://m.media-amazon.com/images/I/41DwoJmzWmL._SL500_.jpg" alt="Product Image"></a><p>TIVOLI Professional Butcher Knife Set for Meat Processing, 7Pcs High Carbon Steel Hand Forged BBQ Knife Set, Serbian Chef Knife Set with Ergonomic Handles for Kitchen Outdoor Cooking Father's Day Gift</p><p> -5% 0FF </p><p>$69.99</p><a href="https://www.amazon.com/dp/B0CR37JVN4?tag=eloabder-20&linkCode=osi&th=1&psc=1">View Product</a></div><div class="product"><a href="https://www.amazon.com/dp/B01HPT0XFU?tag=eloabder-20&linkCode=osi&th=1&psc=1"><img src="https://m.media-amazon.com/images/I/51F+BRGdU+L._SL500_.jpg" alt="Product Image"></a><p>NoCry Premium Cut Resistant Gloves Food Grade ‚Äî Level 5 Protection; Ambidextrous; Machine Washable; Superior Comfort and Dexterity; Lightweight Protective Gloves; Complimentary eBook</p><p> -14% 0FF </p><p>$13.79 ($13.79 / Count)</p><a href="https://www.amazon.com/dp/B01HPT0XFU?tag=eloabder-20&linkCode=osi&th=1&psc=1">View Product</a></div><div class="product"><a href="https://www.amazon.com/dp/B071ZPSQ88?tag=eloabder-20&linkCode=osi&th=1&psc=1"><img src="https://m.media-amazon.com/images/I/31FiGEAJ9VL._SL500_.jpg" alt="Product Image"></a><p>Fluke 787B ProcessMeter</p><p> -15% 0FF </p><p>$1,020.84</p><a href="https://www.amazon.com/dp/B071ZPSQ88?tag=eloabder-20&linkCode=osi&th=1&psc=1">View Product</a></div>
<div class="product"><a href="https://www.amazon.com/dp/B0D8YPW46Y?tag=eloabder-20&linkCode=osi&th=1&psc=1"><img src="https://m.media-amazon.com/images/I/51sr1XVXPoL._SL500_.jpg" alt="Product Image"></a><p>Shelly 1 Gen3 | WiFi & Bluetooth Smart Relay Switch with Dry Contacts, 1-Channel 16A | Home Automation | Alexa, SmartThings & Google Home Compatible | No Hub | DIY Remote Control | Garage Door Opener</p><p> -8% 0FF </p><p>$16.99</p><a href="https://www.amazon.com/dp/B0D8YPW46Y?tag=eloabder-20&linkCode=osi&th=1&psc=1">View Product</a></div><div class="product"><a href="https://www.amazon.com/dp/B0D5XSGYB4?tag=eloabder-20&linkCode=osi&th=1&psc=1"><img src="https://m.media-amazon.com/images/I/31pj-zqLcYL._SL500_.jpg" alt="Product Image"></a><p>OUVOPO Zigbee Contact Sensor 2 Pack, Mini Smart Door Sensor, Home Automation, Kid Safety, Burglar Alert, Work with Alexa, SmartThings, Home Assistant, Aeotec, Homey, Hubitat with Build-in Zigbee Hub</p><p> -11% 0FF </p><p>$24.99</p><a href="https://www.amazon.com/dp/B0D5XSGYB4?tag=eloabder-20&linkCode=osi&th=1&psc=1">View Product</a></div><div class="product"><a href="https://www.amazon.com/dp/B0CXN2B9RS?tag=eloabder-20&linkCode=osi&th=1&psc=1"><img src="https://m.media-amazon.com/images/I/51NXNRAdSxL._SL500_.jpg" alt="Product Image"></a><p>Shelly Plus RGBW PM | WiFi & Bluetooth Smart Remote Control for RGBW with Power Metering | Home Automation | No Hub | Compatible with Alexa & Google Home | iOS Android App</p><p> -8% 0FF </p><p>$24.99</p><a href="https://www.amazon.com/dp/B0CXN2B9RS?tag=eloabder-20&linkCode=osi&th=1&psc=1">View Product</a></div><div class="product"><a href="https://www.amazon.com/dp/B006P591RW?tag=eloabder-20&linkCode=osi&th=1&psc=1"><img src="https://m.media-amazon.com/images/I/41EwZRzPrJL._SL500_.jpg" alt="Product Image"></a><p>Progressive Automations Mounting Bracket BRK-14 for Linear actuators PA-14, PA-14P, PA-08</p><p> -16% 0FF </p><p>$11.69</p><a href="https://www.amazon.com/dp/B006P591RW?tag=eloabder-20&linkCode=osi&th=1&psc=1">View Product</a></div>
<div class="product"><a href="https://www.amazon.com/dp/B08CZ4MG5P?tag=eloabder-20&linkCode=osi&th=1&psc=1"><img src="https://m.media-amazon.com/images/I/61lF1Z1BQ1L._SL500_.jpg" alt="Product Image"></a><p>ELEGOO Conqueror Robot Tank Kit with UNO R3 for Arduino Robotics for Kids Ages 8-12 12-16 STEM Science Kits Coding Robots Toys for 8+ Year Old Boys Girls Teens Circuits Engineering Building Project</p><p> -23% 0FF </p><p>$99.98</p><a href="https://www.amazon.com/dp/B08CZ4MG5P?tag=eloabder-20&linkCode=osi&th=1&psc=1">View Product</a></div><div class="product"><a href="https://www.amazon.com/dp/B0CYPVS3FF?tag=eloabder-20&linkCode=osi&th=1&psc=1"><img src="https://m.media-amazon.com/images/I/41tiE6fqJOL._SL500_.jpg" alt="Product Image"></a><p>Lefant M210 Pro Robot Vacuum Cleaner, 2200Pa Suction,120 Mins Runtime, Self-Charging Slim Robotic Vacuums, APP/Voice/Remote Control, Works with Alexa, Ideal for Pet Hair,Low-Pile Carpet, Hard Floor</p><p> -52% 0FF </p><p>$99.99</p><a href="https://www.amazon.com/dp/B0CYPVS3FF?tag=eloabder-20&linkCode=osi&th=1&psc=1">View Product</a></div><div class="product"><a href="https://www.amazon.com/dp/B09NNF5RHN?tag=eloabder-20&linkCode=osi&th=1&psc=1"><img src="https://m.media-amazon.com/images/I/41yl24NcAYL._SL500_.jpg" alt="Product Image"></a><p>roborock Q7 Max+ Robot Vacuum Cleaner, Hands-Free Cleaning for up to 7 Weeks, Robotic Vacuum with APP-Controlled Mopping, 4200Pa Suction, No-Mop&No-Go Zones, 180mins Runtime</p><p> -37% 0FF </p><p>$549.99</p><a href="https://www.amazon.com/dp/B09NNF5RHN?tag=eloabder-20&linkCode=osi&th=1&psc=1">View Product</a></div><div class="product"><a href="https://www.amazon.com/dp/B07GNDY96N?tag=eloabder-20&linkCode=osi&th=1&psc=1"><img src="https://m.media-amazon.com/images/I/41WDVdRkesL._SL500_.jpg" alt="Product Image"></a><p>ELEGOO Penguin Bot Biped Robot Kit Robotics for Kids Adults Coding for Kids 8-12 STEM Kits for Kids Ages 12-14 14-16 Boys Toys Teens Circuits Engineering Kits Compatible with Arduino</p><p> -8% 0FF </p><p>$45.99</p><a href="https://www.amazon.com/dp/B07GNDY96N?tag=eloabder-20&linkCode=osi&th=1&psc=1">View Product</a></div>
<div class="product"><a href="https://www.amazon.com/dp/B0C8GZJRMF?tag=eloabder-20&linkCode=osi&th=1&psc=1"><img src="https://m.media-amazon.com/images/I/6156CbXZ8ZL._SL500_.jpg" alt="Product Image"></a><p>Jevuta Engineer Gifts, Mechanical Engineering Gifts, Gifts For Engineers, Future Engineer Gifts, Aerospace Engineering Gifts, Graduation Gifts For Engineers, Retirement Gift For Engineer Tumbler 20oz</p><p> -12% 0FF </p><p>$21.99</p><a href="https://www.amazon.com/dp/B0C8GZJRMF?tag=eloabder-20&linkCode=osi&th=1&psc=1">View Product</a></div><div class="product"><a href="https://www.amazon.com/dp/B06XXZ19HX?tag=eloabder-20&linkCode=osi&th=1&psc=1"><img src="https://m.media-amazon.com/images/I/41QRwC6XcmL._SL500_.jpg" alt="Product Image"></a><p>Komelon 52425IE; 25' x 1.06" Powerblade II" Engineer Tape Measure; Yellow/Black</p><p> -10% 0FF </p><p>$13.51</p><a href="https://www.amazon.com/dp/B06XXZ19HX?tag=eloabder-20&linkCode=osi&th=1&psc=1">View Product</a></div><div class="product"><a href="https://www.amazon.com/dp/B00002N5LW?tag=eloabder-20&linkCode=osi&th=1&psc=1"><img src="https://m.media-amazon.com/images/I/41S2-EUZhgL._SL500_.jpg" alt="Product Image"></a><p>Crescent Lufkin 5/8" X 6' Red End¬Æ Engineer's Scale Wood Rule - 1066DN , White</p><p> -40% 0FF </p><p>$14.50</p><a href="https://www.amazon.com/dp/B00002N5LW?tag=eloabder-20&linkCode=osi&th=1&psc=1">View Product</a></div><div class="product"><a href="https://www.amazon.com/dp/B002MJMXD4?tag=eloabder-20&linkCode=osi&th=1&psc=1"><img src="https://m.media-amazon.com/images/I/31ZLLX+aOwL._SL500_.jpg" alt="Product Image"></a><p>ENGINEER Engineer Solder Suction Device SS-02</p><p> -25% 0FF </p><p>$19.56</p><a href="https://www.amazon.com/dp/B002MJMXD4?tag=eloabder-20&linkCode=osi&th=1&psc=1">View Product</a></div><div class="product"><a href="https://www.amazon.com/dp/B0BYD7H5PZ?tag=eloabder-20&linkCode=osi&th=1&psc=1"><img src="https://m.media-amazon.com/images/I/513DsoLDRFL._SL500_.jpg" alt="Product Image"></a><p>JERIO Engineer Gifts for Men,Engineer Coffee Tumbler Nutrition Facts - Funny Birthday,Graduation,Fathers Day,Christmas Gift Idea for Mechanical, Electrical, Civil, Science, Computer Programmer</p><p> -50% 0FF </p><p>$10.99</p><a href="https://www.amazon.com/dp/B0BYD7H5PZ?tag=eloabder-20&linkCode=osi&th=1&psc=1">View Product</a></div>
<div class="product"><a href="https://www.amazon.com/dp/B0D8HQJDT5?tag=eloabder-20&linkCode=osi&th=1&psc=1"><img src="https://m.media-amazon.com/images/I/41vCRs7ecqL._SL500_.jpg" alt="Product Image"></a><p>Amzany Bed Vacuum Cleaner - 5-in-1 Cordless Mattress Vacuum Cleaner, Powered by UV-C Light & Ultrasonic Technology, 16Kpa Strong Suction,Low Noise,Suitable for Dust, Pet Hair, Etc - Grey</p><p> -38% 0FF </p><p>$79.99</p><a href="https://www.amazon.com/dp/B0D8HQJDT5?tag=eloabder-20&linkCode=osi&th=1&psc=1">View Product</a></div><div class="product"><a href="https://www.amazon.com/dp/B081RJ8DW1?tag=eloabder-20&linkCode=osi&th=1&psc=1"><img src="https://m.media-amazon.com/images/I/41XdbpXmFvL._SL500_.jpg" alt="Product Image"></a><p>Gskyer Telescope, 70mm Aperture 400mm AZ Mount Astronomical Refracting Telescope for Kids Beginners - Travel Telescope with Carry Bag, Phone Adapter and Wireless Remote.</p><p> -33% 0FF </p><p>$86.99</p><a href="https://www.amazon.com/dp/B081RJ8DW1?tag=eloabder-20&linkCode=osi&th=1&psc=1">View Product</a></div><div class="product"><a href="https://www.amazon.com/dp/B008HOSQQQ?tag=eloabder-20&linkCode=osi&th=1&psc=1"><img src="https://m.media-amazon.com/images/I/31eIm02e4iL._SL500_.jpg" alt="Product Image"></a><p>Refrigeration Technologies RT201B Nylog Gasket/Thread Sealant, 30 ml (1 Pack)</p><p> -55% 0FF </p><p>$8.99</p><a href="https://www.amazon.com/dp/B008HOSQQQ?tag=eloabder-20&linkCode=osi&th=1&psc=1">View Product</a></div><div class="product"><a href="https://www.amazon.com/dp/B00UZ1WWUK?tag=eloabder-20&linkCode=osi&th=1&psc=1"><img src="https://m.media-amazon.com/images/I/318bhhXmhBL._SL500_.jpg" alt="Product Image"></a><p>BW Technologies Corded Electric BWC2-H BW Clip Single Gas H2S Monitor, 10/15 (1 Pack)</p><p> -34% 0FF </p><p>$91.14</p><a href="https://www.amazon.com/dp/B00UZ1WWUK?tag=eloabder-20&linkCode=osi&th=1&psc=1">View Product</a></div><div class="product"><a href="https://www.amazon.com/dp/B007885Y3K?tag=eloabder-20&linkCode=osi&th=1&psc=1"><img src="https://m.media-amazon.com/images/I/41Uh4TbGoGL._SL500_.jpg" alt="Product Image"></a><p>Safety Technology International, Inc. STI-13010FR Universal Stopper¬Æ, Flush Mount and Fire label, Indoor/Outdoor Protective Polycarbonate Cover for Pull Stations or Call Points, Red</p><p> -32% 0FF </p><p>$40.29</p><a href="https://www.amazon.com/dp/B007885Y3K?tag=eloabder-20&linkCode=osi&th=1&psc=1">View Product</a></div><div class="product"><a href="https://www.amazon.com/dp/B000FTADX0?tag=eloabder-20&linkCode=osi&th=1&psc=1"><img src="https://m.media-amazon.com/images/I/31HT3jGR4YL._SL500_.jpg" alt="Product Image"></a><p>Fluke Networks 26000900 Pro3000 Tone Generator and Probe Kit with SmartTone Technology, Blue</p><p> -37% 0FF </p><p>$88.48</p><a href="https://www.amazon.com/dp/B000FTADX0?tag=eloabder-20&linkCode=osi&th=1&psc=1">View Product</a></div>
<div class="product"><a href="https://www.amazon.com/dp/B0CN6F2GBN?tag=eloabder-20&linkCode=osi&th=1&psc=1"><img src="https://m.media-amazon.com/images/I/314BZ1QOH0L._SL500_.jpg" alt="Product Image"></a><p>Listerine Clinical Solutions Gum Health Antiseptic Mouthwash, Antigingivitis & Antiplaque Oral Rinse Helps Prevent Buildup & Immediately Kills Germs for Healthier Gums, ICY Mint, 1 L</p><p> -11% 0FF </p><p>$11.97 ($0.35 / Fl Oz)</p><a href="https://www.amazon.com/dp/B0CN6F2GBN?tag=eloabder-20&linkCode=osi&th=1&psc=1">View Product</a></div><div class="product"><a href="https://www.amazon.com/dp/B00WIMUVU2?tag=eloabder-20&linkCode=osi&th=1&psc=1"><img src="https://m.media-amazon.com/images/I/41ZdoGErSaL._SL500_.jpg" alt="Product Image"></a><p>Carpet Miracle - Carpet Cleaner Shampoo Solution for Machine Use, Deep Stain Remover and Odor Deodorizing Formula, Use On Rug Car Upholstery and Carpets (32FL OZ)</p><p> -23% 0FF </p><p>$19.99 ($0.62 / Fl Oz)</p><a href="https://www.amazon.com/dp/B00WIMUVU2?tag=eloabder-20&linkCode=osi&th=1&psc=1">View Product</a></div><div class="product"><a href="https://www.amazon.com/dp/B002C2O5EQ?tag=eloabder-20&linkCode=osi&th=1&psc=1"><img src="https://m.media-amazon.com/images/I/412RaKelAmL._SL500_.jpg" alt="Product Image"></a><p>Betadine Antiseptic Liquid First Aid Solution, Povidone-iodine 10%, Infection Protection, Kills Germs In Minor Cuts Scrapes And Burns, No Sting Promise, No Alcohol or Hydrogen Peroxide, 8 FL OZ</p><p> -24% 0FF </p><p>$13.29 ($1.66 / Fl Oz)</p><a href="https://www.amazon.com/dp/B002C2O5EQ?tag=eloabder-20&linkCode=osi&th=1&psc=1">View Product</a></div>

<div class="product"><a href="https://www.amazon.com/dp/B005LJ8EXU?tag=eloabder-20&linkCode=osi&th=1&psc=1"><img src="https://m.media-amazon.com/images/I/51y1lIaCqZL._SL500_.jpg" alt="Product Image"></a><p>iSpring RCC7AK, NSF Certified 75 GPD, Alkaline 6-Stage Reverse Osmosis System, pH+ Remineralization RO Water Filter System Under Sink, Superb Taste Drinking Water Filter</p><p> -33% 0FF </p><p>$186.14</p><a href="https://www.amazon.com/dp/B005LJ8EXU?tag=eloabder-20&linkCode=osi&th=1&psc=1">View Product</a></div><div class="product"><a href="https://www.amazon.com/dp/B00I0ZGOZM?tag=eloabder-20&linkCode=osi&th=1&psc=1"><img src="https://m.media-amazon.com/images/I/419oT125q0L._SL500_.jpg" alt="Product Image"></a><p>APEC Water Systems ROES-50 Essence Series Top Tier 5-Stage WQA Certified Ultra Safe Reverse Osmosis Drinking Water Filter System</p><p> -7% 0FF </p><p>$185.00</p><a href="https://www.amazon.com/dp/B00I0ZGOZM?tag=eloabder-20&linkCode=osi&th=1&psc=1">View Product</a></div><div class="product"><a href="https://www.amazon.com/dp/B00J2DGTD8?tag=eloabder-20&linkCode=osi&th=1&psc=1"><img src="https://m.media-amazon.com/images/I/51a5ku-MyBL._SL500_.jpg" alt="Product Image"></a><p>Express Water RO5DX Reverse Osmosis Filtration NSF Certified 5 Stage RO System with Faucet and Tank ‚Äì Under Sink Water Plus 4 Filters ‚Äì 50 GPD, 14 x 17 x 5, White</p><p> -21% 0FF </p><p>$157.48</p><a href="https://www.amazon.com/dp/B00J2DGTD8?tag=eloabder-20&linkCode=osi&th=1&psc=1">View Product</a></div><div class="product"><a href="https://www.amazon.com/dp/B01F9A4UVU?tag=eloabder-20&linkCode=osi&th=1&psc=1"><img src="https://m.media-amazon.com/images/I/41UItWTKFsS._SL500_.jpg" alt="Product Image"></a><p>iSpring WGB21B 2-Stage Whole House Water Filtration System, with 10" x 4.5" Sediment CTO(Chlorine, Taste, and Odor) Filter, 1" Inlet/Outlet</p><p> -30% 0FF </p><p>$127.49</p><a href="https://www.amazon.com/dp/B01F9A4UVU?tag=eloabder-20&linkCode=osi&th=1&psc=1">View Product</a></div><div class="product"><a href="https://www.amazon.com/dp/B07Y42RD9T?tag=eloabder-20&linkCode=osi&th=1&psc=1"><img src="https://m.media-amazon.com/images/I/219MeTcyMBL._SL500_.jpg" alt="Product Image"></a><p>Bard Medical PWF030 Purewick Female External Catheter, Latex, Pack of 30</p><p> -6% 0FF </p><p>$206.00 ($6.87 / Count)</p><a href="https://www.amazon.com/dp/B07Y42RD9T?tag=eloabder-20&linkCode=osi&th=1&psc=1">View Product</a></div><div class="product"><a href="https://www.amazon.com/dp/B00HRHHFPW?tag=eloabder-20&linkCode=osi&th=1&psc=1"><img src="https://m.media-amazon.com/images/I/51ykZ8b1GwL._SL500_.jpg" alt="Product Image"></a><p>APEC Water Systems RO-90 Ultimate Series Top Tier Supreme Certified High Output 90 GPD Ultra Safe Reverse Osmosis Drinking Water Filter System, Chrome Faucet</p><p> -15% 0FF </p><p>$191.55</p><a href="https://www.amazon.com/dp/B00HRHHFPW?tag=eloabder-20&linkCode=osi&th=1&psc=1">View Product</a></div>
<div class="product"><a href="https://www.amazon.com/dp/B00HKAJ018?tag=eloabder-20&linkCode=osi&th=1&psc=1"><img src="https://m.media-amazon.com/images/I/31cVzL2O1zL._SL500_.jpg" alt="Product Image"></a><p>SmartSign 25 x 12 inch ‚ÄúCaution - Maintenance Work In Progress‚Äù Two-Sided Folding Floor Sign, Digitally Printed Polypropylene Plastic, Black and Yellow</p><p> -11% 0FF </p><p>$36.95</p><a href="https://www.amazon.com/dp/B00HKAJ018?tag=eloabder-20&linkCode=osi&th=1&psc=1">View Product</a></div><div class="product"><a href="https://www.amazon.com/dp/B00HSJ4YLW?tag=eloabder-20&linkCode=osi&th=1&psc=1"><img src="https://m.media-amazon.com/images/I/41mCVFnsRpL._SL500_.jpg" alt="Product Image"></a><p>Accuform TAD847 Standard Door Knob Hanger Tag, Legend"Maintenance Employee Inside", 9" Length x 4" Width x 0.015" Thickness, RP-Plastic, Black on Yellow (Pack of 10)</p><p> -24% 0FF </p><p>$27.69 ($2.77 / Count)</p><a href="https://www.amazon.com/dp/B00HSJ4YLW?tag=eloabder-20&linkCode=osi&th=1&psc=1">View Product</a></div><div class="product"><a href="https://www.amazon.com/dp/B00700N1IQ?tag=eloabder-20&linkCode=osi&th=1&psc=1"><img src="https://m.media-amazon.com/images/I/511bcg+-z2L._SL500_.jpg" alt="Product Image"></a><p>NMC RA15RB Security Sign, Legend "RESTRICTED AREA - MAINTENANCE PERSONNEL ONLY", 14" Length x 10" Height, Rigid Plastic, Black/Red on White</p><p> -11% 0FF </p><p>$13.31</p><a href="https://www.amazon.com/dp/B00700N1IQ?tag=eloabder-20&linkCode=osi&th=1&psc=1">View Product</a></div>
<div class="product"><a href="https://www.amazon.com/dp/B0BKKTFWJK?tag=eloabder-20&linkCode=osi&th=1&psc=1"><img src="https://m.media-amazon.com/images/I/41cvC72AHeL._SL500_.jpg" alt="Product Image"></a><p>AceMining Upgraded Door Security Bar & Sliding Patio Bar, Heavy Duty Stoppers Adjustable Jammer for Home, Apartment, Travel (1 Pack,White)</p><p> -17% 0FF </p><p>$23.99</p><a href="https://www.amazon.com/dp/B0BKKTFWJK?tag=eloabder-20&linkCode=osi&th=1&psc=1">View Product</a></div><div class="product"><a href="https://www.amazon.com/dp/B01LDPHXD2?tag=eloabder-20&linkCode=osi&th=1&psc=1"><img src="https://m.media-amazon.com/images/I/41pcC4hFanL._SL500_.jpg" alt="Product Image"></a><p>Ergodyne Unisex Adult Hi Vis Safety GloWear 8377 Type R Class 3 Lime Quilted Bomber Jacket, Large, Lime, Large US</p><p> -34% 0FF </p><p>$34.99</p><a href="https://www.amazon.com/dp/B01LDPHXD2?tag=eloabder-20&linkCode=osi&th=1&psc=1">View Product</a></div><div class="product"><a href="https://www.amazon.com/dp/B0B7KTV8Q8?tag=eloabder-20&linkCode=osi&th=1&psc=1"><img src="https://m.media-amazon.com/images/I/417c5VIfBtL._SL500_.jpg" alt="Product Image"></a><p>RoadHero 18 Inch 4 Pack Collapsible Traffic Safety Cones, Multi Purpose Pop-up Cones with Reflective Collar for Road Safety, Orange Cones for Driving Training, Parking Lots</p><p> -18% 0FF </p><p>$23.65</p><a href="https://www.amazon.com/dp/B0B7KTV8Q8?tag=eloabder-20&linkCode=osi&th=1&psc=1">View Product</a></div>
<div class="product"><a href="https://www.amazon.com/dp/B000GISU1M?tag=eloabder-20&linkCode=osi&th=1&psc=1"><img src="https://m.media-amazon.com/images/I/41YAvhdmLIL._SL500_.jpg" alt="Product Image"></a><p>Optimum Nutrition Gold Standard 100% Whey Protein Powder, Vanilla Ice Creme, 5 Pound (Packaging May Vary)</p><p> -5% 0FF </p><p>$82.06 ($1.03 / Ounce)</p><a href="https://www.amazon.com/dp/B000GISU1M?tag=eloabder-20&linkCode=osi&th=1&psc=1">View Product</a></div><div class="product"><a href="https://www.amazon.com/dp/B084JHKFCW?tag=eloabder-20&linkCode=osi&th=1&psc=1"><img src="https://m.media-amazon.com/images/I/31wQjwQJR2L._SL500_.jpg" alt="Product Image"></a><p>American Standard 5503A00B.020 Slow Elongated Closed Front Toilet Seat, White</p><p> -42% 0FF </p><p>$32.96</p><a href="https://www.amazon.com/dp/B084JHKFCW?tag=eloabder-20&linkCode=osi&th=1&psc=1">View Product</a></div><div class="product"><a href="https://www.amazon.com/dp/B0CYZJM8PZ?tag=eloabder-20&linkCode=osi&th=1&psc=1"><img src="https://m.media-amazon.com/images/I/41d-M4+HpuL._SL500_.jpg" alt="Product Image"></a><p>DEGNJU LED Light Bulbs Daylight 5000K, 60 Watt Equivalent LED Bulbs, A19 Standard Bulbs, 800 LM, 15000 Hours, E26 Base, Non-Dimmable, 8.5W LED Bulbs for Bedroom Living Room 12 Pack</p><p> -27% 0FF </p><p>$17.99 ($1.50 / Count)</p><a href="https://www.amazon.com/dp/B0CYZJM8PZ?tag=eloabder-20&linkCode=osi&th=1&psc=1">View Product</a></div><div class="product"><a href="https://www.amazon.com/dp/B0CHYK75D4?tag=eloabder-20&linkCode=osi&th=1&psc=1"><img src="https://m.media-amazon.com/images/I/51DjecU3ILL._SL500_.jpg" alt="Product Image"></a><p>30-Piece Ultimate All-Purpose Combination Wrench Set in Roll-up Pouch | SAE 1/4‚Äù to 1‚Äù, Metric 6mm to 24mm | Best Value Complete Wrench Set for General Household, Garage, Truck, Car, Travel Emergency</p><p> -18% 0FF </p><p>$32.99</p><a href="https://www.amazon.com/dp/B0CHYK75D4?tag=eloabder-20&linkCode=osi&th=1&psc=1">View Product</a></div><div class="product"><a href="https://www.amazon.com/dp/B0D3XK7Z4J?tag=eloabder-20&linkCode=osi&th=1&psc=1"><img src="https://m.media-amazon.com/images/I/41wMwgcLSxL._SL500_.jpg" alt="Product Image"></a><p>Miucoguier Thread Checker - 28 Nut & Bolt Thread Checker, Bolt Size and Thread Gauge 14 Standard and 14 Metric Sizes, Bolt and Nut Identifier Gauge for Easy Verifying Sizing</p><p> -21% 0FF </p><p>$22.99</p><a href="https://www.amazon.com/dp/B0D3XK7Z4J?tag=eloabder-20&linkCode=osi&th=1&psc=1">View Product</a></div><div class="product"><a href="https://www.amazon.com/dp/B0CL1WBXG6?tag=eloabder-20&linkCode=osi&th=1&psc=1"><img src="https://m.media-amazon.com/images/I/51lHAQ830tL._SL500_.jpg" alt="Product Image"></a><p>GRENPRO Ratcheting Wrench Set, Combination Wrench Set, 22-Piece SAE & Metric and Standard, 72-Tooth Long Open End, 1/4" to 3/4" & 6-18mm, Organizer With Roll Up Pouch, CR-V Steel, Mechanic Tools Sets</p><p> -16% 0FF </p><p>$51.99 ($0.49 / Ounce)</p><a href="https://www.amazon.com/dp/B0CL1WBXG6?tag=eloabder-20&linkCode=osi&th=1&psc=1">View Product</a></div>

<div class="product"><a href="https://www.amazon.com/dp/B0D5V4PM1L?tag=eloabder-20&linkCode=osi&th=1&psc=1"><img src="https://m.media-amazon.com/images/I/51lbOWv6lZL._SL500_.jpg" alt="Product Image"></a><p>2025 Florida State and Federal Labor Laws Poster - OSHA Compliant UV Waterproof Laminated 24" x 36" English and Spanish Version 2PCS Folded - All in One Compliance Posting</p><p> -20% 0FF </p><p>$19.99</p><a href="https://www.amazon.com/dp/B0D5V4PM1L?tag=eloabder-20&linkCode=osi&th=1&psc=1">View Product</a></div>
<div class="product"><a href="https://www.amazon.com/dp/B0CFF8Z1NF?tag=eloabder-20&linkCode=osi&th=1&psc=1"><img src="https://m.media-amazon.com/images/I/41bDsv2AHdL._SL500_.jpg" alt="Product Image"></a><p>Endoscope Camera with Light - Inspection Borescope Camera with 4.3" IPS Screen, 1920P HD Snake Camera with 8 LED Lights, 16.4FT Semi-Rigid Cord Bore Scope, IP67 Waterproof Endoscope for Sewer(Orange)</p><p> -34% 0FF </p><p>$32.98</p><a href="https://www.amazon.com/dp/B0CFF8Z1NF?tag=eloabder-20&linkCode=osi&th=1&psc=1">View Product</a></div><div class="product"><a href="https://www.amazon.com/dp/B01D4QMUVI?tag=eloabder-20&linkCode=osi&th=1&psc=1"><img src="https://m.media-amazon.com/images/I/31UUBvi72zL._SL500_.jpg" alt="Product Image"></a><p>Optional life Telescoping LED Lighted Flexible Inspection Mirror 360 Swivel for Extra Viewing</p><p> -10% 0FF </p><p>$8.99</p><a href="https://www.amazon.com/dp/B01D4QMUVI?tag=eloabder-20&linkCode=osi&th=1&psc=1">View Product</a></div><div class="product"><a href="https://www.amazon.com/dp/B07HX76VM9?tag=eloabder-20&linkCode=osi&th=1&psc=1"><img src="https://m.media-amazon.com/images/I/31lU0HeUxnL._SL500_.jpg" alt="Product Image"></a><p>Juvale 2 Pack Telescoping Inspection Mirror Tool, Round 2-Inch Mirror with 24.5-Inch Extension for Mechanics, Inspectors</p><p> -38% 0FF </p><p>$7.99</p><a href="https://www.amazon.com/dp/B07HX76VM9?tag=eloabder-20&linkCode=osi&th=1&psc=1">View Product</a></div><div class="product"><a href="https://www.amazon.com/dp/B0BR7MKHF9?tag=eloabder-20&linkCode=osi&th=1&psc=1"><img src="https://m.media-amazon.com/images/I/41Oa1v7l6NL._SL500_.jpg" alt="Product Image"></a><p>Endoscope Camera with Light, 1920P HD Borescope Tools with 8 Adjustable LED Lights, Endoscope with 16.4ft Semi-Rigid Snake Camera, 7.9mm IP67 Waterproof Inspection Camera for iOS (Black)</p><p> -48% 0FF </p><p>$30.99</p><a href="https://www.amazon.com/dp/B0BR7MKHF9?tag=eloabder-20&linkCode=osi&th=1&psc=1">View Product</a></div><div class="product"><a href="https://www.amazon.com/dp/B09FK5QFTR?tag=eloabder-20&linkCode=osi&th=1&psc=1"><img src="https://m.media-amazon.com/images/I/41hfMwNfTWL._SL500_.jpg" alt="Product Image"></a><p>Telescoping Magnetic Pickup Tool Set-Extendable Magnet Flashlight with Inspection Mirror-Cool Gadgets Gifts Idea & Birthday Gifts for Father, Men, Him, Boyfriend, Husband, Handyman, Mechanic</p><p> -22% 0FF </p><p>$27.99</p><a href="https://www.amazon.com/dp/B09FK5QFTR?tag=eloabder-20&linkCode=osi&th=1&psc=1">View Product</a></div>
<div class="product"><a href="https://www.amazon.com/dp/B09KZ6TBNY?tag=eloabder-20&linkCode=osi&th=1&psc=1"><img src="https://m.media-amazon.com/images/I/41oPbadBuQL._SL500_.jpg" alt="Product Image"></a><p>iHealth COVID-19 Antigen Rapid Test, 1 Pack, 2 Tests Total, FDA EUA Authorized OTC at-Home Self Test, Results in 15 Minutes with Non-invasive Nasal Swab, Easy to Use & No Discomfort</p><p> -13% 0FF </p><p>$15.69 ($7.84 / Count)</p><a href="https://www.amazon.com/dp/B09KZ6TBNY?tag=eloabder-20&linkCode=osi&th=1&psc=1">View Product</a></div><div class="product"><a href="https://www.amazon.com/dp/B0C3SR4BNC?tag=eloabder-20&linkCode=osi&th=1&psc=1"><img src="https://m.media-amazon.com/images/I/41vH7tiKQaL._SL500_.jpg" alt="Product Image"></a><p>BinaxNOW COVID-19 Antigen Self Test, 1 Pack, 4 Tests Total, COVID Test With 15-Minute Results Without Sending to a Lab, Easy to Use at Home</p><p> -9% 0FF </p><p>$28.88 ($7.22 / Count)</p><a href="https://www.amazon.com/dp/B0C3SR4BNC?tag=eloabder-20&linkCode=osi&th=1&psc=1">View Product</a></div><div class="product"><a href="https://www.amazon.com/dp/B09PZS1N44?tag=eloabder-20&linkCode=osi&th=1&psc=1"><img src="https://m.media-amazon.com/images/I/418W+HhY5PL._SL500_.jpg" alt="Product Image"></a><p>Flowflex COVID-19 Antigen Home Test kit, 1 Pack, 5 Tests Total. FDA EUA Authorized OTC at-Home Self-Test, Non-invasive Nasal Swab, Easy to Use and No Discomfort, Results in 15 Minutes</p><p> -20% 0FF </p><p>$31.99 ($6.40 / Count)</p><a href="https://www.amazon.com/dp/B09PZS1N44?tag=eloabder-20&linkCode=osi&th=1&psc=1">View Product</a></div><div class="product"><a href="https://www.amazon.com/dp/B0D2DQBJS2?tag=eloabder-20&linkCode=osi&th=1&psc=1"><img src="https://m.media-amazon.com/images/I/51PHwjjreKL._SL500_.jpg" alt="Product Image"></a><p>CorDx TyFast Flu A/B & Covid-19 Multiplex Rapid Test, 10 Mins at Home, FDA Authorized, 3-in-1 Combo Kit, 2 Tests</p><p> -29% 0FF </p><p>$21.21</p><a href="https://www.amazon.com/dp/B0D2DQBJS2?tag=eloabder-20&linkCode=osi&th=1&psc=1">View Product</a></div><div class="product"><a href="https://www.amazon.com/dp/B07CF8C4VX?tag=eloabder-20&linkCode=osi&th=1&psc=1"><img src="https://m.media-amazon.com/images/I/51brLSHm6vL._SL500_.jpg" alt="Product Image"></a><p>CONTOUR NEXT Blood Glucose Test Strips for Diabetes, 70 Count (Pack of 1)</p><p> -17% 0FF </p><p>$26.58 ($0.38 / Count)</p><a href="https://www.amazon.com/dp/B07CF8C4VX?tag=eloabder-20&linkCode=osi&th=1&psc=1">View Product</a></div>
<div class="product"><a href="https://www.amazon.com/dp/B01LYBYFTJ?tag=eloabder-20&linkCode=osi&th=1&psc=1"><img src="https://m.media-amazon.com/images/I/518DrPFcK0L._SL500_.jpg" alt="Product Image"></a><p>Accuform MQTL707VP Plastic Sign, "Quality Control Inspection Area", 10" Length x 14" Width x 0.055" Thickness, Green/Black on White</p><p> -7% 0FF </p><p>$12.72</p><a href="https://www.amazon.com/dp/B01LYBYFTJ?tag=eloabder-20&linkCode=osi&th=1&psc=1">View Product</a></div><div class="product"><a href="https://www.amazon.com/dp/B08HQMBQ79?tag=eloabder-20&linkCode=osi&th=1&psc=1"><img src="https://m.media-amazon.com/images/I/41eP15ePWkL._SL500_.jpg" alt="Product Image"></a><p>CO2 Controller Carbon Dioxide Controller Air Quality Monitor CO2 Meter with Day and Night Control Relay Function, NDIR Sensor Probe Cable, CO2 Detector for Plant, Grow Room, Green House, Garden, Home</p><p> -13% 0FF </p><p>$139.59</p><a href="https://www.amazon.com/dp/B08HQMBQ79?tag=eloabder-20&linkCode=osi&th=1&psc=1">View Product</a></div><div class="product"><a href="https://www.amazon.com/dp/B0CPBKHZNC?tag=eloabder-20&linkCode=osi&th=1&psc=1"><img src="https://m.media-amazon.com/images/I/51jPs5y3CJL._SL500_.jpg" alt="Product Image"></a><p>IUYPKQ Steel Wool for Mice Control - 2 Pack of 3"√ó10Ft Steel Wool, Gap Filter for House & Garage - Keep Mice Away from HolesÔºåSidingÔºåPipelineÔºåVents in Garden, House, 7.04oz (2, 100g)</p><p> -18% 0FF </p><p>$8.20</p><a href="https://www.amazon.com/dp/B0CPBKHZNC?tag=eloabder-20&linkCode=osi&th=1&psc=1">View Product</a></div>

<div class="product"><a href="https://www.amazon.com/dp/B084F3YQMH?tag=eloabder-20&linkCode=osi&th=1&psc=1"><img src="https://m.media-amazon.com/images/I/51XzXeJ5EHS._SL500_.jpg" alt="Product Image"></a><p>Ultrasac Blue Recycling Bags 33 Gallon 0.9 MIL, 33.5" x 38" - Pack of 45 - For Recycling, Kitchen, Industrial, & Commercial</p><p> -37% 0FF </p><p>$15.06 ($0.33 / Count)</p><a href="https://www.amazon.com/dp/B084F3YQMH?tag=eloabder-20&linkCode=osi&th=1&psc=1">View Product</a></div>
<div class="product"><a href="https://www.amazon.com/dp/B09RY35M4S?tag=eloabder-20&linkCode=osi&th=1&psc=1"><img src="https://m.media-amazon.com/images/I/41wjzxrudGL._SL500_.jpg" alt="Product Image"></a><p>Kleenex Lotion Facial Tissues with Coconut Oil, 3 Flat Boxes, 120 Tissues Per Box, 3-Ply</p><p> -9% 0FF </p><p>$5.24 ($1.46 / 100 Sheets)</p><a href="https://www.amazon.com/dp/B09RY35M4S?tag=eloabder-20&linkCode=osi&th=1&psc=1">View Product</a></div><div class="product"><a href="https://www.amazon.com/dp/B09M5XF6JV?tag=eloabder-20&linkCode=osi&th=1&psc=1"><img src="https://m.media-amazon.com/images/I/410w59XOeaL._SL500_.jpg" alt="Product Image"></a><p>Kleenex Ultra Soft Facial Tissues, 4 Cube Boxes, 60 Tissues per Box, 3-Ply (240 Total Tissues), Packaging May Vary</p><p> -12% 0FF </p><p>$6.58 ($2.74 / 100 Sheets)</p><a href="https://www.amazon.com/dp/B09M5XF6JV?tag=eloabder-20&linkCode=osi&th=1&psc=1">View Product</a></div><div class="product"><a href="https://www.amazon.com/dp/B09YKRZR22?tag=eloabder-20&linkCode=osi&th=1&psc=1"><img src="https://m.media-amazon.com/images/I/413kbNG2YCL._SL500_.jpg" alt="Product Image"></a><p>Puffs Plus Lotion Facial Tissues, 8 Family Boxes, 124 Facial Tissues per Box, Allergies and Colds</p><p> -26% 0FF </p><p>$13.28 ($1.34 / 100 Sheets)</p><a href="https://www.amazon.com/dp/B09YKRZR22?tag=eloabder-20&linkCode=osi&th=1&psc=1">View Product</a></div>
<div class="product"><a href="https://www.amazon.com/dp/B0CMTR8NFM?tag=eloabder-20&linkCode=osi&th=1&psc=1"><img src="https://m.media-amazon.com/images/I/418XJgVkJIL._SL500_.jpg" alt="Product Image"></a><p>dalattin 12 Pack A19 LED Bulbs, 9W Equivalent 60 Watts, E26 Base, 5000K Daylight White, 800 LM, Efficient Energy Saving Lights for Living Room, Office, 80+ CRI, 120V, UL Listed</p><p> -6% 0FF </p><p>$15.99 ($1.33 / Count)</p><a href="https://www.amazon.com/dp/B0CMTR8NFM?tag=eloabder-20&linkCode=osi&th=1&psc=1">View Product</a></div><div class="product"><a href="https://www.amazon.com/dp/B0CZHCZ5TL?tag=eloabder-20&linkCode=osi&th=1&psc=1"><img src="https://m.media-amazon.com/images/I/31iJMTbdOTL._SL500_.jpg" alt="Product Image"></a><p>TP-Link Tapo Smart Plug Compatible with Alexa, Google Home & Samsung SmartThings, Energy Monitoring, 15A, ETL Certified, 2.4G Wi-Fi Only, Tapo P110, White</p><p> -27% 0FF </p><p>$10.99</p><a href="https://www.amazon.com/dp/B0CZHCZ5TL?tag=eloabder-20&linkCode=osi&th=1&psc=1">View Product</a></div><div class="product"><a href="https://www.amazon.com/dp/B0CCB442CF?tag=eloabder-20&linkCode=osi&th=1&psc=1"><img src="https://m.media-amazon.com/images/I/31oVkQ9gShL._SL500_.jpg" alt="Product Image"></a><p>DEGNJU A19 LED Light Bulbs, 60 Watt Equivalent LED Bulbs, Soft White 2700K, 800 Lumens, E26 Standard Base, Non-Dimmable, 8.5W Warm White LED Bulbs for Bedroom Living Room, 3 Pack</p><p> -33% 0FF </p><p>$7.98 ($2.66 / Count)</p><a href="https://www.amazon.com/dp/B0CCB442CF?tag=eloabder-20&linkCode=osi&th=1&psc=1">View Product</a></div>
<div class="product"><a href="https://www.amazon.com/dp/B08NX1XYBN?tag=eloabder-20&linkCode=osi&th=1&psc=1"><img src="https://m.media-amazon.com/images/I/51lfim+ZIRL._SL500_.jpg" alt="Product Image"></a><p>DIYSELF 2Pack Utility Knife Box Cutter Retractable Blade Heavy Duty(Red)</p><p> -38% 0FF </p><p>$7.99 ($4.00 / Count)</p><a href="https://www.amazon.com/dp/B08NX1XYBN?tag=eloabder-20&linkCode=osi&th=1&psc=1">View Product</a></div><div class="product"><a href="https://www.amazon.com/dp/B08HCW4V4G?tag=eloabder-20&linkCode=osi&th=1&psc=1"><img src="https://m.media-amazon.com/images/I/51A4GvNLy1S._SL500_.jpg" alt="Product Image"></a><p>HORUSDY 4-Pack Box Cutter Utility Knife, Heavy Duty Aluminum Shell Retractable Box Cutter for Cardboard, Boxes and Cartons, Extra 10 Blades.</p><p> -23% 0FF </p><p>$9.99 ($2.50 / Count)</p><a href="https://www.amazon.com/dp/B08HCW4V4G?tag=eloabder-20&linkCode=osi&th=1&psc=1">View Product</a></div><div class="product"><a href="https://www.amazon.com/dp/B097SXK3FG?tag=eloabder-20&linkCode=osi&th=1&psc=1"><img src="https://m.media-amazon.com/images/I/41QvJkjjQuL._SL500_.jpg" alt="Product Image"></a><p>WORKPRO Premium Utility Knife, Retractable All Metal Heavy Duty Box Cutter, Quick Change Blade Razor Knife, with 10 Extra Blades</p><p> -25% 0FF </p><p>$8.99</p><a href="https://www.amazon.com/dp/B097SXK3FG?tag=eloabder-20&linkCode=osi&th=1&psc=1">View Product</a></div><div class="product"><a href="https://www.amazon.com/dp/B01M27QHE2?tag=eloabder-20&linkCode=osi&th=1&psc=1"><img src="https://m.media-amazon.com/images/I/51ULro8xW3L._SL500_.jpg" alt="Product Image"></a><p>INTERNET'S BEST Premium Utility Knife Set | Retractable Box Cutter with Rubber Handle | Heavy-Duty Cutting for Cardboard, Carpet, Plastic | Retractable Blade | Includes 2 Razor Knives & Extra Blades</p><p> -25% 0FF </p><p>$14.99</p><a href="https://www.amazon.com/dp/B01M27QHE2?tag=eloabder-20&linkCode=osi&th=1&psc=1">View Product</a></div><div class="product"><a href="https://www.amazon.com/dp/B09JYJLQXF?tag=eloabder-20&linkCode=osi&th=1&psc=1"><img src="https://m.media-amazon.com/images/I/51IqddPa30L._SL500_.jpg" alt="Product Image"></a><p>M MEEPO Box Cutter, 4-Pack Tough Folding Box Cutter for Heavy Duty Purpose, Razor Sharp Blade, Comfortable Handle, with Extra 10-Piece Blades, Can cut Drywall, Sheet Plastic, Linoleum, Boxes, Rope</p><p> -31% 0FF </p><p>$10.99 ($2.75 / Count)</p><a href="https://www.amazon.com/dp/B09JYJLQXF?tag=eloabder-20&linkCode=osi&th=1&psc=1">View Product</a></div><div class="product"><a href="https://www.amazon.com/dp/B09K7SJH6X?tag=eloabder-20&linkCode=osi&th=1&psc=1"><img src="https://m.media-amazon.com/images/I/41-bwfYeYRL._SL500_.jpg" alt="Product Image"></a><p>WORKPRO Folding Utility Knife with Stainless Steel Head, Quick-change Blade & Back Lock, Wood Handle Heavy Duty Box Cutter, 1PC Razor Knife with Extra 10PC SK5 Blades</p><p> -25% 0FF </p><p>$14.99</p><a href="https://www.amazon.com/dp/B09K7SJH6X?tag=eloabder-20&linkCode=osi&th=1&psc=1">View Product</a></div><div class="product"><a href="https://www.amazon.com/dp/B07DXTP9M9?tag=eloabder-20&linkCode=osi&th=1&psc=1"><img src="https://m.media-amazon.com/images/I/51DsWoOdb2L._SL500_.jpg" alt="Product Image"></a><p>REXBETI 12-Pack Utility Knife, Retractable Box Cutter for Cartons, Cardboard and Boxes, 18mm Wider Razor Sharp Blade, Smooth Mechanism, Perfect for Office and Home use</p><p> -60% 0FF </p><p>$9.99</p><a href="https://www.amazon.com/dp/B07DXTP9M9?tag=eloabder-20&linkCode=osi&th=1&psc=1">View Product</a></div>
<div class="product"><a href="https://www.amazon.com/dp/B07P6PH5SB?tag=eloabder-20&linkCode=osi&th=1&psc=1"><img src="https://m.media-amazon.com/images/I/41h9Fp94OLL._SL500_.jpg" alt="Product Image"></a><p>3M SecureFit Safety Helmet - Climbing Style Inspired Safety Helmet with 6 Point Suspension System, Non-Vented, White, X5001-ANSI, for Construction and Heavy Infrastructure</p><p> -39% 0FF </p><p>$64.83</p><a href="https://www.amazon.com/dp/B07P6PH5SB?tag=eloabder-20&linkCode=osi&th=1&psc=1">View Product</a></div><div class="product"><a href="https://www.amazon.com/dp/B0DCVQRJCJ?tag=eloabder-20&linkCode=osi&th=1&psc=1"><img src="https://m.media-amazon.com/images/I/41bpS1WjabL._SL500_.jpg" alt="Product Image"></a><p>QYZZRS Generator Interlock Kit Compatible with Eaton Cutler Hammer 100 Amp and 125 Amp Panels Breaker,for Safe Usage of Portable Power During Outage,Professional and Interlock Kit (1)</p><p> -16% 0FF </p><p>$27.59</p><a href="https://www.amazon.com/dp/B0DCVQRJCJ?tag=eloabder-20&linkCode=osi&th=1&psc=1">View Product</a></div><div class="product"><a href="https://www.amazon.com/dp/B00C01W6DG?tag=eloabder-20&linkCode=osi&th=1&psc=1"><img src="https://m.media-amazon.com/images/I/41ajsEzhqeL._SL500_.jpg" alt="Product Image"></a><p>ICC Cat6 Riser 1000ft - UTP 23AWG, 100% Solid Pure Copper, Unshielded CMR, Bulk Ethernet Cable, PoE++, 500MHz, Reelex Pull Box, UL Certified, RoHS and TAA Compliant, Blue</p><p> -9% 0FF </p><p>$142.39</p><a href="https://www.amazon.com/dp/B00C01W6DG?tag=eloabder-20&linkCode=osi&th=1&psc=1">View Product</a></div><div class="product"><a href="https://www.amazon.com/dp/B00QXTXSKQ?tag=eloabder-20&linkCode=osi&th=1&psc=1"><img src="https://m.media-amazon.com/images/I/31dvw-xXqDL._SL500_.jpg" alt="Product Image"></a><p>MSA 10048280 Calibration Cylinder, Aluminium Gas Bottle, 34 Liter, 1.45% CH4, 15% O2, 60 PPM CO, 20 PPM H2S, Galaxy GX2 System Test Stand Compatible, Multi-Use Air Tank</p><p> -11% 0FF </p><p>$364.02</p><a href="https://www.amazon.com/dp/B00QXTXSKQ?tag=eloabder-20&linkCode=osi&th=1&psc=1">View Product</a></div><div class="product"><a href="https://www.amazon.com/dp/B016N3609W?tag=eloabder-20&linkCode=osi&th=1&psc=1"><img src="https://m.media-amazon.com/images/I/31qfvZRAQaL._SL500_.jpg" alt="Product Image"></a><p>MSA 815641 Advantage Respirator Cartridge - Iodine Vapor/P100 (GMI), Quantity: 2 per Pack, Chemical and Combination Air-Purifying Respirator Cartridge</p><p> -38% 0FF </p><p>$22.72 ($11.36 / Count)</p><a href="https://www.amazon.com/dp/B016N3609W?tag=eloabder-20&linkCode=osi&th=1&psc=1">View Product</a></div>
<div class="product"><a href="https://www.amazon.com/dp/B00JKHFR2K?tag=eloabder-20&linkCode=osi&th=1&psc=1"><img src="https://m.media-amazon.com/images/I/31-VtYKPhLL._SL500_.jpg" alt="Product Image"></a><p>Childcraft Construction Paper, 9 x 12 Inches, Assorted Colors, 500 Sheets - 1465886</p><p> -12% 0FF </p><p>$14.02 ($0.03 / Count)</p><a href="https://www.amazon.com/dp/B00JKHFR2K?tag=eloabder-20&linkCode=osi&th=1&psc=1">View Product</a></div><div class="product"><a href="https://www.amazon.com/dp/B07BPWV83H?tag=eloabder-20&linkCode=osi&th=1&psc=1"><img src="https://m.media-amazon.com/images/I/51lp+IIfd7L._SL500_.jpg" alt="Product Image"></a><p>REXBETI Knee Pads for Work, Construction Gel Knee Pads Tools, Heavy Duty Comfortable Anti-slip Foam Knee Pads for Cleaning Flooring and Garden, Strong Stretchable Straps, 1 Pair</p><p> -28% 0FF </p><p>$25.99</p><a href="https://www.amazon.com/dp/B07BPWV83H?tag=eloabder-20&linkCode=osi&th=1&psc=1">View Product</a></div><div class="product"><a href="https://www.amazon.com/dp/B0CQ755FYH?tag=eloabder-20&linkCode=osi&th=1&psc=1"><img src="https://m.media-amazon.com/images/I/41lT80YapPL._SL500_.jpg" alt="Product Image"></a><p>Laser Level with Tripod, Huepar 98Ft Self Leveling Laser Level Green Line Laser Cross Line Laser Leveler Tool for Picture Hanging, Tile, Home Renovation, Indoor Project, Battery&Carrying Bag Included</p><p> -38% 0FF </p><p>$49.99</p><a href="https://www.amazon.com/dp/B0CQ755FYH?tag=eloabder-20&linkCode=osi&th=1&psc=1">View Product</a></div><div class="product"><a href="https://www.amazon.com/dp/B09W8LBWJH?tag=eloabder-20&linkCode=osi&th=1&psc=1"><img src="https://m.media-amazon.com/images/I/4115vnIiXsL._SL500_.jpg" alt="Product Image"></a><p>Deinyi Construction Toddler Utensils - Toddler Forks and Spoons - Kids Spoon and Fork Set - Suitable for Kids Utensils - Baby Utensils, Portable Utensils Set for 1 2 3 4 5 year old Toddlers, Yellow</p><p> -37% 0FF </p><p>$11.99</p><a href="https://www.amazon.com/dp/B09W8LBWJH?tag=eloabder-20&linkCode=osi&th=1&psc=1">View Product</a></div><div class="product"><a href="https://www.amazon.com/dp/B002LARR76?tag=eloabder-20&linkCode=osi&th=1&psc=1"><img src="https://m.media-amazon.com/images/I/31K2j809lBL._SL500_.jpg" alt="Product Image"></a><p>Prang (Formerly SunWorks) Construction Paper, Brown, 9" x 12", 100 Sheets</p><p> -11% 0FF </p><p>$4.27 ($0.04 / Count)</p><a href="https://www.amazon.com/dp/B002LARR76?tag=eloabder-20&linkCode=osi&th=1&psc=1">View Product</a></div>
<div class="product"><a href="https://www.amazon.com/dp/B08GFP7PSK?tag=eloabder-20&linkCode=osi&th=1&psc=1"><img src="https://m.media-amazon.com/images/I/41gooaY8RRL._SL500_.jpg" alt="Product Image"></a><p>BESTAMTOY 36 PCS Wooden Sorting Stacking Rocks Stones,Sensory Toddler Toys Learning Montessori Toys, Building Blocks Game for Kids 3 4 5 6 Years Boy and Girl Birthday Gifts for Kids</p><p> -36% 0FF </p><p>$23.19</p><a href="https://www.amazon.com/dp/B08GFP7PSK?tag=eloabder-20&linkCode=osi&th=1&psc=1">View Product</a></div><div class="product"><a href="https://www.amazon.com/dp/B0CWVT99MF?tag=eloabder-20&linkCode=osi&th=1&psc=1"><img src="https://m.media-amazon.com/images/I/31v6b-LC5ML._SL500_.jpg" alt="Product Image"></a><p>IRWIN Quick-Lift Construction Jack, Hand Lifting Jack Tool, Multifunctional, Lift up to 10" and Lift Capacity 330 lbs (IRHT83100)</p><p> -9% 0FF </p><p>$89.99</p><a href="https://www.amazon.com/dp/B0CWVT99MF?tag=eloabder-20&linkCode=osi&th=1&psc=1">View Product</a></div><div class="product"><a href="https://www.amazon.com/dp/B0BWY4444M?tag=eloabder-20&linkCode=osi&th=1&psc=1"><img src="https://m.media-amazon.com/images/I/51esMBM0unL._SL500_.jpg" alt="Product Image"></a><p>XClifes Labor Saving Handle 2 Pack,15 In Construction Jack, Wall Tile Locator, Multi-Function Height Adjustment Lifting Device, Door Panel Lifting Cabinet Jack,Raised 10 in,Dynamic Load 470 LB</p><p> -69% 0FF </p><p>$43.99</p><a href="https://www.amazon.com/dp/B0BWY4444M?tag=eloabder-20&linkCode=osi&th=1&psc=1">View Product</a></div><div class="product"><a href="https://www.amazon.com/dp/0021402442?tag=eloabder-20&linkCode=osi&th=1&psc=1"><img src="https://m.media-amazon.com/images/I/511QbiOnlIL._SL500_.jpg" alt="Product Image"></a><p>Glencoe Carpentry and Building Construction, Student Edition (CARPENTRY & BLDG CONSTRUCTION)</p><p> -47% 0FF </p><p>$59.50</p><a href="https://www.amazon.com/dp/0021402442?tag=eloabder-20&linkCode=osi&th=1&psc=1">View Product</a></div><div class="product"><a href="https://www.amazon.com/dp/B08R3TW6PD?tag=eloabder-20&linkCode=osi&th=1&psc=1"><img src="https://m.media-amazon.com/images/I/51Ca5qyFUyL._SL500_.jpg" alt="Product Image"></a><p>Coodoo Upgraded Magnetic Blocks Tough Tiles STEM Toys for 3+ Year Old Boys and Girls Learning by Playing Games for Toddlers Kids, Compatible with Major Brands Building Blocks - Starter Set</p><p> -9% 0FF </p><p>$19.99</p><a href="https://www.amazon.com/dp/B08R3TW6PD?tag=eloabder-20&linkCode=osi&th=1&psc=1">View Product</a></div><div class="product"><a href="https://www.amazon.com/dp/B0D17SV1WJ?tag=eloabder-20&linkCode=osi&th=1&psc=1"><img src="https://m.media-amazon.com/images/I/41GZRx1QfVL._SL500_.jpg" alt="Product Image"></a><p>10 Pcs Interlocking Deck Tiles 12" x 12", Patio Flooring Outdoor Waterproof, Acacia Wood Tiles All Weather, Floor Tiles for Balcony, Backyard, Indoor and Outdoor use‚Ä¶ (Espresso)</p><p> -15% 0FF </p><p>$38.99</p><a href="https://www.amazon.com/dp/B0D17SV1WJ?tag=eloabder-20&linkCode=osi&th=1&psc=1">View Product</a></div><div class="product"><a href="https://www.amazon.com/dp/B0CPCZ3V7C?tag=eloabder-20&linkCode=osi&th=1&psc=1"><img src="https://m.media-amazon.com/images/I/51zv+eT4kkL._SL500_.jpg" alt="Product Image"></a><p>Titrot Magnetic Blocks Kids Toys, Large Magnetic Building Sticks STEM Educational Sensory Toy Preschool Learning Montessori Toys for Toddlers Boys Girls Ages 3-8 with 1 Car</p><p> -17% 0FF </p><p>$24.99</p><a href="https://www.amazon.com/dp/B0CPCZ3V7C?tag=eloabder-20&linkCode=osi&th=1&psc=1">View Product</a></div>

<div class="product"><a href="https://www.amazon.com/dp/B0D676KYMV?tag=eloabder-20&linkCode=osi&th=1&psc=1"><img src="https://m.media-amazon.com/images/I/41dhQyG9XZL._SL500_.jpg" alt="Product Image"></a><p>Dimgogo Hexagon LED Garage Ceiling Lights,25 Pack 17280LM Super Bright LED car Lights for Warehouse Basement Workshop Gym Car Detailing Shop Wash Room</p><p> -21% 0FF </p><p>$69.99</p><a href="https://www.amazon.com/dp/B0D676KYMV?tag=eloabder-20&linkCode=osi&th=1&psc=1">View Product</a></div>
<div class="product"><a href="https://www.amazon.com/dp/B0C73SFP11?tag=eloabder-20&linkCode=osi&th=1&psc=1"><img src="https://m.media-amazon.com/images/I/31+p7lB1nDL._SL500_.jpg" alt="Product Image"></a><p>2 Pack, 9 Inch Clear Non-Skid Lazy Susan Organizers - Turntable Rack for Kitchen Cabinet, Pantry Organization and Storage, Fridge, Bathroom Closet, Vanity Countertop Makeup Organizing, Spice Rack</p><p> -32% 0FF </p><p>$12.98</p><a href="https://www.amazon.com/dp/B0C73SFP11?tag=eloabder-20&linkCode=osi&th=1&psc=1">View Product</a></div><div class="product"><a href="https://www.amazon.com/dp/B098991PPP?tag=eloabder-20&linkCode=osi&th=1&psc=1"><img src="https://m.media-amazon.com/images/I/41pFHdubflL._SL500_.jpg" alt="Product Image"></a><p>SpaceAid Heavy Duty Moving Bags, Extra Large Storage Totes W/Backpack Straps Strong Handles & Zippers, Alternative to Moving Boxes, Packing & Moving Supplies, Black (8 Pack)</p><p> -24% 0FF </p><p>$36.99 ($4.62 / Count)</p><a href="https://www.amazon.com/dp/B098991PPP?tag=eloabder-20&linkCode=osi&th=1&psc=1">View Product</a></div>
<div class="product"><a href="https://www.amazon.com/dp/B001JT1LCW?tag=eloabder-20&linkCode=osi&th=1&psc=1"><img src="https://m.media-amazon.com/images/I/41-NrbTtXOL._SL500_.jpg" alt="Product Image"></a><p>Logistic Ratchet Strap, 16ft x 2In, 1000lb</p><p> -37% 0FF </p><p>$11.13</p><a href="https://www.amazon.com/dp/B001JT1LCW?tag=eloabder-20&linkCode=osi&th=1&psc=1">View Product</a></div>
<div class="product"><a href="https://www.amazon.com/dp/B07MM6D6H8?tag=eloabder-20&linkCode=osi&th=1&psc=1"><img src="https://m.media-amazon.com/images/I/51-5i+GLJFL._SL500_.jpg" alt="Product Image"></a><p>edxeducation Transport Counters - Mini Jar - Set of 36 - Learn Counting, Colors, Sorting and Sequencing - Hands-on Math Manipulative for Kids</p><p> -6% 0FF </p><p>$12.66</p><a href="https://www.amazon.com/dp/B07MM6D6H8?tag=eloabder-20&linkCode=osi&th=1&psc=1">View Product</a></div><div class="product"><a href="https://www.amazon.com/dp/B0058ORV6Y?tag=eloabder-20&linkCode=osi&th=1&psc=1"><img src="https://m.media-amazon.com/images/I/415rpz1mnxL._SL500_.jpg" alt="Product Image"></a><p>Didax Educational Resources Transportation Counters, 72</p><p> -31% 0FF </p><p>$14.50</p><a href="https://www.amazon.com/dp/B0058ORV6Y?tag=eloabder-20&linkCode=osi&th=1&psc=1">View Product</a></div><div class="product"><a href="https://www.amazon.com/dp/B0BWNRKN6Y?tag=eloabder-20&linkCode=osi&th=1&psc=1"><img src="https://m.media-amazon.com/images/I/51Fau8rx1IL._SL500_.jpg" alt="Product Image"></a><p>Reusable Sticker Book for Kids, Vehicles Truck Stickers Educational Learning Toys Travel Stickers Activity Books for Toddler Girls Boys Age 3+ Birthday Gifts</p><p> -34% 0FF </p><p>$5.95</p><a href="https://www.amazon.com/dp/B0BWNRKN6Y?tag=eloabder-20&linkCode=osi&th=1&psc=1">View Product</a></div>
<div class="product"><a href="https://www.amazon.com/dp/B0BLTY38V7?tag=eloabder-20&linkCode=osi&th=1&psc=1"><img src="https://m.media-amazon.com/images/I/31zmVFnuy3L._SL500_.jpg" alt="Product Image"></a><p>SWEETAPRIL Slow Moving Vehicle Sign, Rust Free Aluminum Slow Moving Vehicle Triangle Signs, 14"X16", 40-Mil Thick Diamond Grade Reflective For Golf Cart, For Golf Cart, Tractor, Utv, Safety Signs</p><p> -47% 0FF </p><p>$9.99</p><a href="https://www.amazon.com/dp/B0BLTY38V7?tag=eloabder-20&linkCode=osi&th=1&psc=1">View Product</a></div><div class="product"><a href="https://www.amazon.com/dp/B0D9NXPMMR?tag=eloabder-20&linkCode=osi&th=1&psc=1"><img src="https://m.media-amazon.com/images/I/418RV63IwdL._SL500_.jpg" alt="Product Image"></a><p>Mini Car Trash Can Bin with Lid and One Roll Plastic Trash Bags, Small Car Garbage Can Leakproof Car Accessories Trash Bin Car Dustbin Organizer Container for Car, Vehicle, Office, Home</p><p> -16% 0FF </p><p>$9.98</p><a href="https://www.amazon.com/dp/B0D9NXPMMR?tag=eloabder-20&linkCode=osi&th=1&psc=1">View Product</a></div><div class="product"><a href="https://www.amazon.com/dp/B000UHP9EU?tag=eloabder-20&linkCode=osi&th=1&psc=1"><img src="https://m.media-amazon.com/images/I/31wK9xXH7wL._SL500_.jpg" alt="Product Image"></a><p>FIRST ALERT AUTOMAR10 Car and Marine Fire Extinguisher, FE10GR, UL RATED 10-B:C, White, 1-Pack</p><p> -32% 0FF </p><p>$26.44</p><a href="https://www.amazon.com/dp/B000UHP9EU?tag=eloabder-20&linkCode=osi&th=1&psc=1">View Product</a></div><div class="product"><a href="https://www.amazon.com/dp/B0CQSH2J4R?tag=eloabder-20&linkCode=osi&th=1&psc=1"><img src="https://m.media-amazon.com/images/I/41NenTedbdL._SL500_.jpg" alt="Product Image"></a><p>Yaocom 1 Set Slow Moving Vehicle Sign with Mounting Bracket 14 x 16 Inch Slow Moving Vehicle Triangle Signs Aluminum Slow Sign Warning Triangles for Vehicles Golf Cart Tractor Outdoor Accessories</p><p> -5% 0FF </p><p>$18.99</p><a href="https://www.amazon.com/dp/B0CQSH2J4R?tag=eloabder-20&linkCode=osi&th=1&psc=1">View Product</a></div><div class="product"><a href="https://www.amazon.com/dp/B000P0DPGQ?tag=eloabder-20&linkCode=osi&th=1&psc=1"><img src="https://m.media-amazon.com/images/I/41S75Iev+4L._SL500_.jpg" alt="Product Image"></a><p>FIRST ALERT AUTO5 Car Fire Extinguisher, FESA5, UL RATED 5-B:C, Red, 1-Pack</p><p> -39% 0FF </p><p>$23.77</p><a href="https://www.amazon.com/dp/B000P0DPGQ?tag=eloabder-20&linkCode=osi&th=1&psc=1">View Product</a></div><div class="product"><a href="https://www.amazon.com/dp/B00CGSF4F0?tag=eloabder-20&linkCode=osi&th=1&psc=1"><img src="https://m.media-amazon.com/images/I/41O8ARwr2cL._SL500_.jpg" alt="Product Image"></a><p>BAZIC 12 X 16 Inches Sale Sign, 2-Line (L-2)</p><p> -12% 0FF </p><p>$5.13</p><a href="https://www.amazon.com/dp/B00CGSF4F0?tag=eloabder-20&linkCode=osi&th=1&psc=1">View Product</a></div>
<div class="product"><a href="https://www.amazon.com/dp/B0829D1D7V?tag=eloabder-20&linkCode=osi&th=1&psc=1"><img src="https://m.media-amazon.com/images/I/51J7vVLjl6L._SL500_.jpg" alt="Product Image"></a><p>2-Pack Bubble Cushioning Nylon Wrap Rolls, 3/16" x 12" x 72' ft Total, Perforated Every 12", 20 Fragile Stickers for Packaging, Shipping, Mailing</p><p> -15% 0FF </p><p>$15.50 ($7.75 / Count)</p><a href="https://www.amazon.com/dp/B0829D1D7V?tag=eloabder-20&linkCode=osi&th=1&psc=1">View Product</a></div><div class="product"><a href="https://www.amazon.com/dp/B09GPNQCW4?tag=eloabder-20&linkCode=osi&th=1&psc=1"><img src="https://m.media-amazon.com/images/I/416VMuii7+L._SL500_.jpg" alt="Product Image"></a><p>Donyson Frosted T Shirt Bags 10x13, 100 Pack Clear Bags for Packaging, Package Bags, Packaging Bags for Small Business, Shipping Bags with Handle</p><p> -5% 0FF </p><p>$20.99 ($0.21 / Count)</p><a href="https://www.amazon.com/dp/B09GPNQCW4?tag=eloabder-20&linkCode=osi&th=1&psc=1">View Product</a></div><div class="product"><a href="https://www.amazon.com/dp/B000J07BRQ?tag=eloabder-20&linkCode=osi&th=1&psc=1"><img src="https://m.media-amazon.com/images/I/517ZAgVhtNL._SL500_.jpg" alt="Product Image"></a><p>Scotch Heavy Duty Shipping and Moving Packing Tape, Clear, Packing and Moving Supplies, 1.88 in. x 22.2 yd., 6 Tape Rolls with Dispensers</p><p> -31% 0FF </p><p>$13.88</p><a href="https://www.amazon.com/dp/B000J07BRQ?tag=eloabder-20&linkCode=osi&th=1&psc=1">View Product</a></div>

<div class="product"><a href="https://www.amazon.com/dp/B09ZV2364K?tag=eloabder-20&linkCode=osi&th=1&psc=1"><img src="https://m.media-amazon.com/images/I/41Ts3dr3u3L._SL500_.jpg" alt="Product Image"></a><p>DEKOPRO Submersible Water Pump 1/3 HP 2450GPH Utility Pump Thermoplastic Electric Portable Transfer Water Pump with 10-Foot Cord for Pool Tub Garden Pond Draining</p><p> -32% 0FF </p><p>$40.99</p><a href="https://www.amazon.com/dp/B09ZV2364K?tag=eloabder-20&linkCode=osi&th=1&psc=1">View Product</a></div><div class="product"><a href="https://www.amazon.com/dp/B0CRKY91RW?tag=eloabder-20&linkCode=osi&th=1&psc=1"><img src="https://m.media-amazon.com/images/I/31v5rVK5BPL._SL500_.jpg" alt="Product Image"></a><p>Sump Pump Submersible 1.4HP 4800GPH Water Pump Electric for Portable Transfer Water Pump Sump Pumps Utility Pump with 8 Accessories for Pool Draining Basement, 120 Voltage</p><p> -21% 0FF </p><p>$49.00</p><a href="https://www.amazon.com/dp/B0CRKY91RW?tag=eloabder-20&linkCode=osi&th=1&psc=1">View Product</a></div><div class="product"><a href="https://www.amazon.com/dp/B09Y918453?tag=eloabder-20&linkCode=osi&th=1&psc=1"><img src="https://m.media-amazon.com/images/I/41rSFmVH4hL._SL500_.jpg" alt="Product Image"></a><p>FOTING Sump Pump 1HP 3960 GPH for Clean/Dirty Water Use, Thermoplastic Submersible Water Pump Utility Electric Portable Transfer Pump for Swimming Pool Garden Pond Basement Window Wells with 25ft Cord</p><p> -14% 0FF </p><p>$66.99</p><a href="https://www.amazon.com/dp/B09Y918453?tag=eloabder-20&linkCode=osi&th=1&psc=1">View Product</a></div>
<div class="product"><a href="https://www.amazon.com/dp/B085RV5SRY?tag=eloabder-20&linkCode=osi&th=1&psc=1"><img src="https://m.media-amazon.com/images/I/41Irw5yYT4L._SL500_.jpg" alt="Product Image"></a><p>(Pack of 10) EFIELD 1/2 Inch Pex Crimp Brass Full Port Shut-off Ball Valve for Hot and Cold Water, UPC Certified</p><p> -35% 0FF </p><p>$29.95 ($3.00 / Count)</p><a href="https://www.amazon.com/dp/B085RV5SRY?tag=eloabder-20&linkCode=osi&th=1&psc=1">View Product</a></div>
<div class="product"><a href="https://www.amazon.com/dp/B07MTK9Y31?tag=eloabder-20&linkCode=osi&th=1&psc=1"><img src="https://m.media-amazon.com/images/I/41w52vo9Q9L._SL500_.jpg" alt="Product Image"></a><p>GeilSpace 6 Pack 3/4" √ó 12" Pre-Cut Black Metal Pipe, Industrial Steel Fits Standard Three Quarters Inch Black Threaded Pipes and Fittings - Vintage DIY Industrial Shelving (3/4" √ó 12", Black)</p><p> -19% 0FF </p><p>$21.99 ($3.66 / Count)</p><a href="https://www.amazon.com/dp/B07MTK9Y31?tag=eloabder-20&linkCode=osi&th=1&psc=1">View Product</a></div><div class="product"><a href="https://www.amazon.com/dp/B000OHANEM?tag=eloabder-20&linkCode=osi&th=1&psc=1"><img src="https://m.media-amazon.com/images/I/51G4C0ueewL._SL500_.jpg" alt="Product Image"></a><p>Flex-Drain 51710 Flexible/Expandable Solid Drainage Pipe, 3.37in (Inside Diameter) by 12ft</p><p> -16% 0FF </p><p>$14.27</p><a href="https://www.amazon.com/dp/B000OHANEM?tag=eloabder-20&linkCode=osi&th=1&psc=1">View Product</a></div><div class="product"><a href="https://www.amazon.com/dp/B0009PU9CK?tag=eloabder-20&linkCode=osi&th=1&psc=1"><img src="https://m.media-amazon.com/images/I/31NqDYLrlqL._SL500_.jpg" alt="Product Image"></a><p>Rectorseal 25790 1-3/4-Ounce Tube No.5 Pipe Thread Sealant</p><p> -20% 0FF </p><p>$4.63 ($2.63 / Ounce)</p><a href="https://www.amazon.com/dp/B0009PU9CK?tag=eloabder-20&linkCode=osi&th=1&psc=1">View Product</a></div><div class="product"><a href="https://www.amazon.com/dp/B06XDK78GQ?tag=eloabder-20&linkCode=osi&th=1&psc=1"><img src="https://m.media-amazon.com/images/I/41h6Lm9j-EL._SL500_.jpg" alt="Product Image"></a><p>Hiware Drinking Straw Cleaner Brush Kit - (3-Size) 9-Piece Extra Long Pipe Cleaners, Straw Cleaning Brush For Tumbler, Sippy Cup, Bottle and Tube</p><p> -38% 0FF </p><p>$4.99</p><a href="https://www.amazon.com/dp/B06XDK78GQ?tag=eloabder-20&linkCode=osi&th=1&psc=1">View Product</a></div><div class="product"><a href="https://www.amazon.com/dp/B0D75YFQYX?tag=eloabder-20&linkCode=osi&th=1&psc=1"><img src="https://m.media-amazon.com/images/I/31eJKO5QnML._SL500_.jpg" alt="Product Image"></a><p>3/4 inch Water Pipe Repair Clamp,Emergency Pipe Repair Kit for Plastic and Metal Pipes,Suitable for PE/PVC pipe repair,Steel Pipes,Iron Pipes(19mm-21mm)</p><p> -20% 0FF </p><p>$9.99</p><a href="https://www.amazon.com/dp/B0D75YFQYX?tag=eloabder-20&linkCode=osi&th=1&psc=1">View Product</a></div>
<div class="product"><a href="https://www.amazon.com/dp/B098LMBLNW?tag=eloabder-20&linkCode=osi&th=1&psc=1"><img src="https://m.media-amazon.com/images/I/51g1okYsY5L._SL500_.jpg" alt="Product Image"></a><p>1/2" Pex Fittings, SUNGATOR 45 PCS 1/2 Inch Pex Fittings Set, 15 Each Elbow Tee Coupling Pex Fittings for Pex Pipe, No Lead Brass, ASTM F1807</p><p> -8% 0FF </p><p>$33.99</p><a href="https://www.amazon.com/dp/B098LMBLNW?tag=eloabder-20&linkCode=osi&th=1&psc=1">View Product</a></div><div class="product"><a href="https://www.amazon.com/dp/B0C3HBKCBY?tag=eloabder-20&linkCode=osi&th=1&psc=1"><img src="https://m.media-amazon.com/images/I/51PQ+3I4XiL._SL500_.jpg" alt="Product Image"></a><p>KOOTANS 66pcs Brass Pipe Fittings Assortment NPT Adapter Fitting, Reducer Bushing, Hex Nipple, Reducing Hex Coupling, Pipe Head Brass Plug Kit</p><p> -13% 0FF </p><p>$69.99</p><a href="https://www.amazon.com/dp/B0C3HBKCBY?tag=eloabder-20&linkCode=osi&th=1&psc=1">View Product</a></div>
<div class="product"><a href="https://www.amazon.com/dp/B08G1B6Z73?tag=eloabder-20&linkCode=osi&th=1&psc=1"><img src="https://m.media-amazon.com/images/I/41fPrg-ewYS._SL500_.jpg" alt="Product Image"></a><p>SANFU Polyurethane Recoil Air Compressor Hose 1/4"ID x 25FT Long Tail with Bend Restrictor,1/4‚Äù MNPT Fittings Brass Quick Coupler and Plug, Blue(25')</p><p> -50% 0FF </p><p>$8.99 ($0.36 / Foot)</p><a href="https://www.amazon.com/dp/B08G1B6Z73?tag=eloabder-20&linkCode=osi&th=1&psc=1">View Product</a></div><div class="product"><a href="https://www.amazon.com/dp/B0D227WPF7?tag=eloabder-20&linkCode=osi&th=1&psc=1"><img src="https://m.media-amazon.com/images/I/41YwBSYYHuL._SL500_.jpg" alt="Product Image"></a><p>SANFU Polyurethane(PU) Air Hose 1/4-Inch x 100ft Reinforced, lightweight, Flexible, 300PSI With 1/4‚Äù Swivel Aluminum Universal 3IN1 Coupler and Plug, 1PCS Safery Coupler, Bend Restrictor</p><p> -50% 0FF </p><p>$25.99 ($0.26 / Foot)</p><a href="https://www.amazon.com/dp/B0D227WPF7?tag=eloabder-20&linkCode=osi&th=1&psc=1">View Product</a></div><div class="product"><a href="https://www.amazon.com/dp/B09W4KSB5X?tag=eloabder-20&linkCode=osi&th=1&psc=1"><img src="https://m.media-amazon.com/images/I/51w1yQMw7aL._SL500_.jpg" alt="Product Image"></a><p>DAVCO 1/2" ID x 25 ft PVC Reinforced Tubing With Spiral Steel Wire, High Pressure Flexible Vinyl Hose Heavy Duty Clear Suction Tube,Non-Toxic, Vacuum Dust Collection Pipe</p><p> -50% 0FF </p><p>$16.99 ($0.68 / Foot)</p><a href="https://www.amazon.com/dp/B09W4KSB5X?tag=eloabder-20&linkCode=osi&th=1&psc=1">View Product</a></div>

<div class="product"><a href="https://www.amazon.com/dp/B0CYYYZRV9?tag=eloabder-20&linkCode=osi&th=1&psc=1"><img src="https://m.media-amazon.com/images/I/41glXO+YSbL._SL500_.jpg" alt="Product Image"></a><p>YAMASO 20 Pcs 608 2RS Ball Bearings ‚Äì Bearing Steel and Double Rubber Sealed Miniature Deep Groove Ball Bearings (8mm x 22mm x 7mm)</p><p> -8% 0FF </p><p>$5.49</p><a href="https://www.amazon.com/dp/B0CYYYZRV9?tag=eloabder-20&linkCode=osi&th=1&psc=1">View Product</a></div><div class="product"><a href="https://www.amazon.com/dp/B09PKD8QZZ?tag=eloabder-20&linkCode=osi&th=1&psc=1"><img src="https://m.media-amazon.com/images/I/41BYfJNmMoL._SL500_.jpg" alt="Product Image"></a><p>SHKI 20 Pcs 608 2RS Ball Bearings ‚Äì Bearing Steel and Double Rubber Sealed Miniature Deep Groove Ball Bearings (8mm x 22mm x 7mm) (608 2RS)</p><p> -40% 0FF </p><p>$5.99 ($0.30 / Count)</p><a href="https://www.amazon.com/dp/B09PKD8QZZ?tag=eloabder-20&linkCode=osi&th=1&psc=1">View Product</a></div><div class="product"><a href="https://www.amazon.com/dp/B073ST742Z?tag=eloabder-20&linkCode=osi&th=1&psc=1"><img src="https://m.media-amazon.com/images/I/51dWjQm393L._SL500_.jpg" alt="Product Image"></a><p>100 Pack 608-2RS Skateboard Bearing, Rolling Bearings, 8x22x7mm 608rs Bearing</p><p> -11% 0FF </p><p>$17.79</p><a href="https://www.amazon.com/dp/B073ST742Z?tag=eloabder-20&linkCode=osi&th=1&psc=1">View Product</a></div><div class="product"><a href="https://www.amazon.com/dp/B07216D1SZ?tag=eloabder-20&linkCode=osi&th=1&psc=1"><img src="https://m.media-amazon.com/images/I/41P6KPblNDL._SL500_.jpg" alt="Product Image"></a><p>Sackorange 608 ZZ Skateboard Bearings, Double Shielded,8x22x7 Miniature Ball BearingsÔºàPack of 20)</p><p> -29% 0FF </p><p>$7.79</p><a href="https://www.amazon.com/dp/B07216D1SZ?tag=eloabder-20&linkCode=osi&th=1&psc=1">View Product</a></div>
<div class="product"><a href="https://www.amazon.com/dp/B09KRGTLVM?tag=eloabder-20&linkCode=osi&th=1&psc=1"><img src="https://m.media-amazon.com/images/I/41zMlgeopqL._SL500_.jpg" alt="Product Image"></a><p>Vevitts Small Brushed Permanent Magnet Electric Motor for E Scooter Drive Speed Control 24V 350W 3000RPM</p><p> -20% 0FF </p><p>$39.98</p><a href="https://www.amazon.com/dp/B09KRGTLVM?tag=eloabder-20&linkCode=osi&th=1&psc=1">View Product</a></div><div class="product"><a href="https://www.amazon.com/dp/B01M58POHF?tag=eloabder-20&linkCode=osi&th=1&psc=1"><img src="https://m.media-amazon.com/images/I/41dQTChYsBL._SL500_.jpg" alt="Product Image"></a><p>AUTOTOOLHOME 6-12V Mini DC Motor High Torque Gear for Traxxas R/C and Power Wheels PCB DIY Electric Drill</p><p> -23% 0FF </p><p>$6.89</p><a href="https://www.amazon.com/dp/B01M58POHF?tag=eloabder-20&linkCode=osi&th=1&psc=1">View Product</a></div><div class="product"><a href="https://www.amazon.com/dp/B072R5G5GR?tag=eloabder-20&linkCode=osi&th=1&psc=1"><img src="https://m.media-amazon.com/images/I/41Z6ru+wWIL._SL500_.jpg" alt="Product Image"></a><p>Greartisan DC 12V 550RPM Gear Motor High Torque Electric Micro Speed Reduction Geared Motor Centric Output Shaft 37mm Diameter Gearbox</p><p> -6% 0FF </p><p>$14.99</p><a href="https://www.amazon.com/dp/B072R5G5GR?tag=eloabder-20&linkCode=osi&th=1&psc=1">View Product</a></div><div class="product"><a href="https://www.amazon.com/dp/B0CZVH445F?tag=eloabder-20&linkCode=osi&th=1&psc=1"><img src="https://m.media-amazon.com/images/I/51cTdXLKa7L._SL500_.jpg" alt="Product Image"></a><p>6Pcs 280 Micro DC Motors 3V-12V 13500RPM 0.5A with 2.8mm Insulated Connector & 6inch 20AWG Wire for RC Boat, DIY Airplane, Model Toys, 12V DC Motor Compatible</p><p> -23% 0FF </p><p>$9.99</p><a href="https://www.amazon.com/dp/B0CZVH445F?tag=eloabder-20&linkCode=osi&th=1&psc=1">View Product</a></div>
<div class="product"><a href="https://www.amazon.com/dp/B07L7XCSDW?tag=eloabder-20&linkCode=osi&th=1&psc=1"><img src="https://m.media-amazon.com/images/I/31lErudRYvL._SL500_.jpg" alt="Product Image"></a><p>DC HOUSE 12 Inch 12" High Speed 14mm/s Linear Actuator Motor 1000N DC12V with Mounting Brackets</p><p> -7% 0FF </p><p>$39.98</p><a href="https://www.amazon.com/dp/B07L7XCSDW?tag=eloabder-20&linkCode=osi&th=1&psc=1">View Product</a></div><div class="product"><a href="https://www.amazon.com/dp/B07X3Z68GV?tag=eloabder-20&linkCode=osi&th=1&psc=1"><img src="https://m.media-amazon.com/images/I/41j8dmqKsnS._SL500_.jpg" alt="Product Image"></a><p>Electric Micro Linear Actuator 12V - 1.2" Stroke, 64N/14.4lb, Speed 0.6inch/s Mini Waterproof Motion Actuator Small 12 V DC, w/Mounting Brackets, for Sofa Robotic TV Table Cabinet Window Opener Lift</p><p> -16% 0FF </p><p>$30.99 ($19.37 / oz)</p><a href="https://www.amazon.com/dp/B07X3Z68GV?tag=eloabder-20&linkCode=osi&th=1&psc=1">View Product</a></div><div class="product"><a href="https://www.amazon.com/dp/B0CRV927YC?tag=eloabder-20&linkCode=osi&th=1&psc=1"><img src="https://m.media-amazon.com/images/I/41dEUHSH6sL._SL500_.jpg" alt="Product Image"></a><p>ECO-WORTHY Linear Actuator Heavy Duty 3000N/660lbs with Mounting Brackets Multi-Function (12V, 12")</p><p> -18% 0FF </p><p>$59.99</p><a href="https://www.amazon.com/dp/B0CRV927YC?tag=eloabder-20&linkCode=osi&th=1&psc=1">View Product</a></div>
<div class="product"><a href="https://www.amazon.com/dp/B07H8GL44M?tag=eloabder-20&linkCode=osi&th=1&psc=1"><img src="https://m.media-amazon.com/images/I/41TaGFITM0L._SL500_.jpg" alt="Product Image"></a><p>FAERSI 22680-7S000 AF10141 for 2003-2014 Altima & 2006-14 Maxima & 07-13 Sentra & 05-15 Xterra & 2003-2015 Murano | Infiniti 08-13 G37 & 05-08 G35 & More MAF Mass Air Flow Sensor</p><p> -30% 0FF </p><p>$21.68</p><a href="https://www.amazon.com/dp/B07H8GL44M?tag=eloabder-20&linkCode=osi&th=1&psc=1">View Product</a></div><div class="product"><a href="https://www.amazon.com/dp/B08TRKL94H?tag=eloabder-20&linkCode=osi&th=1&psc=1"><img src="https://m.media-amazon.com/images/I/314giu3g36L._SL500_.jpg" alt="Product Image"></a><p>Carbon Monoxide Detector,CO Gas Monitor Alarm Detector,CO Sensor with LED Digital Display for Home,Depot,Battery Powered</p><p> -5% 0FF </p><p>$11.99</p><a href="https://www.amazon.com/dp/B08TRKL94H?tag=eloabder-20&linkCode=osi&th=1&psc=1">View Product</a></div><div class="product"><a href="https://www.amazon.com/dp/B092HK5NJB?tag=eloabder-20&linkCode=osi&th=1&psc=1"><img src="https://m.media-amazon.com/images/I/41RyuQ28lQS._SL500_.jpg" alt="Product Image"></a><p>Marsflex TPMS Sensor, 13598772 for GM 315Mhz, Tire Pressure Monitoring Sensor Compatible with Buick Chevy Cadillac GMC, Tire Pressure Sensor Replacement 13586335,13598771 4 Pack</p><p> -21% 0FF </p><p>$23.81</p><a href="https://www.amazon.com/dp/B092HK5NJB?tag=eloabder-20&linkCode=osi&th=1&psc=1">View Product</a></div><div class="product"><a href="https://www.amazon.com/dp/B0DCBDS359?tag=eloabder-20&linkCode=osi&th=1&psc=1"><img src="https://m.media-amazon.com/images/I/519A7-IMkBL._SL500_.jpg" alt="Product Image"></a><p>Dual Knock Sensors with Wiring Harness and Intake Manifold Gasket Kit | for Chevy Silverado Avalanche Tahoe, GMC Sierra Yukon, Cadillac Hummer & More GM Vehicles | Replace# 12601822,213-3521,89060413</p><p> -6% 0FF </p><p>$33.99</p><a href="https://www.amazon.com/dp/B0DCBDS359?tag=eloabder-20&linkCode=osi&th=1&psc=1">View Product</a></div><div class="product"><a href="https://www.amazon.com/dp/B0CZP2DRW1?tag=eloabder-20&linkCode=osi&th=1&psc=1"><img src="https://m.media-amazon.com/images/I/31CtLXOX-tL._SL500_.jpg" alt="Product Image"></a><p>Mass Air Flow Sensor MAF Fit for 2007-2009 Avalanche Yukon Tahoe Sierra Silverado Suburban 1500 2500 3500 Replace 2451149 MA198 7410146 5S8048 15900023</p><p> -5% 0FF </p><p>$40.99</p><a href="https://www.amazon.com/dp/B0CZP2DRW1?tag=eloabder-20&linkCode=osi&th=1&psc=1">View Product</a></div>
<div class="product"><a href="https://www.amazon.com/dp/B0002YXE7K?tag=eloabder-20&linkCode=osi&th=1&psc=1"><img src="https://m.media-amazon.com/images/I/41hV+B-cOEL._SL500_.jpg" alt="Product Image"></a><p>Titebond, 8 oz, 8 Fl Oz</p><p> -46% 0FF </p><p>$6.51 ($0.81 / Fl Oz)</p><a href="https://www.amazon.com/dp/B0002YXE7K?tag=eloabder-20&linkCode=osi&th=1&psc=1">View Product</a></div><div class="product"><a href="https://www.amazon.com/dp/B077Z6LF91?tag=eloabder-20&linkCode=osi&th=1&psc=1"><img src="https://m.media-amazon.com/images/I/41IeFkWcsyL._SL500_.jpg" alt="Product Image"></a><p>APERA INSTRUMENTS AI209-T Value Series PH20 pH Tester Combo Kit, including the Maintenance Set, and a CalPod Solution Holder for Easy Calibration</p><p> -25% 0FF </p><p>$79.13</p><a href="https://www.amazon.com/dp/B077Z6LF91?tag=eloabder-20&linkCode=osi&th=1&psc=1">View Product</a></div><div class="product"><a href="https://www.amazon.com/dp/B09JV7Y9SZ?tag=eloabder-20&linkCode=osi&th=1&psc=1"><img src="https://m.media-amazon.com/images/I/31TckTV+diL._SL500_.jpg" alt="Product Image"></a><p>Dental Code Rings Instrument 100pcs Dental Color Code Rings Non‚Äë Silicone Dental Color Code Rings Accessory Supplies(02)</p><p> -32% 0FF </p><p>$4.29 ($4.29 / Count)</p><a href="https://www.amazon.com/dp/B09JV7Y9SZ?tag=eloabder-20&linkCode=osi&th=1&psc=1">View Product</a></div>
<div class="product"><a href="https://www.amazon.com/dp/B01NASZ0UM?tag=eloabder-20&linkCode=osi&th=1&psc=1"><img src="https://m.media-amazon.com/images/I/31MgtNuzDdL._SL500_.jpg" alt="Product Image"></a><p>BN-LINK Wireless Remote Control Electrical Outlet Switch for Lights, Fans, Christmas Lights, Small Appliance, Long Range White (Learning Code, 3Rx-1Tx) 1200W/10A</p><p> -43% 0FF </p><p>$16.99</p><a href="https://www.amazon.com/dp/B01NASZ0UM?tag=eloabder-20&linkCode=osi&th=1&psc=1">View Product</a></div><div class="product"><a href="https://www.amazon.com/dp/B0CTH8XDKW?tag=eloabder-20&linkCode=osi&th=1&psc=1"><img src="https://m.media-amazon.com/images/I/31-PaaCxdfL._SL500_.jpg" alt="Product Image"></a><p>DEWENWILS Indoor Remote Control Outlet, Wireless Remote Outlets Switch, 200FT Range, Remote Light Switch for Lights, Fans, Christmas Lights, 15A/1800WÔºåFCC & ETL Listed (5 Outlets + 2 Remotes)</p><p> -19% 0FF </p><p>$23.39</p><a href="https://www.amazon.com/dp/B0CTH8XDKW?tag=eloabder-20&linkCode=osi&th=1&psc=1">View Product</a></div><div class="product"><a href="https://www.amazon.com/dp/B072F9DGRL?tag=eloabder-20&linkCode=osi&th=1&psc=1"><img src="https://m.media-amazon.com/images/I/417lNJFodCS._SL500_.jpg" alt="Product Image"></a><p>Fosmon WavePoint Wireless Remote Control Outdoor Electrical Outlet Switch Weatherproof Heavy Duty 3-Prong Plug-in ETL Listed (Battery Included) 1 Pack</p><p> -50% 0FF </p><p>$11.08</p><a href="https://www.amazon.com/dp/B072F9DGRL?tag=eloabder-20&linkCode=osi&th=1&psc=1">View Product</a></div><div class="product"><a href="https://www.amazon.com/dp/B09X2W2TRT?tag=eloabder-20&linkCode=osi&th=1&psc=1"><img src="https://m.media-amazon.com/images/I/31PoJZqeG-L._SL500_.jpg" alt="Product Image"></a><p>DEWENWILS Indoor Remote Control Outlet, Wireless Remote Light Switch, No Interference Remote Outlet Switch, No Wiring, 15A/1875W, 100ft RF Range, Compact Design, Programmable</p><p> -11% 0FF </p><p>$12.99</p><a href="https://www.amazon.com/dp/B09X2W2TRT?tag=eloabder-20&linkCode=osi&th=1&psc=1">View Product</a></div><div class="product"><a href="https://www.amazon.com/dp/B07CYKNDC2?tag=eloabder-20&linkCode=osi&th=1&psc=1"><img src="https://m.media-amazon.com/images/I/31Fu9a5ikOL._SL500_.jpg" alt="Product Image"></a><p>BN-LINK Mini Wireless Remote Control Outlet Switch Power Plug In for Household Appliances, Wireless Remote Light Switch, LED Light Bulbs, White (1 Remote + 3 Outlet) 1250W/10A</p><p> -11% 0FF </p><p>$15.99</p><a href="https://www.amazon.com/dp/B07CYKNDC2?tag=eloabder-20&linkCode=osi&th=1&psc=1">View Product</a></div>
<div class="product"><a href="https://www.amazon.com/dp/B01AKGRTUM?tag=eloabder-20&linkCode=osi&th=1&psc=1"><img src="https://m.media-amazon.com/images/I/41UKqiyvz6L._SL500_.jpg" alt="Product Image"></a><p>Oral-B Pro 1000 Rechargeable Electric Toothbrush, Black</p><p> -29% 0FF </p><p>$49.94</p><a href="https://www.amazon.com/dp/B01AKGRTUM?tag=eloabder-20&linkCode=osi&th=1&psc=1">View Product</a></div><div class="product"><a href="https://www.amazon.com/dp/B0D6Y9PJJ3?tag=eloabder-20&linkCode=osi&th=1&psc=1"><img src="https://m.media-amazon.com/images/I/31CUz26rR-L._SL500_.jpg" alt="Product Image"></a><p>3Pack Car Carplay Cable for iPhone 16 15 Pro Max 15 Plus Car Charger, USB to USB C Cable 3FT for Car Charger Adapter, Carplay USB C Cord Accessories Charging for iPad 10th Gen/iPad Pro Air 5th-White</p><p> -30% 0FF </p><p>$13.99</p><a href="https://www.amazon.com/dp/B0D6Y9PJJ3?tag=eloabder-20&linkCode=osi&th=1&psc=1">View Product</a></div><div class="product"><a href="https://www.amazon.com/dp/B07DFFYCXS?tag=eloabder-20&linkCode=osi&th=1&psc=1"><img src="https://m.media-amazon.com/images/I/41NIsYLJG1L._SL500_.jpg" alt="Product Image"></a><p>Digital Caliper, Adoric 0-6" Calipers Measuring Tool - Electronic Micrometer Caliper with Large LCD Screen, Auto-Off Feature, Inch and Millimeter Conversion</p><p> -42% 0FF </p><p>$6.99</p><a href="https://www.amazon.com/dp/B07DFFYCXS?tag=eloabder-20&linkCode=osi&th=1&psc=1">View Product</a></div><div class="product"><a href="https://www.amazon.com/dp/B0CR3S4Y5V?tag=eloabder-20&linkCode=osi&th=1&psc=1"><img src="https://m.media-amazon.com/images/I/417gCCQxz9L._SL500_.jpg" alt="Product Image"></a><p>iPhone Charger 3Pack 10FT Apple MFi Certified Lightning Cable Fast Charging iPhone Charger Cord Compatible with iPhone 14 13 12 11 Pro Max XR XS X 8 7 6 Plus SE and More - Colorful</p><p> -64% 0FF </p><p>$9.99</p><a href="https://www.amazon.com/dp/B0CR3S4Y5V?tag=eloabder-20&linkCode=osi&th=1&psc=1">View Product</a></div><div class="product"><a href="https://www.amazon.com/dp/B0DBHTZ6CD?tag=eloabder-20&linkCode=osi&th=1&psc=1"><img src="https://m.media-amazon.com/images/I/41-NMv8UKZL._SL500_.jpg" alt="Product Image"></a><p>iPhone Charger 3pack 10FT Apple MFi Certified Long Lightning Cable Fast Charging Nylon Braided USB Charging Cable High Speed Transfer Cord for iPhone 14 13/12/11 Pro Max/XS MAX/XR/XS/X/8/7/Plus/6S</p><p> -30% 0FF </p><p>$6.99</p><a href="https://www.amazon.com/dp/B0DBHTZ6CD?tag=eloabder-20&linkCode=osi&th=1&psc=1">View Product</a></div>
<div class="product"><a href="https://www.amazon.com/dp/B09YSJQWRG?tag=eloabder-20&linkCode=osi&th=1&psc=1"><img src="https://m.media-amazon.com/images/I/413B1lBD-hL._SL500_.jpg" alt="Product Image"></a><p>Jesverty DC Power Supply Variable, 0-30V 0-10A Adjustable Switching DC Regulated Bench Power Supply with High Precision 4-Digit LED Display, 5V/2A USB Port, Coarse and Fine Adjustment SPS-3010</p><p> -9% 0FF </p><p>$59.99</p><a href="https://www.amazon.com/dp/B09YSJQWRG?tag=eloabder-20&linkCode=osi&th=1&psc=1">View Product</a></div><div class="product"><a href="https://www.amazon.com/dp/B0C17NLZNH?tag=eloabder-20&linkCode=osi&th=1&psc=1"><img src="https://m.media-amazon.com/images/I/41zjhhWu9lL._SL500_.jpg" alt="Product Image"></a><p>DC Power Supply Variable, 32V 10A Bench Power Supply with Encoder Knob, 4-Digits Display, Adjustable Regulated lab Power Supply with 5V 3.6A USB & Type-C Quick-Charge, Output Switch</p><p> -30% 0FF </p><p>$59.99</p><a href="https://www.amazon.com/dp/B0C17NLZNH?tag=eloabder-20&linkCode=osi&th=1&psc=1">View Product</a></div><div class="product"><a href="https://www.amazon.com/dp/B09BFCF13Y?tag=eloabder-20&linkCode=osi&th=1&psc=1"><img src="https://m.media-amazon.com/images/I/51J2ypqHaML._SL500_.jpg" alt="Product Image"></a><p>DC Power Supply Variable, Bench Power Supply with Encoder Adjustment Knob, Output Enable/Disable Button, Adjustable Power Supply with USB Quick-Charge, Short Circuit Alam (30V 10A Black)</p><p> -43% 0FF </p><p>$39.99</p><a href="https://www.amazon.com/dp/B09BFCF13Y?tag=eloabder-20&linkCode=osi&th=1&psc=1">View Product</a></div><div class="product"><a href="https://www.amazon.com/dp/B0CLY9B5XL?tag=eloabder-20&linkCode=osi&th=1&psc=1"><img src="https://m.media-amazon.com/images/I/41Z-aOJT4pL._SL500_.jpg" alt="Product Image"></a><p>Jesverty DC Power Supply Variable, 0-30V 0-10A Adjustable Switching DC Regulated Bench Power Supply with 20W USB & Type-C Quick-Charge, Encoder Knob, 4-Digit LED Display, Preset Memory - SPS-3010X</p><p> -39% 0FF </p><p>$39.99</p><a href="https://www.amazon.com/dp/B0CLY9B5XL?tag=eloabder-20&linkCode=osi&th=1&psc=1">View Product</a></div><div class="product"><a href="https://www.amazon.com/dp/B00R5CI1W0?tag=eloabder-20&linkCode=osi&th=1&psc=1"><img src="https://m.media-amazon.com/images/I/41ffWbR+GVL._SL500_.jpg" alt="Product Image"></a><p>MEAN WELL NDR-120-24 Single Output Industrial DIN Rail Power Supply, 24 Volts 5 Amps 120 Watts</p><p> -19% 0FF </p><p>$27.00</p><a href="https://www.amazon.com/dp/B00R5CI1W0?tag=eloabder-20&linkCode=osi&th=1&psc=1">View Product</a></div><div class="product"><a href="https://www.amazon.com/dp/B07512KQDW?tag=eloabder-20&linkCode=osi&th=1&psc=1"><img src="https://m.media-amazon.com/images/I/41Z+0wP-6xL._SL500_.jpg" alt="Product Image"></a><p>DC Power Supply Variable,0-30 V / 0-10 A LW-K3010D Adjustable Switching Regulated Power Supply Digital,with Alligator Leads US Power Cord Used for Spectrophotometer and lab Equipment Repair</p><p> -9% 0FF </p><p>$38.99</p><a href="https://www.amazon.com/dp/B07512KQDW?tag=eloabder-20&linkCode=osi&th=1&psc=1">View Product</a></div><div class="product"><a href="https://www.amazon.com/dp/B0CGX39NMK?tag=eloabder-20&linkCode=osi&th=1&psc=1"><img src="https://m.media-amazon.com/images/I/41IyjEYE7iL._SL500_.jpg" alt="Product Image"></a><p>Abestop AT6301 DC Power Supply Variable, 60V/10A/300W Adjustable Bench Power Supply with 10mV / 1mA High Resolution 4-Digits 2.8 inch LCD Display, 5V/1A USB Output</p><p> -11% 0FF </p><p>$129.99</p><a href="https://www.amazon.com/dp/B0CGX39NMK?tag=eloabder-20&linkCode=osi&th=1&psc=1">View Product</a></div>
<div class="product"><a href="https://www.amazon.com/dp/B0BD772SK3?tag=eloabder-20&linkCode=osi&th=1&psc=1"><img src="https://m.media-amazon.com/images/I/516CGhpMaUL._SL500_.jpg" alt="Product Image"></a><p>LED Garage Lights Bulb 2 Pack 180W 18000LM 6500K Led Shop Light with 6 Plus 1 Deformable Panels Basement Barn Ceiling Lights E26 and E27</p><p> -13% 0FF </p><p>$25.99 ($13.00 / Count)</p><a href="https://www.amazon.com/dp/B0BD772SK3?tag=eloabder-20&linkCode=osi&th=1&psc=1">View Product</a></div><div class="product"><a href="https://www.amazon.com/dp/B087JDFH4K?tag=eloabder-20&linkCode=osi&th=1&psc=1"><img src="https://m.media-amazon.com/images/I/310SxRkxkfL._SL500_.jpg" alt="Product Image"></a><p>Amico 6 Pack 6 Inch 5CCT Ultra-Thin LED Recessed Ceiling Light with Junction Box, 2700K/3000K/3500K/4000K/5000K Selectable, 12W Eqv 110W 1050LM Brightness Dimmable Canless Wafer Downlight, ETL & FCC</p><p> -29% 0FF </p><p>$49.99 ($8.33 / Count)</p><a href="https://www.amazon.com/dp/B087JDFH4K?tag=eloabder-20&linkCode=osi&th=1&psc=1">View Product</a></div><div class="product"><a href="https://www.amazon.com/dp/B0BZJ9MTST?tag=eloabder-20&linkCode=osi&th=1&psc=1"><img src="https://m.media-amazon.com/images/I/41nTB2ouhZL._SL500_.jpg" alt="Product Image"></a><p>Amico 36 Pack 6 Inch 5CCT Ultra-Thin LED Recessed Ceiling Light with Junction Box, 2700K/3000K/3500K/4000K/5000K Selectable, 12W Eqv 110W, Dimmable Can-Killer Downlight, 1050LM Brightness - ETL&FCC</p><p> -22% 0FF </p><p>$179.99 ($5.00 / Count)</p><a href="https://www.amazon.com/dp/B0BZJ9MTST?tag=eloabder-20&linkCode=osi&th=1&psc=1">View Product</a></div><div class="product"><a href="https://www.amazon.com/dp/B0B8MJV3HN?tag=eloabder-20&linkCode=osi&th=1&psc=1"><img src="https://m.media-amazon.com/images/I/51J2PJDbNgL._SL500_.jpg" alt="Product Image"></a><p>Ensenior 24 Pack 6 Inch LED Recessed Ceiling Light, Dimmable, 2700K-5000K 5CCT, 1050LM 12W 120V, High Brightness Canless Wafer Downlight - ETL&FCC&IC</p><p> -14% 0FF </p><p>$162.48 ($6.77 / Count)</p><a href="https://www.amazon.com/dp/B0B8MJV3HN?tag=eloabder-20&linkCode=osi&th=1&psc=1">View Product</a></div><div class="product"><a href="https://www.amazon.com/dp/B09QHSY5CP?tag=eloabder-20&linkCode=osi&th=1&psc=1"><img src="https://m.media-amazon.com/images/I/514QSD+bYiL._SL500_.jpg" alt="Product Image"></a><p>2 Pack LED Garage Light, 200W 20000LM 6500K LED Shop Lights, Garage Lights Ceiling Led with 6+1 Deformable Panels, Screw in E26/E27 Socket Bulb for Warehouse, Workshop, Basement, Barn, Garage Lighting</p><p> -18% 0FF </p><p>$26.99 ($13.50 / Count)</p><a href="https://www.amazon.com/dp/B09QHSY5CP?tag=eloabder-20&linkCode=osi&th=1&psc=1">View Product</a></div><div class="product"><a href="https://www.amazon.com/dp/B085SZQCL7?tag=eloabder-20&linkCode=osi&th=1&psc=1"><img src="https://m.media-amazon.com/images/I/41is51nuuHL._SL500_.jpg" alt="Product Image"></a><p>6 Pack 4FT Linkable LED Shop Light, Utility Shop Light Fixture, 4400lm, 42W [250W Equivalent], 5000K Daylight Shop Lights for Garage, Hanging or Surface Mount, with Power Cord, ETL, Black</p><p> -29% 0FF </p><p>$49.69 ($24.84 / Count)</p><a href="https://www.amazon.com/dp/B085SZQCL7?tag=eloabder-20&linkCode=osi&th=1&psc=1">View Product</a></div>
<div class="product"><a href="https://www.amazon.com/dp/B00075M1T6?tag=eloabder-20&linkCode=osi&th=1&psc=1"><img src="https://m.media-amazon.com/images/I/31Qodi9u+XL._SL500_.jpg" alt="Product Image"></a><p>Sunbeam¬Æ Heating Pad Standard Size</p><p> -28% 0FF </p><p>$17.99</p><a href="https://www.amazon.com/dp/B00075M1T6?tag=eloabder-20&linkCode=osi&th=1&psc=1">View Product</a></div><div class="product"><a href="https://www.amazon.com/dp/B08MV3Z3GK?tag=eloabder-20&linkCode=osi&th=1&psc=1"><img src="https://m.media-amazon.com/images/I/51D3Ss7U1DL._SL500_.jpg" alt="Product Image"></a><p>GENIANI King Size Heating Pad for Back Pain & Cramps Relief, FSA HSA Eligible, Auto Shut Off, Machine Washable, Moist Heat Pad for Neck & Shoulder, Knee, Leg, Heat Patches 12'‚Äò√ó24‚Äô‚Äô(Aqua Blue)</p><p> -38% 0FF </p><p>$24.97</p><a href="https://www.amazon.com/dp/B08MV3Z3GK?tag=eloabder-20&linkCode=osi&th=1&psc=1">View Product</a></div><div class="product"><a href="https://www.amazon.com/dp/B0B3MBQC57?tag=eloabder-20&linkCode=osi&th=1&psc=1"><img src="https://m.media-amazon.com/images/I/51nlW3dSxQL._SL500_.jpg" alt="Product Image"></a><p>Heating Pad for Back Pain Relief, Extra Large 33 x 17, Portable Heating Pad for Shoulder, Neck, Cramp, Menstrual Pain, with Upgraded 6 Timer & 6 Temperature Controller</p><p> -56% 0FF </p><p>$39.99 ($1.28 / Ounce)</p><a href="https://www.amazon.com/dp/B0B3MBQC57?tag=eloabder-20&linkCode=osi&th=1&psc=1">View Product</a></div><div class="product"><a href="https://www.amazon.com/dp/B00LX5CR0M?tag=eloabder-20&linkCode=osi&th=1&psc=1"><img src="https://m.media-amazon.com/images/I/51OIEWerJUL._SL500_.jpg" alt="Product Image"></a><p>Sunbeam Heating Pad for Neck & Shoulder Pain Relief, XL Renue, 4 Heat Settings with Auto-Off, Blue, 25-Inch x 25-Inch, Sapphire</p><p> -8% 0FF </p><p>$59.99</p><a href="https://www.amazon.com/dp/B00LX5CR0M?tag=eloabder-20&linkCode=osi&th=1&psc=1">View Product</a></div>
<div class="product"><a href="https://www.amazon.com/dp/B00L2LTYDK?tag=eloabder-20&linkCode=osi&th=1&psc=1"><img src="https://m.media-amazon.com/images/I/418TOAEPGxL._SL500_.jpg" alt="Product Image"></a><p>Ergodyne Chill Its 6602 Cooling Towel, Long Lasting Cooling Relief, Gray 29.50" x 13.00"</p><p> -88% 0FF </p><p>$6.23</p><a href="https://www.amazon.com/dp/B00L2LTYDK?tag=eloabder-20&linkCode=osi&th=1&psc=1">View Product</a></div><div class="product"><a href="https://www.amazon.com/dp/B08SHJ47JL?tag=eloabder-20&linkCode=osi&th=1&psc=1"><img src="https://m.media-amazon.com/images/I/41wR--y8NxL._SL500_.jpg" alt="Product Image"></a><p>Arctic Air Freedom Personal Air Cooler - Portable 3-Speed Neck Fan, Hands-Free Wearable Design, Lightweight, Cordless And Rechargeable</p><p> -34% 0FF </p><p>$19.65</p><a href="https://www.amazon.com/dp/B08SHJ47JL?tag=eloabder-20&linkCode=osi&th=1&psc=1">View Product</a></div><div class="product"><a href="https://www.amazon.com/dp/B003FO2B5U?tag=eloabder-20&linkCode=osi&th=1&psc=1"><img src="https://m.media-amazon.com/images/I/41fgkBDrkxL._SL500_.jpg" alt="Product Image"></a><p>Cool Coolers by Fit + Fresh, 4 Pack Slim Ice Packs, Space Saving Reusable Ice Packs for Lunch Boxes or Coolers, Blue, Single Pack</p><p> -6% 0FF </p><p>$9.44</p><a href="https://www.amazon.com/dp/B003FO2B5U?tag=eloabder-20&linkCode=osi&th=1&psc=1">View Product</a></div><div class="product"><a href="https://www.amazon.com/dp/B008A6M34C?tag=eloabder-20&linkCode=osi&th=1&psc=1"><img src="https://m.media-amazon.com/images/I/41ytzrZrLcL._SL500_.jpg" alt="Product Image"></a><p>FlexiKold Gel Soft Flexible Ice Packs for Injuries - Reusable Freezer Cold Pack, Cold Compress & Cooling Gel Pad for Face, Shoulder, Hip, Leg, Arm, Ankle & Foot Injury - Medium - 7.5‚Äù x 11.5‚Äù</p><p> -56% 0FF </p><p>$10.99 ($10.99 / Count)</p><a href="https://www.amazon.com/dp/B008A6M34C?tag=eloabder-20&linkCode=osi&th=1&psc=1">View Product</a></div><div class="product"><a href="https://www.amazon.com/dp/B00GAU74IK?tag=eloabder-20&linkCode=osi&th=1&psc=1"><img src="https://m.media-amazon.com/images/I/41n1pSkwTeL._SL500_.jpg" alt="Product Image"></a><p>BEKOOOL Soft Gel Sheets for Kids for Cooling Relief from Fever discomfort | 4 Count</p><p> -33% 0FF </p><p>$3.99 ($1.00 / Count)</p><a href="https://www.amazon.com/dp/B00GAU74IK?tag=eloabder-20&linkCode=osi&th=1&psc=1">View Product</a></div><div class="product"><a href="https://www.amazon.com/dp/B0CMJMB9J2?tag=eloabder-20&linkCode=osi&th=1&psc=1"><img src="https://m.media-amazon.com/images/I/41t6as6YB8L._SL500_.jpg" alt="Product Image"></a><p>TheraICE Shoulder Ice Pack Wrap/Reusable Ice Pack for Rotator Cuff & Shoulder Pain Relief Cold Therapy Compression/FocusZone Technology with Extra Cooling Support for Targeted Pain Relief</p><p> -33% 0FF </p><p>$39.95 ($39.95 / Count)</p><a href="https://www.amazon.com/dp/B0CMJMB9J2?tag=eloabder-20&linkCode=osi&th=1&psc=1">View Product</a></div>
<div class="product"><a href="https://www.amazon.com/dp/B07SHB2WF9?tag=eloabder-20&linkCode=osi&th=1&psc=1"><img src="https://m.media-amazon.com/images/I/51jQaLCBOvL._SL500_.jpg" alt="Product Image"></a><p>VIVOSUN 4 Inch 190 CFM Inline Fan with Speed Controller, 4 Inch Carbon Filter and 8 Feet of Ducting, Temperature Humidity Monitor for Grow Tent Ventilation</p><p> -16% 0FF </p><p>$129.99</p><a href="https://www.amazon.com/dp/B07SHB2WF9?tag=eloabder-20&linkCode=osi&th=1&psc=1">View Product</a></div><div class="product"><a href="https://www.amazon.com/dp/B01C82SYZ0?tag=eloabder-20&linkCode=osi&th=1&psc=1"><img src="https://m.media-amazon.com/images/I/412vSql4EpL._SL500_.jpg" alt="Product Image"></a><p>VIVOSUN 4 Inch Inline Duct Fan 100 CFM, HVAC Exhaust Ventilation Fan with Low Noise for Basements, Bathrooms, Kitchens and Attics, Silver</p><p> -8% 0FF </p><p>$22.99</p><a href="https://www.amazon.com/dp/B01C82SYZ0?tag=eloabder-20&linkCode=osi&th=1&psc=1">View Product</a></div><div class="product"><a href="https://www.amazon.com/dp/B0D2P8ZHLD?tag=eloabder-20&linkCode=osi&th=1&psc=1"><img src="https://m.media-amazon.com/images/I/41Y+uClljFL._SL500_.jpg" alt="Product Image"></a><p>Multifunctional 3D Printer Enclosure w/Adjustable Ventilation Kit Eliminate Odors Tent Cover Compatible with Anycubic Photon Mono, Elegoo Saturn/Mars 3/4 & Creality Halot Series Resin 3D Printer</p><p> -6% 0FF </p><p>$65.88</p><a href="https://www.amazon.com/dp/B0D2P8ZHLD?tag=eloabder-20&linkCode=osi&th=1&psc=1">View Product</a></div><div class="product"><a href="https://www.amazon.com/dp/B0CS6K1TM4?tag=eloabder-20&linkCode=osi&th=1&psc=1"><img src="https://m.media-amazon.com/images/I/51Xfkoo1eTL._SL500_.jpg" alt="Product Image"></a><p>HOCENWAY Upgrade 3-Layers Filter System Smoke Exhaust Kit with 5000RPM Fan and Speed Control Power Adapter for All Laser Engraver 3D Printer Enclosure Tent Cover DIY (Ventilation Kit)</p><p> -8% 0FF </p><p>$27.48</p><a href="https://www.amazon.com/dp/B0CS6K1TM4?tag=eloabder-20&linkCode=osi&th=1&psc=1">View Product</a></div>
<div class="product"><a href="https://www.amazon.com/dp/B086QNLBB4?tag=eloabder-20&linkCode=osi&th=1&psc=1"><img src="https://m.media-amazon.com/images/I/41qiFymeklL._SL500_.jpg" alt="Product Image"></a><p>Waterdrop Gravity Water Filter Straw, Camping Water Filtration System, Water Purifier Survival for Travel, Backpacking and Emergency Preparedness, 1.5 gal Bag, 0.1 Micron, 5 Stage Filtration</p><p> -7% 0FF </p><p>$39.99</p><a href="https://www.amazon.com/dp/B086QNLBB4?tag=eloabder-20&linkCode=osi&th=1&psc=1">View Product</a></div><div class="product"><a href="https://www.amazon.com/dp/B0BBQNZK7Y?tag=eloabder-20&linkCode=osi&th=1&psc=1"><img src="https://m.media-amazon.com/images/I/41uwbKvNw5L._SL500_.jpg" alt="Product Image"></a><p>SimPure V7 Under Sink Water Filter, 5-Stage Stainless Steel Water Filtration System Direct Connect to Kitchen Faucet, Reduces 99% Lead, Chlorine, Bad Taste, 20K Gallons (No Drilling Required)</p><p> -18% 0FF </p><p>$65.99 ($30.00 / kg)</p><a href="https://www.amazon.com/dp/B0BBQNZK7Y?tag=eloabder-20&linkCode=osi&th=1&psc=1">View Product</a></div><div class="product"><a href="https://www.amazon.com/dp/B07CHXVRS5?tag=eloabder-20&linkCode=osi&th=1&psc=1"><img src="https://m.media-amazon.com/images/I/41KdIPuSgRL._SL500_.jpg" alt="Product Image"></a><p>iSpring US31 Classic 3-Stage Under Sink Water Filtration System for Drinking, Tankless, High Capacity, Sediment + Carbon + Carbon (Newest Version)</p><p> -26% 0FF </p><p>$101.16</p><a href="https://www.amazon.com/dp/B07CHXVRS5?tag=eloabder-20&linkCode=osi&th=1&psc=1">View Product</a></div><div class="product"><a href="https://www.amazon.com/dp/B00QFXGSIY?tag=eloabder-20&linkCode=osi&th=1&psc=1"><img src="https://m.media-amazon.com/images/I/31c5SLHf3GL._SL500_.jpg" alt="Product Image"></a><p>Survivor Filter PRO - Hand Pump Camping Water Filtration System Survival - Water Purifier Survival</p><p> -20% 0FF </p><p>$55.96</p><a href="https://www.amazon.com/dp/B00QFXGSIY?tag=eloabder-20&linkCode=osi&th=1&psc=1">View Product</a></div>
<div class="product"><a href="https://www.amazon.com/dp/B0D8NXKXBK?tag=eloabder-20&linkCode=osi&th=1&psc=1"><img src="https://m.media-amazon.com/images/I/31sV17bo3CL._SL500_.jpg" alt="Product Image"></a><p>Pro Electric Water Purifier Survival w/Hand Pump, Portable Water Filter Camping Backpacking Hiking Outdoor Travel Emergency, Water Filtration System Survival, Water Purification Tablets Alternative</p><p> -20% 0FF </p><p>$79.99</p><a href="https://www.amazon.com/dp/B0D8NXKXBK?tag=eloabder-20&linkCode=osi&th=1&psc=1">View Product</a></div><div class="product"><a href="https://www.amazon.com/dp/B07PZBY7RL?tag=eloabder-20&linkCode=osi&th=1&psc=1"><img src="https://m.media-amazon.com/images/I/41YJFTk3wDL._SL500_.jpg" alt="Product Image"></a><p>Invigorated Water Alkaline Water Purification Unit, White, Plastic, pH001 Filter Included, Convenient Anti-Slip Design</p><p> -36% 0FF </p><p>$50.00</p><a href="https://www.amazon.com/dp/B07PZBY7RL?tag=eloabder-20&linkCode=osi&th=1&psc=1">View Product</a></div>
<div class="product"><a href="https://www.amazon.com/dp/B0CJ1B6D6S?tag=eloabder-20&linkCode=osi&th=1&psc=1"><img src="https://m.media-amazon.com/images/I/41Upf8lJ6ML._SL500_.jpg" alt="Product Image"></a><p>Scrub Daddy Scrub Mommy Sponges - Dish Scrubber + Non-Scratch Cleaning Sponges Kitchen, Bathroom + Multi-Surface Safe - Dual-Sided Dish Sponges for Scrubbing - Online Exclusive (3 Count)</p><p> -7% 0FF </p><p>$13.00 ($4.33 / Count)</p><a href="https://www.amazon.com/dp/B0CJ1B6D6S?tag=eloabder-20&linkCode=osi&th=1&psc=1">View Product</a></div><div class="product"><a href="https://www.amazon.com/dp/B07HF1GTYN?tag=eloabder-20&linkCode=osi&th=1&psc=1"><img src="https://m.media-amazon.com/images/I/61pFb41tDhL._SL500_.jpg" alt="Product Image"></a><p>Tamicy Mop Slippers Shoes 5 Pairs (10 Pieces) - Microfiber Cleaning House Mop Slippers Floor Cleaning Tools Shoe Cover Soft Washable Reusable Microfiber Foot Socks Floor Cleaning Tools Shoe Cover</p><p> -58% 0FF </p><p>$9.98 ($2.00 / Count)</p><a href="https://www.amazon.com/dp/B07HF1GTYN?tag=eloabder-20&linkCode=osi&th=1&psc=1">View Product</a></div><div class="product"><a href="https://www.amazon.com/dp/B07F268WY8?tag=eloabder-20&linkCode=osi&th=1&psc=1"><img src="https://m.media-amazon.com/images/I/51hKjGZILAL._SL500_.jpg" alt="Product Image"></a><p>Holikme 2 Pack Dryer Vent Cleaner Kit Clothes Dryer Lint Brush Vent Trap Cleaner Home Essentials Long Flexible Vacuum Brush</p><p> -50% 0FF </p><p>$7.99 ($4.00 / Count)</p><a href="https://www.amazon.com/dp/B07F268WY8?tag=eloabder-20&linkCode=osi&th=1&psc=1">View Product</a></div>


<div class="product"><a href="https://www.amazon.com/dp/B06XJ17JVD?tag=eloabder-20&linkCode=osi&th=1&psc=1"><img src="https://m.media-amazon.com/images/I/51OoCqwxbrL._SL500_.jpg" alt="Product Image"></a><p>Rust-Oleum 293513 Rocksolid Polycuramine Garage Oil Floor Coating, 2.5 Car Kit, Gray, 180 Fl Oz (Pack of 1)</p><p> -35% 0FF </p><p>$240.00 ($1.33 / Fl Oz)</p><a href="https://www.amazon.com/dp/B06XJ17JVD?tag=eloabder-20&linkCode=osi&th=1&psc=1">View Product</a></div><div class="product"><a href="https://www.amazon.com/dp/B099SFV2MB?tag=eloabder-20&linkCode=osi&th=1&psc=1"><img src="https://m.media-amazon.com/images/I/41SuYdUgtXL._SL500_.jpg" alt="Product Image"></a><p>Adam's Polishes Advanced Graphene Ceramic Coating - 10H Graphene Coating for Auto Detailing, 9+ Years of Car Protection & Patented UV Technology, Apply After Car Wash & Paint Correction</p><p> -15% 0FF </p><p>$138.54</p><a href="https://www.amazon.com/dp/B099SFV2MB?tag=eloabder-20&linkCode=osi&th=1&psc=1">View Product</a></div><div class="product"><a href="https://www.amazon.com/dp/B07B8RY7M6?tag=eloabder-20&linkCode=osi&th=1&psc=1"><img src="https://m.media-amazon.com/images/I/31G91iuk9RL._SL500_.jpg" alt="Product Image"></a><p>MG Chemicals - 419D-55ML 419D Premium Acrylic Conformal Coating, 55 mL Bottle, IPC 830, UL 94V-0 (File # E203094), Clear, 1.86 Fl Oz (Pack of 1)</p><p> -17% 0FF </p><p>$15.95 ($8.62 / Fl Oz)</p><a href="https://www.amazon.com/dp/B07B8RY7M6?tag=eloabder-20&linkCode=osi&th=1&psc=1">View Product</a></div>
<div class="product"><a href="https://www.amazon.com/dp/B005E9KJYE?tag=eloabder-20&linkCode=osi&th=1&psc=1"><img src="https://m.media-amazon.com/images/I/517PNa1vQiL._SL500_.jpg" alt="Product Image"></a><p>Colorations - SWT16 Simply Washable Tempera Paints, 16 fl oz, Set of 11 Colors, Non Toxic, Vibrant, Bold, Kids Paint, Craft, Hobby, Arts & Crafts, Fun, Art Supplies</p><p> -15% 0FF </p><p>$45.89 ($0.26 / Fl Oz)</p><a href="https://www.amazon.com/dp/B005E9KJYE?tag=eloabder-20&linkCode=osi&th=1&psc=1">View Product</a></div><div class="product"><a href="https://www.amazon.com/dp/B01HZP45BM?tag=eloabder-20&linkCode=osi&th=1&psc=1"><img src="https://m.media-amazon.com/images/I/51qsgeT-koL._SL500_.jpg" alt="Product Image"></a><p>Colorations Washable Tempera Paint, Set of 6 Colors, 8oz Each, Non Toxic Paint, Vibrant Paint, Craft Paint Children, Art Supplies, Homeschool, Home School Use</p><p> -15% 0FF </p><p>$16.99 ($0.35 / Fl Oz)</p><a href="https://www.amazon.com/dp/B01HZP45BM?tag=eloabder-20&linkCode=osi&th=1&psc=1">View Product</a></div><div class="product"><a href="https://www.amazon.com/dp/B01HZP4IFA?tag=eloabder-20&linkCode=osi&th=1&psc=1"><img src="https://m.media-amazon.com/images/I/41tdzr9-azL._SL500_.jpg" alt="Product Image"></a><p>Colorations - LWPACK Liquid Watercolor Paint, 4 fl oz, Set of 6, Non-Toxic, Painting, Kids, Craft, Hobby, Fun, Water Color, Posters, Cool Effects, Versatile, Gift</p><p> -10% 0FF </p><p>$18.89 ($0.79 / Fl Oz)</p><a href="https://www.amazon.com/dp/B01HZP4IFA?tag=eloabder-20&linkCode=osi&th=1&psc=1">View Product</a></div><div class="product"><a href="https://www.amazon.com/dp/B000PIK1YC?tag=eloabder-20&linkCode=osi&th=1&psc=1"><img src="https://m.media-amazon.com/images/I/31-jP8tO9yL._SL500_.jpg" alt="Product Image"></a><p>Rust-Oleum 7579838 Professional High Performance Enamel Spray Paint, 15 Oz, Gloss Black</p><p> -9% 0FF </p><p>$9.98 ($0.67 / Ounce)</p><a href="https://www.amazon.com/dp/B000PIK1YC?tag=eloabder-20&linkCode=osi&th=1&psc=1">View Product</a></div>


<div class="product"><a href="https://www.amazon.com/dp/B002SG7PPC?tag=eloabder-20&linkCode=osi&th=1&psc=1"><img src="https://m.media-amazon.com/images/I/31YVD0b4-1L._SL500_.jpg" alt="Product Image"></a><p>Mitutoyo 050101, Edge Finder, 3/8" Dia. Shank, .200" Dia. Tip</p><p> -21% 0FF </p><p>$16.55</p><a href="https://www.amazon.com/dp/B002SG7PPC?tag=eloabder-20&linkCode=osi&th=1&psc=1">View Product</a></div><div class="product"><a href="https://www.amazon.com/dp/1259827445?tag=eloabder-20&linkCode=osi&th=1&psc=1"><img src="https://m.media-amazon.com/images/I/41+0n7UFhrL._SL500_.jpg" alt="Product Image"></a><p>Machining and CNC Technology</p><p> -42% 0FF </p><p>$199.97</p><a href="https://www.amazon.com/dp/1259827445?tag=eloabder-20&linkCode=osi&th=1&psc=1">View Product</a></div><div class="product"><a href="https://www.amazon.com/dp/B07RM1D6WD?tag=eloabder-20&linkCode=osi&th=1&psc=1"><img src="https://m.media-amazon.com/images/I/41WW3tVXkmL._SL500_.jpg" alt="Product Image"></a><p>AFA Tooling - Deburring Tool with 11 High Speed Steel Swivel Blades - Works on Metal, Resin, PVC Pipes, Copper, Plastic and 3D Printed Edges - Plumbing & 3D Printing Burr Removal Reamer Tool</p><p> -20% 0FF </p><p>$15.95 ($9.11 / 100 g)</p><a href="https://www.amazon.com/dp/B07RM1D6WD?tag=eloabder-20&linkCode=osi&th=1&psc=1">View Product</a></div>
<div class="product"><a href="https://www.amazon.com/dp/B08VHYX96W?tag=eloabder-20&linkCode=osi&th=1&psc=1"><img src="https://m.media-amazon.com/images/I/518vzX0FwcL._SL500_.jpg" alt="Product Image"></a><p>HARDELL Mini Cordless Rotary Tool Kit, 5-Speed and USB Charging with 61 Accessories, Multi-Purpose 3.7V Power Rotary Tool for Sanding, Polishing, Drilling, Etching, Engraving, DIY Crafts</p><p> -17% 0FF </p><p>$24.99</p><a href="https://www.amazon.com/dp/B08VHYX96W?tag=eloabder-20&linkCode=osi&th=1&psc=1">View Product</a></div><div class="product"><a href="https://www.amazon.com/dp/B093229VY9?tag=eloabder-20&linkCode=osi&th=1&psc=1"><img src="https://m.media-amazon.com/images/I/51Wby41ESCL._SL500_.jpg" alt="Product Image"></a><p>KATA 4-PACK Folding Utility Knife, Heavy Duty Box Cutter with 20pcs SK5 Quick Change Blades, Safety Lock Back Design, Used for Cutting Cartons, Cardboards and Boxes</p><p> -23% 0FF </p><p>$9.99 ($2.50 / Count)</p><a href="https://www.amazon.com/dp/B093229VY9?tag=eloabder-20&linkCode=osi&th=1&psc=1">View Product</a></div><div class="product"><a href="https://www.amazon.com/dp/B09QXBC6XL?tag=eloabder-20&linkCode=osi&th=1&psc=1"><img src="https://m.media-amazon.com/images/I/41JcpPv9cXL._SL500_.jpg" alt="Product Image"></a><p>180W Rotary Tool Kit, 1.5-Amp PHALANX 6 Variable Speed with Flex Shaft, 8000-32000RPM Multi-Tool& 139pcs Accessories Kit, Power Multiuse Set Prefect for Crafting Projects and DIY Creations‚Ä¶</p><p> -23% 0FF </p><p>$39.99</p><a href="https://www.amazon.com/dp/B09QXBC6XL?tag=eloabder-20&linkCode=osi&th=1&psc=1">View Product</a></div><div class="product"><a href="https://www.amazon.com/dp/B07GR7QF63?tag=eloabder-20&linkCode=osi&th=1&psc=1"><img src="https://m.media-amazon.com/images/I/319qwqAeKXL._SL500_.jpg" alt="Product Image"></a><p>IGAN-170 Wire Cutters, Precision Electronics Flush Cutter, One of the Strongest and Sharpest Side Cutting pliers with an Opening Spring, Ideal for Ultra-fine Cutting Needs.</p><p> -24% 0FF </p><p>$6.97</p><a href="https://www.amazon.com/dp/B07GR7QF63?tag=eloabder-20&linkCode=osi&th=1&psc=1">View Product</a></div>

<div class="product"><a href="https://www.amazon.com/dp/B01LRVX4AS?tag=eloabder-20&linkCode=osi&th=1&psc=1"><img src="https://m.media-amazon.com/images/I/41eRX8GkL8L._SL500_.jpg" alt="Product Image"></a><p>JKSafety 9 Pockets Class 2 High Visibility Zipper Front Safety Vest With Reflective Strips,Meets ANSI/ISEA Standard (Large, 150-Yellow)</p><p> -10% 0FF </p><p>$8.99</p><a href="https://www.amazon.com/dp/B01LRVX4AS?tag=eloabder-20&linkCode=osi&th=1&psc=1">View Product</a></div><div class="product"><a href="https://www.amazon.com/dp/B01LDPHX7S?tag=eloabder-20&linkCode=osi&th=1&psc=1"><img src="https://m.media-amazon.com/images/I/41pcC4hFanL._SL500_.jpg" alt="Product Image"></a><p>Ergodyne GloWear 8377 Type R Class 3 Lime Quilted Bomber Jacket, High Visibility Reflective Insulation, X-Large</p><p> -17% 0FF </p><p>$34.99</p><a href="https://www.amazon.com/dp/B01LDPHX7S?tag=eloabder-20&linkCode=osi&th=1&psc=1">View Product</a></div><div class="product"><a href="https://www.amazon.com/dp/B0CRV7G3WW?tag=eloabder-20&linkCode=osi&th=1&psc=1"><img src="https://m.media-amazon.com/images/I/41KOsJq8HTL._SL500_.jpg" alt="Product Image"></a><p>Bilymate LED Reflective Vest Running Gear,High Visibility with usb Rechargeable Light Up safety Vest for Walking Running Cycling,Adjustable for Men Women Kids Flourence Green</p><p> -50% 0FF </p><p>$6.45</p><a href="https://www.amazon.com/dp/B0CRV7G3WW?tag=eloabder-20&linkCode=osi&th=1&psc=1">View Product</a></div>
<div class="product"><a href="https://www.amazon.com/dp/B01N2ZTB7M?tag=eloabder-20&linkCode=osi&th=1&psc=1"><img src="https://m.media-amazon.com/images/I/419b0AGprhL._SL500_.jpg" alt="Product Image"></a><p>Sellstrom Advantage Face Shield - Lightweight Mask with Crown & Ratchet Headgear, for Work, Grinding, Cutting - ANSI Z87.1 - Clear Uncoated Polycarbonate Window</p><p> -8% 0FF </p><p>$14.39</p><a href="https://www.amazon.com/dp/B01N2ZTB7M?tag=eloabder-20&linkCode=osi&th=1&psc=1">View Product</a></div><div class="product"><a href="https://www.amazon.com/dp/B008MCUZZS?tag=eloabder-20&linkCode=osi&th=1&psc=1"><img src="https://m.media-amazon.com/images/I/51FPpkx4CEL._SL500_.jpg" alt="Product Image"></a><p>3M 8210 Particulate Respirator, N95, Pack of 20 Disposable Respirator, Two-Strap Cup Style Design, Lightweight with Cushioning Nose Foam, NIOSH Approved</p><p> -45% 0FF </p><p>$15.49 ($0.77 / Count)</p><a href="https://www.amazon.com/dp/B008MCUZZS?tag=eloabder-20&linkCode=osi&th=1&psc=1">View Product</a></div><div class="product"><a href="https://www.amazon.com/dp/B08GBRY816?tag=eloabder-20&linkCode=osi&th=1&psc=1"><img src="https://m.media-amazon.com/images/I/51Z0iPJV4uL._SL500_.jpg" alt="Product Image"></a><p>NEIKO 53880A Forestry Helmet for Safety with Shield and Earmuffs, Chainsaw Helmet with Face Shield, Hard Hat Safety Gear Equipment, Protective Face Shield and Mesh Shield for Face Protection</p><p> -18% 0FF </p><p>$27.16</p><a href="https://www.amazon.com/dp/B08GBRY816?tag=eloabder-20&linkCode=osi&th=1&psc=1">View Product</a></div><div class="product"><a href="https://www.amazon.com/dp/B0BLF15Y9Q?tag=eloabder-20&linkCode=osi&th=1&psc=1"><img src="https://m.media-amazon.com/images/I/51+GJrSaWPL._SL500_.jpg" alt="Product Image"></a><p>Tanden Skating Protective Gear Adult Knee and Elbow Pads Wrist Guards for Roller Skating Skateboarding, Skate Pads Adult Knee Pads for Men Women Black</p><p> -6% 0FF </p><p>$26.99</p><a href="https://www.amazon.com/dp/B0BLF15Y9Q?tag=eloabder-20&linkCode=osi&th=1&psc=1">View Product</a></div>
<div class="product"><a href="https://www.amazon.com/dp/B0C9SBFGZR?tag=eloabder-20&linkCode=osi&th=1&psc=1"><img src="https://m.media-amazon.com/images/I/51yTPVBbEUL._SL500_.jpg" alt="Product Image"></a><p>Supmedic Nitrile Exam Glove, 3.5 mil Disposable Medical Gloves Powder-Free Latex-Free, Box of 100 pcs (Blue) (Medium)</p><p> -16% 0FF </p><p>$8.42</p><a href="https://www.amazon.com/dp/B0C9SBFGZR?tag=eloabder-20&linkCode=osi&th=1&psc=1">View Product</a></div><div class="product"><a href="https://www.amazon.com/dp/B07KYWVCP6?tag=eloabder-20&linkCode=osi&th=1&psc=1"><img src="https://m.media-amazon.com/images/I/41q59vUJw6L._SL500_.jpg" alt="Product Image"></a><p>MED PRIDE Medical Vinyl Examination Gloves (Large, 100-Count) Latex & Rubber Free, Ultra-Strong, Clear Disposable Powder-Free Gloves for Healthcare & Food Handling Use</p><p> -11% 0FF </p><p>$7.99 ($0.08 / Count)</p><a href="https://www.amazon.com/dp/B07KYWVCP6?tag=eloabder-20&linkCode=osi&th=1&psc=1">View Product</a></div><div class="product"><a href="https://www.amazon.com/dp/B09KTQMMCM?tag=eloabder-20&linkCode=osi&th=1&psc=1"><img src="https://m.media-amazon.com/images/I/41mQ4yEa-wL._SL500_.jpg" alt="Product Image"></a><p>Schneider Black Vinyl Exam Gloves, 4mil, Disposable Latex-Free, Plastic Gloves for Medical, Cooking, Cleaning, and Food Prep, Sizes Medium</p><p> -20% 0FF </p><p>$7.99</p><a href="https://www.amazon.com/dp/B09KTQMMCM?tag=eloabder-20&linkCode=osi&th=1&psc=1">View Product</a></div><div class="product"><a href="https://www.amazon.com/dp/B09KRT18KC?tag=eloabder-20&linkCode=osi&th=1&psc=1"><img src="https://m.media-amazon.com/images/I/415qb2LeE6L._SL500_.jpg" alt="Product Image"></a><p>Schneider Clear Vinyl Exam Gloves, 4-mil, Medium 100-ct Box, Latex-Free, Rubber Disposable Gloves For Medical, Cleaning , Food Prep, Food Safe, Powder-Free, Non-Sterile</p><p> -20% 0FF </p><p>$7.97 ($0.08 / Count)</p><a href="https://www.amazon.com/dp/B09KRT18KC?tag=eloabder-20&linkCode=osi&th=1&psc=1">View Product</a></div><div class="product"><a href="https://www.amazon.com/dp/B08WJQR2CR?tag=eloabder-20&linkCode=osi&th=1&psc=1"><img src="https://m.media-amazon.com/images/I/414Y7CgkL2L._SL500_.jpg" alt="Product Image"></a><p>FifthPulse Black Vinyl Disposable Gloves Large 50 Pack - Latex Free, Powder Free Medical Exam Gloves - Surgical, Home, Cleaning, and Food Gloves - 3 Mil Thickness</p><p> -60% 0FF </p><p>$5.59</p><a href="https://www.amazon.com/dp/B08WJQR2CR?tag=eloabder-20&linkCode=osi&th=1&psc=1">View Product</a></div><div class="product"><a href="https://www.amazon.com/dp/B0C9MZRBR7?tag=eloabder-20&linkCode=osi&th=1&psc=1"><img src="https://m.media-amazon.com/images/I/41STIBt58JL._SL500_.jpg" alt="Product Image"></a><p>Caring Nitrile Exam Gloves (100ct), Powder Free and Not Made with Natural Rubber Latex, Gloves for Medical Use, Cleaning, Food Prep and More, Large</p><p> -13% 0FF </p><p>$6.99</p><a href="https://www.amazon.com/dp/B0C9MZRBR7?tag=eloabder-20&linkCode=osi&th=1&psc=1">View Product</a></div><div class="product"><a href="https://www.amazon.com/dp/B087LXWY99?tag=eloabder-20&linkCode=osi&th=1&psc=1"><img src="https://m.media-amazon.com/images/I/51ILZr2xj3L._SL500_.jpg" alt="Product Image"></a><p>Basic Medical Blue Nitrile Exam Gloves - Latex-Free & Powder-Free - NGPF-7002 (Case of 1,000), Medium</p><p> -16% 0FF </p><p>$32.82 ($0.03 / Count)</p><a href="https://www.amazon.com/dp/B087LXWY99?tag=eloabder-20&linkCode=osi&th=1&psc=1">View Product</a></div>
<div class="product"><a href="https://www.amazon.com/dp/B09P4DBZHY?tag=eloabder-20&linkCode=osi&th=1&psc=1"><img src="https://m.media-amazon.com/images/I/31YZa5T8JCL._SL500_.jpg" alt="Product Image"></a><p>3M Hard Hat SecureFit H-701SFR-UV, White, Non-Vented Cap Style Safety Helmet with Uvicator Sensor, 4-Point Pressure Diffusion Ratchet Suspension, ANSI Z87.1</p><p> -12% 0FF </p><p>$16.25</p><a href="https://www.amazon.com/dp/B09P4DBZHY?tag=eloabder-20&linkCode=osi&th=1&psc=1">View Product</a></div><div class="product"><a href="https://www.amazon.com/dp/B09VBV3T78?tag=eloabder-20&linkCode=osi&th=1&psc=1"><img src="https://m.media-amazon.com/images/I/31BEt7CIKkL._SL500_.jpg" alt="Product Image"></a><p>UNINOVA Vented Hard Hat with Visor OSHA Construction Safety Helmet 6 pt. Ratchet Suspension Cascos De Construccion ANSI Z89.1 Type I Class C Hardhats(S1 White Smoked)</p><p> -46% 0FF </p><p>$29.99</p><a href="https://www.amazon.com/dp/B09VBV3T78?tag=eloabder-20&linkCode=osi&th=1&psc=1">View Product</a></div>
<div class="product"><a href="https://www.amazon.com/dp/B08C7HDF1F?tag=eloabder-20&linkCode=osi&th=1&psc=1"><img src="https://m.media-amazon.com/images/I/51v5EoPjf3L._SL500_.jpg" alt="Product Image"></a><p>NNPCBT 100PCS 3 Ply Black Disposable Face Mask Filter Protection Face Masks</p><p> -33% 0FF </p><p>$9.98 ($0.10 / Count)</p><a href="https://www.amazon.com/dp/B08C7HDF1F?tag=eloabder-20&linkCode=osi&th=1&psc=1">View Product</a></div><div class="product"><a href="https://www.amazon.com/dp/B09GNXYWDQ?tag=eloabder-20&linkCode=osi&th=1&psc=1"><img src="https://m.media-amazon.com/images/I/41VrygLbB9L._SL500_.jpg" alt="Product Image"></a><p>Gleeporte [Pack Of 100] Black Disposable Face Mask, 3-Ply Adult Masks, Facial Cover with Elastic Earloops For Home, Office, School, and Outdoors</p><p> -22% 0FF </p><p>$6.99 ($0.07 / Count)</p><a href="https://www.amazon.com/dp/B09GNXYWDQ?tag=eloabder-20&linkCode=osi&th=1&psc=1">View Product</a></div><div class="product"><a href="https://www.amazon.com/dp/B08Y8NVW6Y?tag=eloabder-20&linkCode=osi&th=1&psc=1"><img src="https://m.media-amazon.com/images/I/51-zA01VM0L._SL500_.jpg" alt="Product Image"></a><p>LEMENT 50pcs KN95 Face Mask Black 5 Layer Cup Dust Safety Masks Filter Efficiency‚â•95% Breathable Elastic Ear Loops Black Masks</p><p> -33% 0FF </p><p>$19.99 ($0.40 / Count)</p><a href="https://www.amazon.com/dp/B08Y8NVW6Y?tag=eloabder-20&linkCode=osi&th=1&psc=1">View Product</a></div><div class="product"><a href="https://www.amazon.com/dp/B089TX3BPY?tag=eloabder-20&linkCode=osi&th=1&psc=1"><img src="https://m.media-amazon.com/images/I/41qr1sidczL._SL500_.jpg" alt="Product Image"></a><p>Hygenix 3ply Disposable Face Masks PFE 99% Filter Quality Tested by a US lab (Pack of 50 Pcs)</p><p> -13% 0FF </p><p>$12.99 ($0.26 / Count)</p><a href="https://www.amazon.com/dp/B089TX3BPY?tag=eloabder-20&linkCode=osi&th=1&psc=1">View Product</a></div><div class="product"><a href="https://www.amazon.com/dp/B09GLY1S79?tag=eloabder-20&linkCode=osi&th=1&psc=1"><img src="https://m.media-amazon.com/images/I/511vKreiG-L._SL500_.jpg" alt="Product Image"></a><p>Funight KN95 Face Masks 50 Pack 5-Ply Breathable Filter Disposable Face Masks Black</p><p> -50% 0FF </p><p>$19.99 ($0.40 / Count)</p><a href="https://www.amazon.com/dp/B09GLY1S79?tag=eloabder-20&linkCode=osi&th=1&psc=1">View Product</a></div>
<div class="product"><a href="https://www.amazon.com/dp/B07MNZ7C1M?tag=eloabder-20&linkCode=osi&th=1&psc=1"><img src="https://m.media-amazon.com/images/I/41qn5bUxuzL._SL500_.jpg" alt="Product Image"></a><p>ProCase Noise Reduction Ear Muffs, SNR 34dB Noise Cancelling Headphones for Adults Kids Autism, Adjustable Sound Proof Ear Protection for Shooting Mowing Construction -Red</p><p> -21% 0FF </p><p>$14.99</p><a href="https://www.amazon.com/dp/B07MNZ7C1M?tag=eloabder-20&linkCode=osi&th=1&psc=1">View Product</a></div><div class="product"><a href="https://www.amazon.com/dp/B0C5SMT3TX?tag=eloabder-20&linkCode=osi&th=1&psc=1"><img src="https://m.media-amazon.com/images/I/31TGEeMQNBL._SL500_.jpg" alt="Product Image"></a><p>ZOHAN 012 Hearing Protection Earmuffs for Noise Reduction - NRR 28dB Adjustable Safety Ear Muffs for Mowing, Autism, Sporting Events, Outdoor Work, Construction - Purple</p><p> -50% 0FF </p><p>$7.99</p><a href="https://www.amazon.com/dp/B0C5SMT3TX?tag=eloabder-20&linkCode=osi&th=1&psc=1">View Product</a></div><div class="product"><a href="https://www.amazon.com/dp/B01MXYJ2QP?tag=eloabder-20&linkCode=osi&th=1&psc=1"><img src="https://m.media-amazon.com/images/I/412QOjQpaKL._SL500_.jpg" alt="Product Image"></a><p>3M Pro-Grade Earmuff, Noise Reduction Rating (NRR) 30 dB, Lightweight & Adjustable Ear Muffs, Reduce Pressure Points For All-Day Comfort, Steel Wire Headband With Rubber Overmold Design (90565-4DC-PS)</p><p> -19% 0FF </p><p>$27.49</p><a href="https://www.amazon.com/dp/B01MXYJ2QP?tag=eloabder-20&linkCode=osi&th=1&psc=1">View Product</a></div><div class="product"><a href="https://www.amazon.com/dp/B01N7LMH5K?tag=eloabder-20&linkCode=osi&th=1&psc=1"><img src="https://m.media-amazon.com/images/I/516EUUjXKUL._SL500_.jpg" alt="Product Image"></a><p>10 Pair Corded Reusable Ear Plugs for Shooting Range Ear Protection for Gun Range - Hunting Ear Plugs for Construction Firearm Ear Protection Shooting Gun Hearing Protection Ear Plugs Corded</p><p> -13% 0FF </p><p>$6.95 ($0.70 / Count)</p><a href="https://www.amazon.com/dp/B01N7LMH5K?tag=eloabder-20&linkCode=osi&th=1&psc=1">View Product</a></div>
<div class="product"><a href="https://www.amazon.com/dp/B09G8FJNRT?tag=eloabder-20&linkCode=osi&th=1&psc=1"><img src="https://m.media-amazon.com/images/I/414WbTnlb1L._SL500_.jpg" alt="Product Image"></a><p>Aqulius 2 Pack Stylish Safety Glasses Goggles Anti Fog, Scratch Resistant, Safety Glasses for Women, Blue Light, Glasses for Nurses</p><p> -18% 0FF </p><p>$13.99</p><a href="https://www.amazon.com/dp/B09G8FJNRT?tag=eloabder-20&linkCode=osi&th=1&psc=1">View Product</a></div><div class="product"><a href="https://www.amazon.com/dp/B0833VW43J?tag=eloabder-20&linkCode=osi&th=1&psc=1"><img src="https://m.media-amazon.com/images/I/41iY6mE3j6L._SL500_.jpg" alt="Product Image"></a><p>amoolo Clear Safety Glasses Bulk of 24, Protective Eyewear for Men Women, ANSI Z87.1 Impact Resistant Eye Protection for Work, Lab, Construction</p><p> -18% 0FF </p><p>$24.69 ($1.03 / Count)</p><a href="https://www.amazon.com/dp/B0833VW43J?tag=eloabder-20&linkCode=osi&th=1&psc=1">View Product</a></div><div class="product"><a href="https://www.amazon.com/dp/B07YLVH342?tag=eloabder-20&linkCode=osi&th=1&psc=1"><img src="https://m.media-amazon.com/images/I/41bR3jQbKXL._SL500_.jpg" alt="Product Image"></a><p>SolidWork Safety Glasses Clear Lens with Side Shields, Anti Fog, Anti Scratch, Anti-Glare, Protective Eyewear for Men & Women</p><p> -11% 0FF </p><p>$9.99</p><a href="https://www.amazon.com/dp/B07YLVH342?tag=eloabder-20&linkCode=osi&th=1&psc=1">View Product</a></div>

<div class="product"><a href="https://www.amazon.com/dp/B078JGY2MJ?tag=eloabder-20&linkCode=osi&th=1&psc=1"><img src="https://m.media-amazon.com/images/I/41V4pUwXteL._SL500_.jpg" alt="Product Image"></a><p>Cherokee Scrubs for Men Workwear Professionals V-Neck Four-Pocket Scrub Top WW695, L, Navy</p><p> -23% 0FF </p><p>$24.99</p><a href="https://www.amazon.com/dp/B078JGY2MJ?tag=eloabder-20&linkCode=osi&th=1&psc=1">View Product</a></div><div class="product"><a href="https://www.amazon.com/dp/B0721NWRKT?tag=eloabder-20&linkCode=osi&th=1&psc=1"><img src="https://m.media-amazon.com/images/I/41Qw3a-DoWL._SL500_.jpg" alt="Product Image"></a><p>Cherokee Women's V-Neck Top, Navy, X-Large</p><p> -15% 0FF </p><p>$23.99</p><a href="https://www.amazon.com/dp/B0721NWRKT?tag=eloabder-20&linkCode=osi&th=1&psc=1">View Product</a></div><div class="product"><a href="https://www.amazon.com/dp/B012H3JOOK?tag=eloabder-20&linkCode=osi&th=1&psc=1"><img src="https://m.media-amazon.com/images/I/41GrV-dIDYL._SL500_.jpg" alt="Product Image"></a><p>Workwear Women Underscrubs Long Sleeve Knit Tee 4881, L, Caribbean Blue</p><p> -19% 0FF </p><p>$10.47</p><a href="https://www.amazon.com/dp/B012H3JOOK?tag=eloabder-20&linkCode=osi&th=1&psc=1">View Product</a></div>
<div class="product"><a href="https://www.amazon.com/dp/B010QWNDX2?tag=eloabder-20&linkCode=osi&th=1&psc=1"><img src="https://m.media-amazon.com/images/I/31V3r0a9C1L._SL500_.jpg" alt="Product Image"></a><p>Just Love Women's Scrub Sets Six Pocket Medical Scrubs (V-Neck With Cargo Pant), Navy, Medium</p><p> -16% 0FF </p><p>$19.99</p><a href="https://www.amazon.com/dp/B010QWNDX2?tag=eloabder-20&linkCode=osi&th=1&psc=1">View Product</a></div><div class="product"><a href="https://www.amazon.com/dp/B0985Y2RB4?tag=eloabder-20&linkCode=osi&th=1&psc=1"><img src="https://m.media-amazon.com/images/I/3176BjqvasS._SL500_.jpg" alt="Product Image"></a><p>Natural Uniforms Women's Cool Stretch V-Neck Top and Cargo Pant Set (True Navy Blue, Large)</p><p> -17% 0FF </p><p>$24.99</p><a href="https://www.amazon.com/dp/B0985Y2RB4?tag=eloabder-20&linkCode=osi&th=1&psc=1">View Product</a></div><div class="product"><a href="https://www.amazon.com/dp/B0CBNDXYJT?tag=eloabder-20&linkCode=osi&th=1&psc=1"><img src="https://m.media-amazon.com/images/I/31DhOD5-BwL._SL500_.jpg" alt="Product Image"></a><p>MONARCH UNIFORMS Stretchy Scrubs Women's Jogger Scrub Set In Regular and Petite Jogger Scrubs with Tuck-In Top for Women(Navy-L)</p><p> -6% 0FF </p><p>$46.95</p><a href="https://www.amazon.com/dp/B0CBNDXYJT?tag=eloabder-20&linkCode=osi&th=1&psc=1">View Product</a></div><div class="product"><a href="https://www.amazon.com/dp/B0D1TL84LR?tag=eloabder-20&linkCode=osi&th=1&psc=1"><img src="https://m.media-amazon.com/images/I/51iGPF-PnRL._SL500_.jpg" alt="Product Image"></a><p>Electric Warming Trays for Food and Hot Plates, Large and Uniform Surface Heating, Foldable, Durable, 3 Temperature Levels, Can Be On for 12 Hours, Silicone Food Warmer for Gatherings (Beige)</p><p> -8% 0FF </p><p>$36.99</p><a href="https://www.amazon.com/dp/B0D1TL84LR?tag=eloabder-20&linkCode=osi&th=1&psc=1">View Product</a></div><div class="product"><a href="https://www.amazon.com/dp/B09MM2LG84?tag=eloabder-20&linkCode=osi&th=1&psc=1"><img src="https://m.media-amazon.com/images/I/31B25JsiYTL._SL500_.jpg" alt="Product Image"></a><p>Scrubs Set for Women Joggers V-Neck Pocket Top Uniforms (Pink, L)</p><p> -10% 0FF </p><p>$25.99</p><a href="https://www.amazon.com/dp/B09MM2LG84?tag=eloabder-20&linkCode=osi&th=1&psc=1">View Product</a></div>
<div class="product"><a href="https://www.amazon.com/dp/B07K8M42Q5?tag=eloabder-20&linkCode=osi&th=1&psc=1"><img src="https://m.media-amazon.com/images/I/41UMPYXm6lS._SL500_.jpg" alt="Product Image"></a><p>Insulated Thermal Bib Overalls, High Visibility, Weather-Resistant, Large, Ergodyne GloWear 8928,Lime</p><p> -33% 0FF </p><p>$74.69</p><a href="https://www.amazon.com/dp/B07K8M42Q5?tag=eloabder-20&linkCode=osi&th=1&psc=1">View Product</a></div><div class="product"><a href="https://www.amazon.com/dp/B07SB2Z38J?tag=eloabder-20&linkCode=osi&th=1&psc=1"><img src="https://m.media-amazon.com/images/I/31gv4F1tgnL._SL500_.jpg" alt="Product Image"></a><p>Pioneer Hi Vis Ripstop Waterproof Bib Pants/Overalls for Men - Reflective Safety Work Rain Pants - High Visibility Yellow</p><p> -11% 0FF </p><p>$51.72</p><a href="https://www.amazon.com/dp/B07SB2Z38J?tag=eloabder-20&linkCode=osi&th=1&psc=1">View Product</a></div>
<div class="product"><a href="https://www.amazon.com/dp/B000BQRGFU?tag=eloabder-20&linkCode=osi&th=1&psc=1"><img src="https://m.media-amazon.com/images/I/51gnFiaxIAS._SL500_.jpg" alt="Product Image"></a><p>Trimaco SuperTuff Polypropylene Coverall, Medium</p><p> -51% 0FF </p><p>$4.90</p><a href="https://www.amazon.com/dp/B000BQRGFU?tag=eloabder-20&linkCode=osi&th=1&psc=1">View Product</a></div><div class="product"><a href="https://www.amazon.com/dp/B01JOWAOEG?tag=eloabder-20&linkCode=osi&th=1&psc=1"><img src="https://m.media-amazon.com/images/I/31jcH7zLurL._SL500_.jpg" alt="Product Image"></a><p>DuPont unisex-adult TY122S-XL-EACH Disposable Elastic Wrist, Bootie and Hood Tyvek Coverall Suit 1414, X-Large, White</p><p> -16% 0FF </p><p>$9.77</p><a href="https://www.amazon.com/dp/B01JOWAOEG?tag=eloabder-20&linkCode=osi&th=1&psc=1">View Product</a></div>
<div class="product"><a href="https://www.amazon.com/dp/B07D8G82G8?tag=eloabder-20&linkCode=osi&th=1&psc=1"><img src="https://m.media-amazon.com/images/I/317xFAdHZWL._SL500_.jpg" alt="Product Image"></a><p>VOGRYE Professional Lab Coat for Men Women Long Sleeve, White, Unisex</p><p> -12% 0FF </p><p>$14.99</p><a href="https://www.amazon.com/dp/B07D8G82G8?tag=eloabder-20&linkCode=osi&th=1&psc=1">View Product</a></div><div class="product"><a href="https://www.amazon.com/dp/B07HBL83B4?tag=eloabder-20&linkCode=osi&th=1&psc=1"><img src="https://m.media-amazon.com/images/I/31TG2roZU-L._SL500_.jpg" alt="Product Image"></a><p>VOGRYE Professional Lab Coat for Women Men Long Sleeve, White, Unisex (Small, White)</p><p> -32% 0FF </p><p>$16.99</p><a href="https://www.amazon.com/dp/B07HBL83B4?tag=eloabder-20&linkCode=osi&th=1&psc=1">View Product</a></div><div class="product"><a href="https://www.amazon.com/dp/B08VDZ6KCT?tag=eloabder-20&linkCode=osi&th=1&psc=1"><img src="https://m.media-amazon.com/images/I/31ERfg1k-nL._SL500_.jpg" alt="Product Image"></a><p>NY Threads Professional Lab Coat for Men Long Sleeve Poly Cotton Medical Coat 1 Pack, Medium, White</p><p> -11% 0FF </p><p>$16.99</p><a href="https://www.amazon.com/dp/B08VDZ6KCT?tag=eloabder-20&linkCode=osi&th=1&psc=1">View Product</a></div><div class="product"><a href="https://www.amazon.com/dp/B097NS2MHG?tag=eloabder-20&linkCode=osi&th=1&psc=1"><img src="https://m.media-amazon.com/images/I/31jtnrdiCcL._SL500_.jpg" alt="Product Image"></a><p>NY Threads Professional Lab Coat for Women, Long Sleeve Poly Cotton Medical Coat 1 Pack, Medium, White</p><p> -10% 0FF </p><p>$17.99</p><a href="https://www.amazon.com/dp/B097NS2MHG?tag=eloabder-20&linkCode=osi&th=1&psc=1">View Product</a></div>
<div class="product"><a href="https://www.amazon.com/dp/B08LSQFJCL?tag=eloabder-20&linkCode=osi&th=1&psc=1"><img src="https://m.media-amazon.com/images/I/410PoD7Tw+L._SL500_.jpg" alt="Product Image"></a><p>Walking Boot Fracture Boot for Broken Foot, Sprained Ankle-Medium</p><p> -25% 0FF </p><p>$39.85</p><a href="https://www.amazon.com/dp/B08LSQFJCL?tag=eloabder-20&linkCode=osi&th=1&psc=1">View Product</a></div><div class="product"><a href="https://www.amazon.com/dp/B09YPT42D5?tag=eloabder-20&linkCode=osi&th=1&psc=1"><img src="https://m.media-amazon.com/images/I/418-GYTrMOL._SL500_.jpg" alt="Product Image"></a><p>Jewlri Air Walking Boot Fracture Boot Short Walker Protective Boot Fits Left or Right Foot Ankle for Injuries Fractures Sprains Black M</p><p> -13% 0FF </p><p>$39.15</p><a href="https://www.amazon.com/dp/B09YPT42D5?tag=eloabder-20&linkCode=osi&th=1&psc=1">View Product</a></div><div class="product"><a href="https://www.amazon.com/dp/B019T9EHME?tag=eloabder-20&linkCode=osi&th=1&psc=1"><img src="https://m.media-amazon.com/images/I/41vMjfPsvUL._SL500_.jpg" alt="Product Image"></a><p>WOLVERINE Men's Floorhand Waterproof Steeltoe 6" Work Boot, Dark Brown, 9M</p><p> -23% 0FF </p><p>$92.90</p><a href="https://www.amazon.com/dp/B019T9EHME?tag=eloabder-20&linkCode=osi&th=1&psc=1">View Product</a></div>
<div class="product"><a href="https://www.amazon.com/dp/B073WH3WDR?tag=eloabder-20&linkCode=osi&th=1&psc=1"><img src="https://m.media-amazon.com/images/I/31s4J9BNC5L._SL500_.jpg" alt="Product Image"></a><p>Skechers Women's Squad SR Shoe, Black, 8.5</p><p> -63% 0FF </p><p>$25.00</p><a href="https://www.amazon.com/dp/B073WH3WDR?tag=eloabder-20&linkCode=osi&th=1&psc=1">View Product</a></div><div class="product"><a href="https://www.amazon.com/dp/B0C73MZF8M?tag=eloabder-20&linkCode=osi&th=1&psc=1"><img src="https://m.media-amazon.com/images/I/41yuAR+ADmL._SL500_.jpg" alt="Product Image"></a><p>LARNMERN Men Shoes Non Slip Work Sneakers Plantar Fasciitis Food Service Zapatos Trabajo Antideslizantes Orthopedic Walking Shoes Water Resistant Slip-on, Black 10.5</p><p> -15% 0FF </p><p>$42.42</p><a href="https://www.amazon.com/dp/B0C73MZF8M?tag=eloabder-20&linkCode=osi&th=1&psc=1">View Product</a></div><div class="product"><a href="https://www.amazon.com/dp/B0CJ8ZXF49?tag=eloabder-20&linkCode=osi&th=1&psc=1"><img src="https://m.media-amazon.com/images/I/41FQGDRzYhL._SL500_.jpg" alt="Product Image"></a><p>Bruno Marc Men's Non Slip Shoes, Lightweight Mens Work Shoes & Restaurant or Food Service Sneakers,Size 12,Black,SBWO2302M</p><p> -18% 0FF </p><p>$40.99</p><a href="https://www.amazon.com/dp/B0CJ8ZXF49?tag=eloabder-20&linkCode=osi&th=1&psc=1">View Product</a></div><div class="product"><a href="https://www.amazon.com/dp/B08XK8NZ82?tag=eloabder-20&linkCode=osi&th=1&psc=1"><img src="https://m.media-amazon.com/images/I/41VlYm6BhQL._SL500_.jpg" alt="Product Image"></a><p>Shoes for Crews Everlight Mens Non Slip Work Shoes - Men's Work & Safety Footwear, Lace-Up Breathable Work Shoes for Men, Zapato de Trabajo para Hombre, Size 10 Black</p><p> -14% 0FF </p><p>$59.98</p><a href="https://www.amazon.com/dp/B08XK8NZ82?tag=eloabder-20&linkCode=osi&th=1&psc=1">View Product</a></div><div class="product"><a href="https://www.amazon.com/dp/B01N2ZIDHO?tag=eloabder-20&linkCode=osi&th=1&psc=1"><img src="https://m.media-amazon.com/images/I/41TB3tRdI3L._SL500_.jpg" alt="Product Image"></a><p>Skechers Men's Flex Advantage Bendon Work Shoe, Black, 9.5 Wide</p><p> -25% 0FF </p><p>$63.73</p><a href="https://www.amazon.com/dp/B01N2ZIDHO?tag=eloabder-20&linkCode=osi&th=1&psc=1">View Product</a></div><div class="product"><a href="https://www.amazon.com/dp/B0D95RCCV4?tag=eloabder-20&linkCode=osi&th=1&psc=1"><img src="https://m.media-amazon.com/images/I/414THsyORKL._SL500_.jpg" alt="Product Image"></a><p>Bruno Marc Men's Hands Free Non Slip Work Shoes, Water Resistance Restaurant Slip on Food Service Sneakers,Size 11,Black,SNIC2410M</p><p> -15% 0FF </p><p>$33.14</p><a href="https://www.amazon.com/dp/B0D95RCCV4?tag=eloabder-20&linkCode=osi&th=1&psc=1">View Product</a></div><div class="product"><a href="https://www.amazon.com/dp/B08XLPHX2K?tag=eloabder-20&linkCode=osi&th=1&psc=1"><img src="https://m.media-amazon.com/images/I/41hIoqZEa+L._SL500_.jpg" alt="Product Image"></a><p>Shoes for Crews Everlight, Women's Slip Resistant Work Shoes, Water Resistant, Black, Size 9</p><p> -14% 0FF </p><p>$59.98</p><a href="https://www.amazon.com/dp/B08XLPHX2K?tag=eloabder-20&linkCode=osi&th=1&psc=1">View Product</a></div>

<div class="product"><a href="https://www.amazon.com/dp/B0CP3Q6CCG?tag=eloabder-20&linkCode=osi&th=1&psc=1"><img src="https://m.media-amazon.com/images/I/41sFYNo44HL._SL500_.jpg" alt="Product Image"></a><p>SAFETOE Welding Boots for Men Composite Toe Safety Boots Fire Resistant Welding Boot 300‚ÑÉHeat Resistant Welder Working Boots</p><p> -20% 0FF </p><p>$71.99</p><a href="https://www.amazon.com/dp/B0CP3Q6CCG?tag=eloabder-20&linkCode=osi&th=1&psc=1">View Product</a></div><div class="product"><a href="https://www.amazon.com/dp/B08L6HJJ7C?tag=eloabder-20&linkCode=osi&th=1&psc=1"><img src="https://m.media-amazon.com/images/I/41RzvjdVq0S._SL500_.jpg" alt="Product Image"></a><p>TOSAFZXY Work Safety Boots for Men Durable Crazy-Horse Leather Indestructible Steel Toe Waterproof and Non-Slip Better Warmth Men Work Shoes Black 13</p><p> -21% 0FF </p><p>$76.99</p><a href="https://www.amazon.com/dp/B08L6HJJ7C?tag=eloabder-20&linkCode=osi&th=1&psc=1">View Product</a></div><div class="product"><a href="https://www.amazon.com/dp/B01E7T2S7M?tag=eloabder-20&linkCode=osi&th=1&psc=1"><img src="https://m.media-amazon.com/images/I/41h2ZazEbDL._SL500_.jpg" alt="Product Image"></a><p>Timberland PRO Men's Powertrain Sport Alloy Safety Toe Industrial Athletic Work Shoe AL, Black/Grey, 11</p><p> -15% 0FF </p><p>$93.45</p><a href="https://www.amazon.com/dp/B01E7T2S7M?tag=eloabder-20&linkCode=osi&th=1&psc=1">View Product</a></div>

<div class="product"><a href="https://www.amazon.com/dp/B08G5DNWPH?tag=eloabder-20&linkCode=osi&th=1&psc=1"><img src="https://m.media-amazon.com/images/I/51z+-4Ne7OS._SL500_.jpg" alt="Product Image"></a><p>Palmer Safety Safety Harness w/Detachable 6 ft Lanyard I Single Leg Lanyard w/Internal Shock Absorbing & Snap Hook I OSHA/ANSI Fall Arrest Kit</p><p> -19% 0FF </p><p>$41.80</p><a href="https://www.amazon.com/dp/B08G5DNWPH?tag=eloabder-20&linkCode=osi&th=1&psc=1">View Product</a></div>
<div class="product"><a href="https://www.amazon.com/dp/B07MPC2DL1?tag=eloabder-20&linkCode=osi&th=1&psc=1"><img src="https://m.media-amazon.com/images/I/414lPL-+oSL._SL500_.jpg" alt="Product Image"></a><p>SHINKODA Black Glasses Strap, Sports Sunglasses & Eyeglasses Holder Straps for Men Women, String Holder, Neck Lanyard Cord, Adjustable Rope Eyewear Keeper Strap, Pack of 6</p><p> -30% 0FF </p><p>$6.99</p><a href="https://www.amazon.com/dp/B07MPC2DL1?tag=eloabder-20&linkCode=osi&th=1&psc=1">View Product</a></div>

<div class="product"><a href="https://www.amazon.com/dp/B07N42HH5R?tag=eloabder-20&linkCode=osi&th=1&psc=1"><img src="https://m.media-amazon.com/images/I/41ckLVLEd2L._SL500_.jpg" alt="Product Image"></a><p>X MONSTER HMPE Synthetic Winch Rope 3/8" x 90' Off Road for UTV/ATV Winch Line Cable Rope with Black Protecting Sleeve 18,000 lbs, Orange</p><p> -50% 0FF </p><p>$39.99 ($0.44 / Foot)</p><a href="https://www.amazon.com/dp/B07N42HH5R?tag=eloabder-20&linkCode=osi&th=1&psc=1">View Product</a></div><div class="product"><a href="https://www.amazon.com/dp/B08GC5NMY2?tag=eloabder-20&linkCode=osi&th=1&psc=1"><img src="https://m.media-amazon.com/images/I/41DLu2HOubL._SL500_.jpg" alt="Product Image"></a><p>AuInn Pack of 2 Velvet Stanchion Ropes, 4.9 Feet Stanchion Queue Barrier Rope Velvet Rope, Crowd Control Rope Barrier, with Mirror Polished Hooks (Red)</p><p> -50% 0FF </p><p>$8.24</p><a href="https://www.amazon.com/dp/B08GC5NMY2?tag=eloabder-20&linkCode=osi&th=1&psc=1">View Product</a></div><div class="product"><a href="https://www.amazon.com/dp/B004XAD2IU?tag=eloabder-20&linkCode=osi&th=1&psc=1"><img src="https://m.media-amazon.com/images/I/41OMk7JUdRL._SL500_.jpg" alt="Product Image"></a><p>SeaSense Rope Cutting Gun for Fishing, Boating & Camping ‚Äì 4‚Äô Cord, 1.5 Lbs, 120 V, 100 W & 1.5 A ‚Äì Lightweight Electric Cutter Tool for Synthetic Rope or Line</p><p> -17% 0FF </p><p>$34.49</p><a href="https://www.amazon.com/dp/B004XAD2IU?tag=eloabder-20&linkCode=osi&th=1&psc=1">View Product</a></div><div class="product"><a href="https://www.amazon.com/dp/B000KA4NZI?tag=eloabder-20&linkCode=osi&th=1&psc=1"><img src="https://m.media-amazon.com/images/I/41dG6S68MnL._SL500_.jpg" alt="Product Image"></a><p>Champion Sports DD Series Double Dutch Licorice Jump Ropes - Pink, 16-Feet (Set)</p><p> -37% 0FF </p><p>$10.10</p><a href="https://www.amazon.com/dp/B000KA4NZI?tag=eloabder-20&linkCode=osi&th=1&psc=1">View Product</a></div><div class="product"><a href="https://www.amazon.com/dp/B0BMVK163Z?tag=eloabder-20&linkCode=osi&th=1&psc=1"><img src="https://m.media-amazon.com/images/I/41lSc76CkEL._SL500_.jpg" alt="Product Image"></a><p>FVIEXE 6 Pack Red Velvet Stanchion Rope, 5 Feet Crowd Control Velvet Ropes with Gold Clasps, Foam Core Red Rope Queue Safety Sarriers Stanchion Post Rope for Party Event and Red Carpet</p><p> -6% 0FF </p><p>$32.99</p><a href="https://www.amazon.com/dp/B0BMVK163Z?tag=eloabder-20&linkCode=osi&th=1&psc=1">View Product</a></div>


<div class="product"><a href="https://www.amazon.com/dp/B06X9CYNJF?tag=eloabder-20&linkCode=osi&th=1&psc=1"><img src="https://m.media-amazon.com/images/I/51ZZNuuD3RL._SL500_.jpg" alt="Product Image"></a><p>VIVOHOME Motorcycle Lift Scissor Jack Steel Wide Deck Hoist Crank Center Stand 1100 LBS Capacity for Motorcycles, ATVs, Dirt Bikes Red</p><p> -20% 0FF </p><p>$79.99</p><a href="https://www.amazon.com/dp/B06X9CYNJF?tag=eloabder-20&linkCode=osi&th=1&psc=1">View Product</a></div><div class="product"><a href="https://www.amazon.com/dp/B0B19LHQG9?tag=eloabder-20&linkCode=osi&th=1&psc=1"><img src="https://m.media-amazon.com/images/I/41KGf+arU0L._SL500_.jpg" alt="Product Image"></a><p>EnryKuo Labor Saving Arm Jack 2 Pack,15.5 Inch Multifunctional Furniture Lifter Jacks for Installing Cabinets and Wall Tile Height Adjuster Handheld Tool</p><p> -42% 0FF </p><p>$28.99</p><a href="https://www.amazon.com/dp/B0B19LHQG9?tag=eloabder-20&linkCode=osi&th=1&psc=1">View Product</a></div><div class="product"><a href="https://www.amazon.com/dp/B002671WFC?tag=eloabder-20&linkCode=osi&th=1&psc=1"><img src="https://m.media-amazon.com/images/I/41SUknvQFBL._SL500_.jpg" alt="Product Image"></a><p>Lumex Stand Assist Patient Lift - Safely Sit, Stand, Transfer & Transport - LF1600</p><p> -11% 0FF </p><p>$648.29</p><a href="https://www.amazon.com/dp/B002671WFC?tag=eloabder-20&linkCode=osi&th=1&psc=1">View Product</a></div><div class="product"><a href="https://www.amazon.com/dp/B00022749Q?tag=eloabder-20&linkCode=osi&th=1&psc=1"><img src="https://m.media-amazon.com/images/I/41yCiXKQqmL._SL500_.jpg" alt="Product Image"></a><p>Shoulder Dolly Moving Straps - Lifting Strap for 2 Movers - Move, Lift, Carry, And Secure Furniture, Appliances, Heavy, Bulky Objects Safely, Efficiently, More Easily Like The Pros - LD1000</p><p> -11% 0FF </p><p>$39.99</p><a href="https://www.amazon.com/dp/B00022749Q?tag=eloabder-20&linkCode=osi&th=1&psc=1">View Product</a></div>
<div class="product"><a href="https://www.amazon.com/dp/B01MT1C80C?tag=eloabder-20&linkCode=osi&th=1&psc=1"><img src="https://m.media-amazon.com/images/I/41lL1b8gXCL._SL500_.jpg" alt="Product Image"></a><p>Happybuy Belt Conveyor 59 x 7.8 inch Conveyor Table Heavy Duty Stainless Steel Motorized Belt Conveyor for Inkjet Coding Applications Powered Rubber PVC Belt Anti Static (One Guardrail)</p><p> -30% 0FF </p><p>$249.99</p><a href="https://www.amazon.com/dp/B01MT1C80C?tag=eloabder-20&linkCode=osi&th=1&psc=1">View Product</a></div><div class="product"><a href="https://www.amazon.com/dp/B0C1PBQT7R?tag=eloabder-20&linkCode=osi&th=1&psc=1"><img src="https://m.media-amazon.com/images/I/41qlOkZESjL._SL500_.jpg" alt="Product Image"></a><p>Winco ECT-300 Commercial Conveyor Toaster, 300 Slices/Hour</p><p> -6% 0FF </p><p>$387.41</p><a href="https://www.amazon.com/dp/B0C1PBQT7R?tag=eloabder-20&linkCode=osi&th=1&psc=1">View Product</a></div>

<div class="product"><a href="https://www.amazon.com/dp/B018ANYYJG?tag=eloabder-20&linkCode=osi&th=1&psc=1"><img src="https://m.media-amazon.com/images/I/416JDvu6ogL._SL500_.jpg" alt="Product Image"></a><p>Global Industrial Pallet Jack Truck, 6600 Lb. Capacity, 27 x 48</p><p> -9% 0FF </p><p>$569.73</p><a href="https://www.amazon.com/dp/B018ANYYJG?tag=eloabder-20&linkCode=osi&th=1&psc=1">View Product</a></div>

<div class="product"><a href="https://www.amazon.com/dp/B0000AXNO5?tag=eloabder-20&linkCode=osi&th=1&psc=1"><img src="https://m.media-amazon.com/images/I/411lu8hpsTL._SL500_.jpg" alt="Product Image"></a><p>SIMPLE GREEN ndustrial Cleaner and Degreaser, 1 US GALLON</p><p> -49% 0FF </p><p>$12.79 ($0.10 / Fl Oz)</p><a href="https://www.amazon.com/dp/B0000AXNO5?tag=eloabder-20&linkCode=osi&th=1&psc=1">View Product</a></div><div class="product"><a href="https://www.amazon.com/dp/B0B6HNYPD1?tag=eloabder-20&linkCode=osi&th=1&psc=1"><img src="https://m.media-amazon.com/images/I/51EInWKBX1L._SL500_.jpg" alt="Product Image"></a><p>String Mop for Floor Cleaning - Heavy Duty Industrial Commercial Mop with Extra Replacement Mop Head , 59inch Mop Handle, Wet Mop for Home,Garage,Office, Workshop, Warehouse Floor Cleaning</p><p> -22% 0FF </p><p>$28.98</p><a href="https://www.amazon.com/dp/B0B6HNYPD1?tag=eloabder-20&linkCode=osi&th=1&psc=1">View Product</a></div><div class="product"><a href="https://www.amazon.com/dp/B09V5FV7H8?tag=eloabder-20&linkCode=osi&th=1&psc=1"><img src="https://m.media-amazon.com/images/I/41GFVuDbcUL._SL500_.jpg" alt="Product Image"></a><p>VELCRO Brand Industrial Strength Fasteners | Extreme Outdoor Weather Conditions | Heavy Duty Strength Holds up to 15 lbs | 4 x 2 inch Strips, 3 Sets, Black (VEL-30758-USA)</p><p> -30% 0FF </p><p>$5.27</p><a href="https://www.amazon.com/dp/B09V5FV7H8?tag=eloabder-20&linkCode=osi&th=1&psc=1">View Product</a></div><div class="product"><a href="https://www.amazon.com/dp/B00006RSP1?tag=eloabder-20&linkCode=osi&th=1&psc=1"><img src="https://m.media-amazon.com/images/I/41oE--c0W-L._SL500_.jpg" alt="Product Image"></a><p>VELCRO Brand Heavy Duty Tape with Adhesive | 15 Ft x 2 In | Holds 10 lbs, Black | Industrial Strength Roll, Cut Strips to Length | Strong Hold for Indoor or Outdoor Use, 15ft x 2in</p><p> -50% 0FF </p><p>$20.24</p><a href="https://www.amazon.com/dp/B00006RSP1?tag=eloabder-20&linkCode=osi&th=1&psc=1">View Product</a></div><div class="product"><a href="https://www.amazon.com/dp/B0BDLFSZR4?tag=eloabder-20&linkCode=osi&th=1&psc=1"><img src="https://m.media-amazon.com/images/I/41tLbo5s0BL._SL500_.jpg" alt="Product Image"></a><p>KeFanta Commercial Mop Heavy Duty Industrial Mop with Long Handle,60" Looped-End String Wet Cotton Mops for Floor Cleaning,Home,Kitchen,Office,Garage and Concrete/Tile Floor</p><p> -5% 0FF </p><p>$19.97</p><a href="https://www.amazon.com/dp/B0BDLFSZR4?tag=eloabder-20&linkCode=osi&th=1&psc=1">View Product</a></div>
<div class="product"><a href="https://www.amazon.com/dp/B0CTJ4Y52T?tag=eloabder-20&linkCode=osi&th=1&psc=1"><img src="https://m.media-amazon.com/images/I/410DrBVMpwL._SL500_.jpg" alt="Product Image"></a><p>Ernst Manufacturing Wrench Pro Wrench Storage for 20 Wrenches - Hi-Viz</p><p> -5% 0FF </p><p>$16.10</p><a href="https://www.amazon.com/dp/B0CTJ4Y52T?tag=eloabder-20&linkCode=osi&th=1&psc=1">View Product</a></div><div class="product"><a href="https://www.amazon.com/dp/B011BDWS5Y?tag=eloabder-20&linkCode=osi&th=1&psc=1"><img src="https://m.media-amazon.com/images/I/31vzNsRYhkL._SL500_.jpg" alt="Product Image"></a><p>Tower Manufacturing 30434009 Auto-Reset 15 AMP Right Angle GFCI Plug, Black</p><p> -6% 0FF </p><p>$16.96</p><a href="https://www.amazon.com/dp/B011BDWS5Y?tag=eloabder-20&linkCode=osi&th=1&psc=1">View Product</a></div><div class="product"><a href="https://www.amazon.com/dp/B0CTJ78V81?tag=eloabder-20&linkCode=osi&th=1&psc=1"><img src="https://m.media-amazon.com/images/I/41NufwoDLiL._SL500_.jpg" alt="Product Image"></a><p>Ernst Manufacturing Wrench Pro - Modular Wrench Organizer for 40 Tools with Magnetic Base (Hi-Viz) - Made in the USA</p><p> -5% 0FF </p><p>$37.95</p><a href="https://www.amazon.com/dp/B0CTJ78V81?tag=eloabder-20&linkCode=osi&th=1&psc=1">View Product</a></div><div class="product"><a href="https://www.amazon.com/dp/B075XZPMHX?tag=eloabder-20&linkCode=osi&th=1&psc=1"><img src="https://m.media-amazon.com/images/I/41YihmHjGFL._SL500_.jpg" alt="Product Image"></a><p>PURELL Brand CLEAN RELEASE Technology (CRT) HEALTHY SOAP Naturally Clean Foam, Fragrance Free, 1200 mL Refill for PURELL ES6 Automatic Soap Dispenser (Pack of 2) - 6470-02-Manufactured by GOJO, Inc.</p><p> -14% 0FF </p><p>$51.86 ($1.28 / Fl Oz)</p><a href="https://www.amazon.com/dp/B075XZPMHX?tag=eloabder-20&linkCode=osi&th=1&psc=1">View Product</a></div><div class="product"><a href="https://www.amazon.com/dp/B012IMWAXW?tag=eloabder-20&linkCode=osi&th=1&psc=1"><img src="https://m.media-amazon.com/images/I/41jdAol8VML._SL500_.jpg" alt="Product Image"></a><p>Schaeffer Manufacturing Co. 0191-012S Micron Moly Racing Engine Oil 20W-50, 1-Quart Bottle</p><p> -8% 0FF </p><p>$10.48</p><a href="https://www.amazon.com/dp/B012IMWAXW?tag=eloabder-20&linkCode=osi&th=1&psc=1">View Product</a></div><div class="product"><a href="https://www.amazon.com/dp/B09F8CM69J?tag=eloabder-20&linkCode=osi&th=1&psc=1"><img src="https://m.media-amazon.com/images/I/41Ok3l4S+nL._SL500_.jpg" alt="Product Image"></a><p>Boka Fluoride Free Toothpaste- Nano Hydroxyapatite, Remineralizing, Sensitive Teeth, Whitening - Dentist Recommended for Adult, Kids Oral Care- Lemon Lavender Flavor, 4 Fl Oz 1Pk US Manufactured</p><p> -19% 0FF </p><p>$12.99 ($3.25 / Ounce)</p><a href="https://www.amazon.com/dp/B09F8CM69J?tag=eloabder-20&linkCode=osi&th=1&psc=1">View Product</a></div><div class="product"><a href="https://www.amazon.com/dp/B0060BFYHM?tag=eloabder-20&linkCode=osi&th=1&psc=1"><img src="https://m.media-amazon.com/images/I/41oFKMzBXIL._SL500_.jpg" alt="Product Image"></a><p>Ernst Manufacturing 3/8-Inch Dura-Pro Twist Lock Socket Clips, 15-Pack, Black - 8441</p><p> -25% 0FF </p><p>$7.99</p><a href="https://www.amazon.com/dp/B0060BFYHM?tag=eloabder-20&linkCode=osi&th=1&psc=1">View Product</a></div>
<div class="product"><a href="https://www.amazon.com/dp/B0094KPK70?tag=eloabder-20&linkCode=osi&th=1&psc=1"><img src="https://m.media-amazon.com/images/I/31gFDiqADHL._SL500_.jpg" alt="Product Image"></a><p>Miss Jessie's Pillow Soft Curls Unisex Lotion 8.5 oz</p><p> -11% 0FF </p><p>$21.97 ($2.58 / Fl Oz)</p><a href="https://www.amazon.com/dp/B0094KPK70?tag=eloabder-20&linkCode=osi&th=1&psc=1">View Product</a></div><div class="product"><a href="https://www.amazon.com/dp/B000052YCL?tag=eloabder-20&linkCode=osi&th=1&psc=1"><img src="https://m.media-amazon.com/images/I/41LCxmzicBL._SL500_.jpg" alt="Product Image"></a><p>biot√®ne Oral Rinse Mouthwash for Dry Mouth, Breath Freshener and Dry Mouth Treatment, Fresh Mint, 16 fl oz</p><p> -15% 0FF </p><p>$6.79 ($0.42 / Fl Oz)</p><a href="https://www.amazon.com/dp/B000052YCL?tag=eloabder-20&linkCode=osi&th=1&psc=1">View Product</a></div><div class="product"><a href="https://www.amazon.com/dp/B006ZUW070?tag=eloabder-20&linkCode=osi&th=1&psc=1"><img src="https://m.media-amazon.com/images/I/311iQ7u1zvS._SL500_.jpg" alt="Product Image"></a><p>Method Antibacterial Toilet Bowl Cleaner, Spearmint, Kills 99.9% of Household Germs, 24 Fl Oz</p><p> -58% 0FF </p><p>$4.39 ($0.18 / Fl Oz)</p><a href="https://www.amazon.com/dp/B006ZUW070?tag=eloabder-20&linkCode=osi&th=1&psc=1">View Product</a></div><div class="product"><a href="https://www.amazon.com/dp/B002KAOAZ4?tag=eloabder-20&linkCode=osi&th=1&psc=1"><img src="https://m.media-amazon.com/images/I/41MXc4FkUXL._SL500_.jpg" alt="Product Image"></a><p>biot√®ne Oral Rinse Mouthwash for Dry Mouth, Breath Freshener and Dry Mouth Treatment, Fresh Mint - 33.8 fl oz</p><p> -22% 0FF </p><p>$10.98 ($0.32 / Fl Oz)</p><a href="https://www.amazon.com/dp/B002KAOAZ4?tag=eloabder-20&linkCode=osi&th=1&psc=1">View Product</a></div><div class="product"><a href="https://www.amazon.com/dp/B002L13EK4?tag=eloabder-20&linkCode=osi&th=1&psc=1"><img src="https://m.media-amazon.com/images/I/41WL7dl9L-L._SL500_.jpg" alt="Product Image"></a><p>Core Products Soft Comfort CorPak, No Frost Hot and Cold Therapy Pack - 10" x 13", Made in The USA</p><p> -17% 0FF </p><p>$14.98 ($14.98 / Count)</p><a href="https://www.amazon.com/dp/B002L13EK4?tag=eloabder-20&linkCode=osi&th=1&psc=1">View Product</a></div>
<div class="product"><a href="https://www.amazon.com/dp/B0CRNSYY12?tag=eloabder-20&linkCode=osi&th=1&psc=1"><img src="https://m.media-amazon.com/images/I/41CCImE12+L._SL500_.jpg" alt="Product Image"></a><p>Pvilub UFO LED High Bay Light 200W 2 Pack, 5000K Dimmable High Bay LED Light Fixture with US Plug 5' Cable, 28000LM IP65 Waterproof High Bay Lights for Workshop Factory Barn Warehouse</p><p> -50% 0FF </p><p>$44.99 ($22.50 / Count)</p><a href="https://www.amazon.com/dp/B0CRNSYY12?tag=eloabder-20&linkCode=osi&th=1&psc=1">View Product</a></div><div class="product"><a href="https://www.amazon.com/dp/B0CXX9R85C?tag=eloabder-20&linkCode=osi&th=1&psc=1"><img src="https://m.media-amazon.com/images/I/415nSzRaRzL._SL500_.jpg" alt="Product Image"></a><p>Sud Factory Dissolve X2 Upgraded Paint Hard Water Spot & Stain Remover for Cars, Trucks, Boats, Motorcycle, RVs, Homes & More - 16oz</p><p> -5% 0FF </p><p>$31.32 ($1.96 / Fl Oz)</p><a href="https://www.amazon.com/dp/B0CXX9R85C?tag=eloabder-20&linkCode=osi&th=1&psc=1">View Product</a></div><div class="product"><a href="https://www.amazon.com/dp/B0CYQ6YG8V?tag=eloabder-20&linkCode=osi&th=1&psc=1"><img src="https://m.media-amazon.com/images/I/415R2W7EePL._SL500_.jpg" alt="Product Image"></a><p>4-Pack UFO LED High Bay Light 200W, High Bay LED Shop Lights 6500K 30000LM Daylight UL Listed with US Plug 5' Cable, Hanging Hook, LED UFO High Bay Lights for Warehouse Workshop Garage Factory Barn</p><p> -32% 0FF </p><p>$129.99</p><a href="https://www.amazon.com/dp/B0CYQ6YG8V?tag=eloabder-20&linkCode=osi&th=1&psc=1">View Product</a></div><div class="product"><a href="https://www.amazon.com/dp/B00T3Z6VG0?tag=eloabder-20&linkCode=osi&th=1&psc=1"><img src="https://m.media-amazon.com/images/I/41HMtL8drLL._SL500_.jpg" alt="Product Image"></a><p>Lifefactory 20-Ounce Indoor/Outdoor Protective Silicone Sleeve Beverage Glass, 4 Count (Pack of 1), Orange, Grass Green, Cobalt, Huckleberry</p><p> -20% 0FF </p><p>$39.99 ($10.00 / Count)</p><a href="https://www.amazon.com/dp/B00T3Z6VG0?tag=eloabder-20&linkCode=osi&th=1&psc=1">View Product</a></div><div class="product"><a href="https://www.amazon.com/dp/B0CYQ2W7YR?tag=eloabder-20&linkCode=osi&th=1&psc=1"><img src="https://m.media-amazon.com/images/I/41zMwlG6vaL._SL500_.jpg" alt="Product Image"></a><p>6 Packs UFO LED High Bay Light - 200W High Bay LED Shop Lights, 6500K 30000LM UFO Lights with US Plug 5ft Cable, Hanging Hook, Commercial Bay Lighting Daylight for Warehouse Factory Shop - UL Listed</p><p> -36% 0FF </p><p>$179.99 ($30.00 / Count)</p><a href="https://www.amazon.com/dp/B0CYQ2W7YR?tag=eloabder-20&linkCode=osi&th=1&psc=1">View Product</a></div><div class="product"><a href="https://www.amazon.com/dp/B08Y2J4C4C?tag=eloabder-20&linkCode=osi&th=1&psc=1"><img src="https://m.media-amazon.com/images/I/41T83Y3drrL._SL500_.jpg" alt="Product Image"></a><p>Factory Direct Partners 10368-BK 16" School Stack Chair, Stacking Student Seat with Chromed Steel Legs and Nylon Swivel Glides for in-Home Learning or Classroom - Black (6-Pack)</p><p> -21% 0FF </p><p>$240.05 ($40.01 / Count)</p><a href="https://www.amazon.com/dp/B08Y2J4C4C?tag=eloabder-20&linkCode=osi&th=1&psc=1">View Product</a></div><div class="product"><a href="https://www.amazon.com/dp/B0D6X64LWH?tag=eloabder-20&linkCode=osi&th=1&psc=1"><img src="https://m.media-amazon.com/images/I/41MQiiwVEsL._SL500_.jpg" alt="Product Image"></a><p>White Knight M12x1.25 Lug Nuts for Select Nissan and Infiniti, Factory Style Chrome Med Mag with Washer - 5306-20AM (20 Pack)</p><p> -16% 0FF </p><p>$20.88</p><a href="https://www.amazon.com/dp/B0D6X64LWH?tag=eloabder-20&linkCode=osi&th=1&psc=1">View Product</a></div>
<div class="product"><a href="https://www.amazon.com/dp/B0CKWZTJTL?tag=eloabder-20&linkCode=osi&th=1&psc=1"><img src="https://m.media-amazon.com/images/I/51x2qwWd-3L._SL500_.jpg" alt="Product Image"></a><p>VEVOR 4pcs Machinery Mover, 8T Machinery Skate Dolly, 17637lbs Machinery Moving Skate, Machinery Mover Skate w/ 360¬∞ Rotation Cap and 4 Rollers, Heavy Duty Industrial Moving Equipment, Yellow</p><p> -5% 0FF </p><p>$142.49</p><a href="https://www.amazon.com/dp/B0CKWZTJTL?tag=eloabder-20&linkCode=osi&th=1&psc=1">View Product</a></div><div class="product"><a href="https://www.amazon.com/dp/B0CB8VNTLN?tag=eloabder-20&linkCode=osi&th=1&psc=1"><img src="https://m.media-amazon.com/images/I/41PG7e4nerL._SL500_.jpg" alt="Product Image"></a><p>VEVOR Machinery Skate Dolly, 13,200 LBS/6T Industrial Machinery Mover, Heavy Duty Carbon Steel Machinery Moving Skate with 4 PU Wheels and 360¬∞ Rotation Non-Slip Cap for Warehouse, Workshop, Factory</p><p> -26% 0FF </p><p>$29.69</p><a href="https://www.amazon.com/dp/B0CB8VNTLN?tag=eloabder-20&linkCode=osi&th=1&psc=1">View Product</a></div><div class="product"><a href="https://www.amazon.com/dp/B0BG5HT6VK?tag=eloabder-20&linkCode=osi&th=1&psc=1"><img src="https://m.media-amazon.com/images/I/419hHIpihrL._SL500_.jpg" alt="Product Image"></a><p>VEVOR Machinery Skate Dolly, 6614 LBS/3T Industrial Machinery Mover with Handle, Carbon Steel Machinery Moving Skate with 3 360¬∞ Swivel PU Wheels, 360¬∞ Rotation Non-Slip Cap for Warehouse, Workshop</p><p> -9% 0FF </p><p>$99.99</p><a href="https://www.amazon.com/dp/B0BG5HT6VK?tag=eloabder-20&linkCode=osi&th=1&psc=1">View Product</a></div>
<div class="product"><a href="https://www.amazon.com/dp/B07R71PYPH?tag=eloabder-20&linkCode=osi&th=1&psc=1"><img src="https://m.media-amazon.com/images/I/51xY0A0dj6L._SL500_.jpg" alt="Product Image"></a><p>NEENCA Professional Knee Brace for Pain Relief, Medical Knee Support with Patella Pad & Side Stabilizers, Compression Knee Sleeve for Meniscus Tear, ACL, Joint Pain, Runner, Workout - FSA/HSA Eligible</p><p> -15% 0FF </p><p>$22.07</p><a href="https://www.amazon.com/dp/B07R71PYPH?tag=eloabder-20&linkCode=osi&th=1&psc=1">View Product</a></div><div class="product"><a href="https://www.amazon.com/dp/B0D8KQ4349?tag=eloabder-20&linkCode=osi&th=1&psc=1"><img src="https://m.media-amazon.com/images/I/41E0E-DrOiL._SL500_.jpg" alt="Product Image"></a><p>Rechargeable EMF Meter, 5 Level LED Portable Handheld Magnetic Field Detector for Ghost Hunting and Inspections in Home, Electromagnetic Paranormal Equipment Tester Up to 20 + MG</p><p> -17% 0FF </p><p>$14.99</p><a href="https://www.amazon.com/dp/B0D8KQ4349?tag=eloabder-20&linkCode=osi&th=1&psc=1">View Product</a></div><div class="product"><a href="https://www.amazon.com/dp/B08R6XRYVD?tag=eloabder-20&linkCode=osi&th=1&psc=1"><img src="https://m.media-amazon.com/images/I/31Oss0Gr+fL._SL500_.jpg" alt="Product Image"></a><p>99.9% Copper Dowsing Rods - 2PCS Divining Rods - for Ghost Hunting Tools, Divining Water, Treasure, Buried Items Etc</p><p> -30% 0FF </p><p>$13.99</p><a href="https://www.amazon.com/dp/B08R6XRYVD?tag=eloabder-20&linkCode=osi&th=1&psc=1">View Product</a></div>
<div class="product"><a href="https://www.amazon.com/dp/B0723914V1?tag=eloabder-20&linkCode=osi&th=1&psc=1"><img src="https://m.media-amazon.com/images/I/51A+d87r2aL._SL500_.jpg" alt="Product Image"></a><p>DEKOPRO 228 Piece Socket Wrench Auto Repair Tool Combination Package Mixed Tool Set Hand Tool Kit with Plastic Toolbox Storage Case</p><p> -20% 0FF </p><p>$79.99</p><a href="https://www.amazon.com/dp/B0723914V1?tag=eloabder-20&linkCode=osi&th=1&psc=1">View Product</a></div><div class="product"><a href="https://www.amazon.com/dp/B0105SSMRO?tag=eloabder-20&linkCode=osi&th=1&psc=1"><img src="https://m.media-amazon.com/images/I/313ovohBnZL._SL500_.jpg" alt="Product Image"></a><p>7-piece Workpro Pliers Set with Groove Joint, Long Nose, Slip Joint, Linesman, and Diagonal Pliers for DIY & Home Use</p><p> -20% 0FF </p><p>$19.99</p><a href="https://www.amazon.com/dp/B0105SSMRO?tag=eloabder-20&linkCode=osi&th=1&psc=1">View Product</a></div><div class="product"><a href="https://www.amazon.com/dp/B0BR8B8XKJ?tag=eloabder-20&linkCode=osi&th=1&psc=1"><img src="https://m.media-amazon.com/images/I/41fSDIgwWCL._SL500_.jpg" alt="Product Image"></a><p>2Pcs Heavy Duty Automatic Center Punch, 5'' Premium Steel Spring Loaded Center Hole Punch, Adjustable Spring Impact Center Marker Scriber Tool for Metel, Plastics, Wood, Glass by karmiero</p><p> -20% 0FF </p><p>$3.99</p><a href="https://www.amazon.com/dp/B0BR8B8XKJ?tag=eloabder-20&linkCode=osi&th=1&psc=1">View Product</a></div><div class="product"><a href="https://www.amazon.com/dp/B08YRLZCPJ?tag=eloabder-20&linkCode=osi&th=1&psc=1"><img src="https://m.media-amazon.com/images/I/51LIpo1iBZS._SL500_.jpg" alt="Product Image"></a><p>Egofine 46 Pieces 1/4 inch Drive Socket Ratchet Wrench Set, with Bit Socket Set Metric and Extension Bar for Auto Repairing and Household, with Storage Case</p><p> -23% 0FF </p><p>$19.87</p><a href="https://www.amazon.com/dp/B08YRLZCPJ?tag=eloabder-20&linkCode=osi&th=1&psc=1">View Product</a></div><div class="product"><a href="https://www.amazon.com/dp/B07WP4165D?tag=eloabder-20&linkCode=osi&th=1&psc=1"><img src="https://m.media-amazon.com/images/I/51TA+8eP4zL._SL500_.jpg" alt="Product Image"></a><p>Laser Level Line Tool, Multipurpose Laser Level Kit Standard Cross Line Laser leveler Beam Tool with Metric Rulers 8ft/2.5M for Picture Hanging cabinets Tile Walls by AikTryee.</p><p> -48% 0FF </p><p>$9.95</p><a href="https://www.amazon.com/dp/B07WP4165D?tag=eloabder-20&linkCode=osi&th=1&psc=1">View Product</a></div><div class="product"><a href="https://www.amazon.com/dp/B09TB7M842?tag=eloabder-20&linkCode=osi&th=1&psc=1"><img src="https://m.media-amazon.com/images/I/412U9M3sOcL._SL500_.jpg" alt="Product Image"></a><p>DEWALT 20V MAX XR Cut Off Tool, Brushless and Compact, Bare Tool Only (DCS438B)</p><p> -37% 0FF </p><p>$125.90</p><a href="https://www.amazon.com/dp/B09TB7M842?tag=eloabder-20&linkCode=osi&th=1&psc=1">View Product</a></div><div class="product"><a href="https://www.amazon.com/dp/B0BRPVRC77?tag=eloabder-20&linkCode=osi&th=1&psc=1"><img src="https://m.media-amazon.com/images/I/51DFLa11vEL._SL500_.jpg" alt="Product Image"></a><p>HORUSDY 16-Piece Punch and Chisel Set, Including Taper Punch, Cold Chisels, Pin Punch, Center Punch</p><p> -22% 0FF </p><p>$20.99</p><a href="https://www.amazon.com/dp/B0BRPVRC77?tag=eloabder-20&linkCode=osi&th=1&psc=1">View Product</a></div>
<div class="product"><a href="https://www.amazon.com/dp/B088M48Z3G?tag=eloabder-20&linkCode=osi&th=1&psc=1"><img src="https://m.media-amazon.com/images/I/51MV5+juS8L._SL500_.jpg" alt="Product Image"></a><p>anezus Self Healing Sewing Mat, 12inch x 18inch Rotary Cutting Mat Double Sided 5-Ply Craft Cutting Board for Sewing Crafts Hobby Fabric Precision Scrapbooking Project</p><p> -44% 0FF </p><p>$8.99</p><a href="https://www.amazon.com/dp/B088M48Z3G?tag=eloabder-20&linkCode=osi&th=1&psc=1">View Product</a></div><div class="product"><a href="https://www.amazon.com/dp/B0BX2BN5KQ?tag=eloabder-20&linkCode=osi&th=1&psc=1"><img src="https://m.media-amazon.com/images/I/31VTaTFWBXL._SL500_.jpg" alt="Product Image"></a><p>12 * 12 inch Packing Paper for Moving 100 Sheets Protecting Fragile China and Glasses,Small Wrapping Paper for Shipping and Moving Box Filler</p><p> -20% 0FF </p><p>$6.99 ($0.07 / Count)</p><a href="https://www.amazon.com/dp/B0BX2BN5KQ?tag=eloabder-20&linkCode=osi&th=1&psc=1">View Product</a></div>
<div class="product"><a href="https://www.amazon.com/dp/B0CMZZGXPX?tag=eloabder-20&linkCode=osi&th=1&psc=1"><img src="https://m.media-amazon.com/images/I/31YMA2qw31L._SL500_.jpg" alt="Product Image"></a><p>CREGEAR ABS Plastic Sheet 1/8 Inch Thick - 12" x 12", Black Plastic Sheet Rigid Thermoplastic Sheet, ABS Plastic Board for Sign, Craft, DIY Project, 2 Different Surfaces - Texture & Smooth, 1 Pack</p><p> -11% 0FF </p><p>$7.97</p><a href="https://www.amazon.com/dp/B0CMZZGXPX?tag=eloabder-20&linkCode=osi&th=1&psc=1">View Product</a></div>
<div class="product"><a href="https://www.amazon.com/dp/B0B293QNWQ?tag=eloabder-20&linkCode=osi&th=1&psc=1"><img src="https://m.media-amazon.com/images/I/41+feq08GCL._SL500_.jpg" alt="Product Image"></a><p>Metal Ice Scoop 6 OzÔºåKitchen Ice Scooper for Ice Maker, Small Food Scoops for Bar Party Wedding Pet Dog Food, Stainless Steel Silver</p><p> -30% 0FF </p><p>$6.99</p><a href="https://www.amazon.com/dp/B0B293QNWQ?tag=eloabder-20&linkCode=osi&th=1&psc=1">View Product</a></div><div class="product"><a href="https://www.amazon.com/dp/B07PXLJ9MP?tag=eloabder-20&linkCode=osi&th=1&psc=1"><img src="https://m.media-amazon.com/images/I/41YOR10YvIL._SL500_.jpg" alt="Product Image"></a><p>Fayleeko Wire Coat Hangers 40 Pack Strong Heavy Duty Stainless Steel Metal Ultra Thin Space Saving Clothes Hangers 16.5 Inch</p><p> -38% 0FF </p><p>$24.88 ($0.62 / Count)</p><a href="https://www.amazon.com/dp/B07PXLJ9MP?tag=eloabder-20&linkCode=osi&th=1&psc=1">View Product</a></div><div class="product"><a href="https://www.amazon.com/dp/B000H5W3PI?tag=eloabder-20&linkCode=osi&th=1&psc=1"><img src="https://m.media-amazon.com/images/I/21FCToLy5VL._SL500_.jpg" alt="Product Image"></a><p>K&S Sheet Metal Stock, Made in The USA,Stainless Steel/Silver</p><p> -14% 0FF </p><p>$6.47</p><a href="https://www.amazon.com/dp/B000H5W3PI?tag=eloabder-20&linkCode=osi&th=1&psc=1">View Product</a></div><div class="product"><a href="https://www.amazon.com/dp/B07GDDF5JB?tag=eloabder-20&linkCode=osi&th=1&psc=1"><img src="https://m.media-amazon.com/images/I/31dFxe1Df0L._SL500_.jpg" alt="Product Image"></a><p>HURRICANE 10 Inch Aviation Tin Snips, Heavy Duty Metal Cutter Shears for Cutting Sheet Metal, Straight Cut, Chrome Vanadium Steel</p><p> -30% 0FF </p><p>$13.99</p><a href="https://www.amazon.com/dp/B07GDDF5JB?tag=eloabder-20&linkCode=osi&th=1&psc=1">View Product</a></div>
<div class="product"><a href="https://www.amazon.com/dp/B0D95L6W5J?tag=eloabder-20&linkCode=osi&th=1&psc=1"><img src="https://m.media-amazon.com/images/I/41tbedSgDfL._SL500_.jpg" alt="Product Image"></a><p>Tandefio 40 Sticks Brazing Rods Bcup-5 Solder Phos Copper Brazing Alloys Flat Welding Rods Industry 0.050"x1/8"x10" for Air Conditioning Refrigerator Cold Storage HVAC Units (Phosphor Copper)</p><p> -5% 0FF </p><p>$20.99</p><a href="https://www.amazon.com/dp/B0D95L6W5J?tag=eloabder-20&linkCode=osi&th=1&psc=1">View Product</a></div>
<div class="product"><a href="https://www.amazon.com/dp/B0053KMAMI?tag=eloabder-20&linkCode=osi&th=1&psc=1"><img src="https://m.media-amazon.com/images/I/41f4ot2fnZL._SL500_.jpg" alt="Product Image"></a><p>Party Dimensions Plastic 300 Count Cutlery Combo Box, Clear, Combo Box, Clear 300 Count</p><p> -25% 0FF </p><p>$14.99</p><a href="https://www.amazon.com/dp/B0053KMAMI?tag=eloabder-20&linkCode=osi&th=1&psc=1">View Product</a></div><div class="product"><a href="https://www.amazon.com/dp/B0CCMNPWGW?tag=eloabder-20&linkCode=osi&th=1&psc=1"><img src="https://m.media-amazon.com/images/I/41k5QSXXF8L._SL500_.jpg" alt="Product Image"></a><p>6 Pack Black Plastic Sheets 8x12x0.04 in Flexible High Tensile Plastic Sheets,Plastic Sheet Hard Plastic Sheet Black Plastic Panel for DIY Materials Handicrafts Home Decoration</p><p> -22% 0FF </p><p>$6.99</p><a href="https://www.amazon.com/dp/B0CCMNPWGW?tag=eloabder-20&linkCode=osi&th=1&psc=1">View Product</a></div><div class="product"><a href="https://www.amazon.com/dp/B085T6685R?tag=eloabder-20&linkCode=osi&th=1&psc=1"><img src="https://m.media-amazon.com/images/I/41RbX0YJ2PL._SL500_.jpg" alt="Product Image"></a><p>POSATE Heavy Weight Plastic Forks, Clear Disposable, 100 Count</p><p> -47% 0FF </p><p>$13.80</p><a href="https://www.amazon.com/dp/B085T6685R?tag=eloabder-20&linkCode=osi&th=1&psc=1">View Product</a></div><div class="product"><a href="https://www.amazon.com/dp/B0C1JMKHL4?tag=eloabder-20&linkCode=osi&th=1&psc=1"><img src="https://m.media-amazon.com/images/I/51vGnsuo0GL._SL500_.jpg" alt="Product Image"></a><p>MOACOCK 200 Count Plastic Silverware, Heavy Weight Plastic Forks Spoons Disposable Utensils Cutlery Set for Wedding Party Supplies Everyday Use</p><p> -7% 0FF </p><p>$12.99</p><a href="https://www.amazon.com/dp/B0C1JMKHL4?tag=eloabder-20&linkCode=osi&th=1&psc=1">View Product</a></div><div class="product"><a href="https://www.amazon.com/dp/B0CZHZ4VYY?tag=eloabder-20&linkCode=osi&th=1&psc=1"><img src="https://m.media-amazon.com/images/I/41NCRYSzzPL._SL500_.jpg" alt="Product Image"></a><p>Dealusy 100 Count Extra Heavy Duty Clear Plastic Knives Disposable, BPA-Free, Heat Resistant, Solid and Durable Disposable Knives Bulk, Premium Plastic Knives heavy duty for Party Supply</p><p> -31% 0FF </p><p>$8.99</p><a href="https://www.amazon.com/dp/B0CZHZ4VYY?tag=eloabder-20&linkCode=osi&th=1&psc=1">View Product</a></div><div class="product"><a href="https://www.amazon.com/dp/B00I9J3ACY?tag=eloabder-20&linkCode=osi&th=1&psc=1"><img src="https://m.media-amazon.com/images/I/51W96ohIwyL._SL500_.jpg" alt="Product Image"></a><p>Hefty Party On Disposable Plastic Cups, Red, 18 Ounce, 50 Count</p><p> -27% 0FF </p><p>$5.84 ($0.12 / Count)</p><a href="https://www.amazon.com/dp/B00I9J3ACY?tag=eloabder-20&linkCode=osi&th=1&psc=1">View Product</a></div>
<div class="product"><a href="https://www.amazon.com/dp/B08ZX4PNGL?tag=eloabder-20&linkCode=osi&th=1&psc=1"><img src="https://m.media-amazon.com/images/I/41qtw-wXhWL._SL500_.jpg" alt="Product Image"></a><p>Soil Moist SAP Water Storing Crystals Polymer Small Granular_20-100 mesh (1), White</p><p> -18% 0FF </p><p>$12.99 ($0.81 / Ounce)</p><a href="https://www.amazon.com/dp/B08ZX4PNGL?tag=eloabder-20&linkCode=osi&th=1&psc=1">View Product</a></div><div class="product"><a href="https://www.amazon.com/dp/B099KS2PDW?tag=eloabder-20&linkCode=osi&th=1&psc=1"><img src="https://m.media-amazon.com/images/I/51JgOs5PnML._SL500_.jpg" alt="Product Image"></a><p>Polymaker PLA PRO Filament 1.75mm, Tough & High Rigidity Black PLA Filament 1.75mm 1kg Cardboard Spool - PolyLite PLA PRO 3D Printer Filament 1.75mm, Print with Most 3D Printers Using 3D Filament</p><p> -14% 0FF </p><p>$24.99 ($0.71 / Ounce)</p><a href="https://www.amazon.com/dp/B099KS2PDW?tag=eloabder-20&linkCode=osi&th=1&psc=1">View Product</a></div><div class="product"><a href="https://www.amazon.com/dp/B0CK9D7FYJ?tag=eloabder-20&linkCode=osi&th=1&psc=1"><img src="https://m.media-amazon.com/images/I/51lrOOPPi4L._SL500_.jpg" alt="Product Image"></a><p>Scrub Daddy Color Sponge - Scratch-Free Multipurpose Dish Sponge Color Variety Pack - BPA Free & Made with Polymer Foam - Stain & Odor Resistant Kitchen Sponge (3 Count, 2 Pack)</p><p> -12% 0FF </p><p>$19.30 ($3.22 / Count)</p><a href="https://www.amazon.com/dp/B0CK9D7FYJ?tag=eloabder-20&linkCode=osi&th=1&psc=1">View Product</a></div><div class="product"><a href="https://www.amazon.com/dp/B00XXOFV2M?tag=eloabder-20&linkCode=osi&th=1&psc=1"><img src="https://m.media-amazon.com/images/I/31DpBHBqqxL._SL500_.jpg" alt="Product Image"></a><p>Intertape Polymer Group K2525P293 Central 260 Medium Duty Reinforced Water Activated Tape, 3" Width, 450' Length, FRAGILE, Pack of 10</p><p> -12% 0FF </p><p>$89.16 ($8.92 / Count)</p><a href="https://www.amazon.com/dp/B00XXOFV2M?tag=eloabder-20&linkCode=osi&th=1&psc=1">View Product</a></div><div class="product"><a href="https://www.amazon.com/dp/B0C6DNQF1H?tag=eloabder-20&linkCode=osi&th=1&psc=1"><img src="https://m.media-amazon.com/images/I/51lbJOfwjFL._SL500_.jpg" alt="Product Image"></a><p>DIYMAG Ceramic Round Magnets for Crafts 35 Packs with Adhesive Backing. 0.98Inch (25mm) Small Magnets Perfect for Fridge, DIY, Building, Scientific, Craft, and Office.Ôºà0.98 * 0.2Inch-35pÔºâ</p><p> -13% 0FF </p><p>$6.99 ($0.20 / Count)</p><a href="https://www.amazon.com/dp/B0C6DNQF1H?tag=eloabder-20&linkCode=osi&th=1&psc=1">View Product</a></div>
<div class="product"><a href="https://www.amazon.com/dp/B001TK0DSY?tag=eloabder-20&linkCode=osi&th=1&psc=1"><img src="https://m.media-amazon.com/images/I/41sY5CJF40L._SL500_.jpg" alt="Product Image"></a><p>Chemical Guys CWS_301_16 Citrus Wash & Gloss Foaming Car Wash Soap (Works with Foam Cannons, Foam Guns or Bucket Washes) Safe for Cars, Trucks, Motorcycles, RVs & More, 16 fl oz, Citrus Scent</p><p> -17% 0FF </p><p>$9.97 ($0.62 / Fl Oz)</p><a href="https://www.amazon.com/dp/B001TK0DSY?tag=eloabder-20&linkCode=osi&th=1&psc=1">View Product</a></div><div class="product"><a href="https://www.amazon.com/dp/B00HK95ZZY?tag=eloabder-20&linkCode=osi&th=1&psc=1"><img src="https://m.media-amazon.com/images/I/41ztWGvZpCL._SL500_.jpg" alt="Product Image"></a><p>SmartSign - U9-1214-NA_7x10 "Danger - Chemical Storage Area, Authorized Personnel Only" Sign | 7" x 10" Aluminum Black/Red on White</p><p> -16% 0FF </p><p>$10.93</p><a href="https://www.amazon.com/dp/B00HK95ZZY?tag=eloabder-20&linkCode=osi&th=1&psc=1">View Product</a></div>
<div class="product"><a href="https://www.amazon.com/dp/B0916KZ598?tag=eloabder-20&linkCode=osi&th=1&psc=1"><img src="https://m.media-amazon.com/images/I/510bNE6qm3L._SL500_.jpg" alt="Product Image"></a><p>Gorilla Max Strength Clear Construction Adhesive, 2.5 Ounce Squeeze Tube, Clear, (Pack of 1)</p><p> -11% 0FF </p><p>$7.97 ($3.19 / Fl Oz)</p><a href="https://www.amazon.com/dp/B0916KZ598?tag=eloabder-20&linkCode=osi&th=1&psc=1">View Product</a></div><div class="product"><a href="https://www.amazon.com/dp/B0BM27YSBB?tag=eloabder-20&linkCode=osi&th=1&psc=1"><img src="https://m.media-amazon.com/images/I/41j2z0sRK8L._SL500_.jpg" alt="Product Image"></a><p>Gorilla Heavy Duty Construction Adhesive, 7 Ounce Squeeze Tube, White, (Pack of 1)</p><p> -5% 0FF </p><p>$9.47 ($1.35 / Fl Oz)</p><a href="https://www.amazon.com/dp/B0BM27YSBB?tag=eloabder-20&linkCode=osi&th=1&psc=1">View Product</a></div><div class="product"><a href="https://www.amazon.com/dp/B07VNSXY31?tag=eloabder-20&linkCode=osi&th=1&psc=1"><img src="https://m.media-amazon.com/images/I/31AwF4uloCL._SL500_.jpg" alt="Product Image"></a><p>EZlifego Double Sided Tape Heavy Duty, Extra Large Nano Double Sided Adhesive Tape, Clear Mounting Tape Picture Hanging Adhesive Strips,Removable Wall Tape Sticky Poster Tape Decor Carpet Tape(9.85FT)</p><p> -20% 0FF </p><p>$11.99</p><a href="https://www.amazon.com/dp/B07VNSXY31?tag=eloabder-20&linkCode=osi&th=1&psc=1">View Product</a></div><div class="product"><a href="https://www.amazon.com/dp/B0006HUJCQ?tag=eloabder-20&linkCode=osi&th=1&psc=1"><img src="https://m.media-amazon.com/images/I/511pTqChTCL._SL500_.jpg" alt="Product Image"></a><p>Loctite 1364076 Super Glue Easy Squeeze Gel, .14 oz, Super Glue Liquid</p><p> -45% 0FF </p><p>$3.64 ($26.00 / Fl Oz)</p><a href="https://www.amazon.com/dp/B0006HUJCQ?tag=eloabder-20&linkCode=osi&th=1&psc=1">View Product</a></div><div class="product"><a href="https://www.amazon.com/dp/B000BQYHSY?tag=eloabder-20&linkCode=osi&th=1&psc=1"><img src="https://m.media-amazon.com/images/I/41jVQXZlyKL._SL500_.jpg" alt="Product Image"></a><p>Liquid Nails LN-700 4-Ounce Small Projects and Repairs Adhesive</p><p> -22% 0FF </p><p>$3.98 ($1.00 / Fl Oz)</p><a href="https://www.amazon.com/dp/B000BQYHSY?tag=eloabder-20&linkCode=osi&th=1&psc=1">View Product</a></div>
<div class="product"><a href="https://www.amazon.com/dp/B0002UEPVI?tag=eloabder-20&linkCode=osi&th=1&psc=1"><img src="https://m.media-amazon.com/images/I/41VgMnT8V8L._SL500_.jpg" alt="Product Image"></a><p>Permatex 80050 Clear RTV Silicone Adhesive Sealant, 3 oz</p><p> -28% 0FF </p><p>$5.04 ($1.68 / Ounce)</p><a href="https://www.amazon.com/dp/B0002UEPVI?tag=eloabder-20&linkCode=osi&th=1&psc=1">View Product</a></div><div class="product"><a href="https://www.amazon.com/dp/B01NCSN5AS?tag=eloabder-20&linkCode=osi&th=1&psc=1"><img src="https://m.media-amazon.com/images/I/41u1Bk8aMML._SL500_.jpg" alt="Product Image"></a><p>Gorilla Waterproof Caulk & Seal 100% Silicone Sealant, White, 10oz Cartridge (Pack of 1)</p><p> -10% 0FF </p><p>$9.84 ($0.98 / Ounce)</p><a href="https://www.amazon.com/dp/B01NCSN5AS?tag=eloabder-20&linkCode=osi&th=1&psc=1">View Product</a></div><div class="product"><a href="https://www.amazon.com/dp/B0B8QPH3RW?tag=eloabder-20&linkCode=osi&th=1&psc=1"><img src="https://m.media-amazon.com/images/I/31FmC2PDnsL._SL500_.jpg" alt="Product Image"></a><p>GE All Purpose Silicone Caulk - 100% Waterproof Silicone Sealant, Stronger Adhesion, Freeze & Sun Proof - 10 oz Cartridge, Clear, Pack of 1</p><p> -22% 0FF </p><p>$6.98</p><a href="https://www.amazon.com/dp/B0B8QPH3RW?tag=eloabder-20&linkCode=osi&th=1&psc=1">View Product</a></div><div class="product"><a href="https://www.amazon.com/dp/B000XBDJWC?tag=eloabder-20&linkCode=osi&th=1&psc=1"><img src="https://m.media-amazon.com/images/I/31O8FwTY5WL._SL500_.jpg" alt="Product Image"></a><p>3M Marine Adhesive Sealant 4000 UV, PN06580, White, 295 mL Cartridge, 10 Fl Oz (Pack of 1)</p><p> -15% 0FF </p><p>$18.75 ($1.88 / Fl Oz)</p><a href="https://www.amazon.com/dp/B000XBDJWC?tag=eloabder-20&linkCode=osi&th=1&psc=1">View Product</a></div><div class="product"><a href="https://www.amazon.com/dp/B01MQW8AEM?tag=eloabder-20&linkCode=osi&th=1&psc=1"><img src="https://m.media-amazon.com/images/I/31gdoMW-i8L._SL500_.jpg" alt="Product Image"></a><p>Gorilla 8050002 Clear Silicone Sealant, 1-Pack</p><p> -10% 0FF </p><p>$9.84 ($0.98 / Fl Oz)</p><a href="https://www.amazon.com/dp/B01MQW8AEM?tag=eloabder-20&linkCode=osi&th=1&psc=1">View Product</a></div>

<div class="product"><a href="https://www.amazon.com/dp/B004UICH5O?tag=eloabder-20&linkCode=osi&th=1&psc=1"><img src="https://m.media-amazon.com/images/I/5123T4CVtTL._SL500_.jpg" alt="Product Image"></a><p>Dynarex DynaLube Lubricating Jelly, Water Soluble and Sterile Lubricant Jelly, Used for Body Orifices, Hinged Instruments and Medical Devices, 1 Box of 144 DynaLube Packets, 2.7g</p><p> -5% 0FF </p><p>$12.49 ($0.09 / Count)</p><a href="https://www.amazon.com/dp/B004UICH5O?tag=eloabder-20&linkCode=osi&th=1&psc=1">View Product</a></div><div class="product"><a href="https://www.amazon.com/dp/B087ZHPVRW?tag=eloabder-20&linkCode=osi&th=1&psc=1"><img src="https://m.media-amazon.com/images/I/51My23RlqsL._SL500_.jpg" alt="Product Image"></a><p>3-IN-ONE Professional Garage Door Lubricant with Smart Straw Sprays 2 Ways, 11 OZ Twin Pack, 100584, Clear</p><p> -20% 0FF </p><p>$15.96 ($7.98 / Count)</p><a href="https://www.amazon.com/dp/B087ZHPVRW?tag=eloabder-20&linkCode=osi&th=1&psc=1">View Product</a></div><div class="product"><a href="https://www.amazon.com/dp/B07K323XYQ?tag=eloabder-20&linkCode=osi&th=1&psc=1"><img src="https://m.media-amazon.com/images/I/41Stkw4geDL._SL500_.jpg" alt="Product Image"></a><p>McKesson Lubricating Jelly Sterile 4 oz. Tube 1 Each 16-8919</p><p> -63% 0FF </p><p>$5.48 ($0.11 / Ounce)</p><a href="https://www.amazon.com/dp/B07K323XYQ?tag=eloabder-20&linkCode=osi&th=1&psc=1">View Product</a></div><div class="product"><a href="https://www.amazon.com/dp/B00AF0ODGM?tag=eloabder-20&linkCode=osi&th=1&psc=1"><img src="https://m.media-amazon.com/images/I/418phnGj-VL._SL500_.jpg" alt="Product Image"></a><p>WD-40 Specialist Dry Lube with SMART STRAW SPRAYS 2 WAYS, 10 OZ</p><p> -6% 0FF </p><p>$7.98 ($0.80 / Ounce)</p><a href="https://www.amazon.com/dp/B00AF0ODGM?tag=eloabder-20&linkCode=osi&th=1&psc=1">View Product</a></div><div class="product"><a href="https://www.amazon.com/dp/B0081JE0OO?tag=eloabder-20&linkCode=osi&th=1&psc=1"><img src="https://m.media-amazon.com/images/I/31YRFZU58NL._SL500_.jpg" alt="Product Image"></a><p>Super Lube 92003 Silicone Lubricating Grease with PTFE, 3 oz Tube, Translucent White</p><p> -34% 0FF </p><p>$11.80 ($3.93 / Ounce)</p><a href="https://www.amazon.com/dp/B0081JE0OO?tag=eloabder-20&linkCode=osi&th=1&psc=1">View Product</a></div><div class="product"><a href="https://www.amazon.com/dp/B000UKUHXK?tag=eloabder-20&linkCode=osi&th=1&psc=1"><img src="https://m.media-amazon.com/images/I/31PHNtI4eWL._SL500_.jpg" alt="Product Image"></a><p>Super Lube 51004 Synthetic Oil with PTFE, High Viscosity, 4 oz Bottle,Translucent white(Packaging may vary)</p><p> -27% 0FF </p><p>$7.82 ($1.96 / Fl Oz)</p><a href="https://www.amazon.com/dp/B000UKUHXK?tag=eloabder-20&linkCode=osi&th=1&psc=1">View Product</a></div>

<div class="product"><a href="https://www.amazon.com/dp/B0BRPQW3G9?tag=eloabder-20&linkCode=osi&th=1&psc=1"><img src="https://m.media-amazon.com/images/I/51TpMRJpWeL._SL500_.jpg" alt="Product Image"></a><p>JEGONFRI High Hardness Wood Screws Assortment Kit, 209 pcs, Phillips Drive Flat Head, Wood Screws, Screws, Drywall Screws, Assorted Screws, Screws Set, 6 Sizes (2‚Äù,1-1/2‚Äù,1-1/4‚Äù,1‚Äù,3/4‚Äù,1/2‚Äù)</p><p> -20% 0FF </p><p>$7.96</p><a href="https://www.amazon.com/dp/B0BRPQW3G9?tag=eloabder-20&linkCode=osi&th=1&psc=1">View Product</a></div><div class="product"><a href="https://www.amazon.com/dp/B0BHNK23GJ?tag=eloabder-20&linkCode=osi&th=1&psc=1"><img src="https://m.media-amazon.com/images/I/51ZAmhP99TL._SL500_.jpg" alt="Product Image"></a><p>KURUI Drywall Screws Assortment Kit, #6 Black Wood Screws for Drywall,165pcs Coarse Thread Sheetrock Screws Set, Phillips Drive Self Tapping Dry Wall Screws 4 Sizes 1",1-1/4",1-5/8",2"</p><p> -24% 0FF </p><p>$7.59 ($0.05 / Count)</p><a href="https://www.amazon.com/dp/B0BHNK23GJ?tag=eloabder-20&linkCode=osi&th=1&psc=1">View Product</a></div><div class="product"><a href="https://www.amazon.com/dp/B0D3HVHPXW?tag=eloabder-20&linkCode=osi&th=1&psc=1"><img src="https://m.media-amazon.com/images/I/51boObkp+HL._SL500_.jpg" alt="Product Image"></a><p>GVAKMM Drywall Screws Assortment Kit,#7 Black Wood Screws Set,160pcsÔºå5 Sizes(3'',2'',1-3/8'',1'',5/8''),Coarse Thread Phillips Drive Bugle Head Sharp Point,Ideal for Wood,Sheetrock and More</p><p> -13% 0FF </p><p>$6.99 ($0.58 / Ounce)</p><a href="https://www.amazon.com/dp/B0D3HVHPXW?tag=eloabder-20&linkCode=osi&th=1&psc=1">View Product</a></div>
<div class="product"><a href="https://www.amazon.com/dp/B09KS23KQ6?tag=eloabder-20&linkCode=osi&th=1&psc=1"><img src="https://m.media-amazon.com/images/I/41ZHEcuqY-L._SL500_.jpg" alt="Product Image"></a><p>Mr. Pen- Bolts, Nuts, and Washer Assortment Kit, 113 pcs, Nuts and Bolts Assortment Kit, Assorted Nuts and Bolts, Nut Bolt and Washer Assortment, Bolt and Nut Assortment</p><p> -24% 0FF </p><p>$6.85</p><a href="https://www.amazon.com/dp/B09KS23KQ6?tag=eloabder-20&linkCode=osi&th=1&psc=1">View Product</a></div><div class="product"><a href="https://www.amazon.com/dp/B076CVQZWG?tag=eloabder-20&linkCode=osi&th=1&psc=1"><img src="https://m.media-amazon.com/images/I/51LutRS-fXL._SL500_.jpg" alt="Product Image"></a><p>Jackson Palmer 2201 Piece Hardware Assortment Kit with Screws, Nuts, Bolts & Washers (3 Trays)‚Ä¶</p><p> -24% 0FF </p><p>$37.99</p><a href="https://www.amazon.com/dp/B076CVQZWG?tag=eloabder-20&linkCode=osi&th=1&psc=1">View Product</a></div><div class="product"><a href="https://www.amazon.com/dp/B0BC24J6SS?tag=eloabder-20&linkCode=osi&th=1&psc=1"><img src="https://m.media-amazon.com/images/I/517eaNxBNaL._SL500_.jpg" alt="Product Image"></a><p>720 Pcs Nuts and Bolts Assortment Kit, M3 M4 M5 Carbon Steel Screws Bolts and Nuts and Washers Assortment Set, Assorted Cross Pan Head Machine Screws Nuts and Bolts, with Storage Case</p><p> -10% 0FF </p><p>$8.98</p><a href="https://www.amazon.com/dp/B0BC24J6SS?tag=eloabder-20&linkCode=osi&th=1&psc=1">View Product</a></div><div class="product"><a href="https://www.amazon.com/dp/B0CF8NNVKQ?tag=eloabder-20&linkCode=osi&th=1&psc=1"><img src="https://m.media-amazon.com/images/I/61oepk6Ti8L._SL500_.jpg" alt="Product Image"></a><p>FOLIV 907pcs Grade 8.8 Metric Bolt Assortment, M4 M5 M6 M8 Heavy Duty Bolts and Nuts Kit, Yellow Zinc Plated, Length from 12-30mm</p><p> -20% 0FF </p><p>$35.19</p><a href="https://www.amazon.com/dp/B0CF8NNVKQ?tag=eloabder-20&linkCode=osi&th=1&psc=1">View Product</a></div>
<div class="product"><a href="https://www.amazon.com/dp/B0CP7D6KP4?tag=eloabder-20&linkCode=osi&th=1&psc=1"><img src="https://m.media-amazon.com/images/I/51R0Yv5C8aL._SL500_.jpg" alt="Product Image"></a><p>Dianrui 187PCS Metric Hex Nuts Assortment Kit, 9 Size 304 Stainless Steel Hex Nut M2 M2.5 M3 M4 M5 M6 M10 M12 Hexnut Set Hardware Nuts</p><p> -22% 0FF </p><p>$6.99</p><a href="https://www.amazon.com/dp/B0CP7D6KP4?tag=eloabder-20&linkCode=osi&th=1&psc=1">View Product</a></div><div class="product"><a href="https://www.amazon.com/dp/B002SA36AG?tag=eloabder-20&linkCode=osi&th=1&psc=1"><img src="https://m.media-amazon.com/images/I/51cZlQGUFRL._SL500_.jpg" alt="Product Image"></a><p>Dorman 6110761 Lug Nut (M12 x 1.25 Thread Size)</p><p> -45% 0FF </p><p>$3.49</p><a href="https://www.amazon.com/dp/B002SA36AG?tag=eloabder-20&linkCode=osi&th=1&psc=1">View Product</a></div><div class="product"><a href="https://www.amazon.com/dp/B07WCSW7HR?tag=eloabder-20&linkCode=osi&th=1&psc=1"><img src="https://m.media-amazon.com/images/I/51uxWdeYcjL._SL500_.jpg" alt="Product Image"></a><p>ECCPP 20 Pieces Wheel Lug Nuts M12x1.25 12mmx1.25 Wheel Lug Bolts Shank Length 28mm fits for 2015-2022 for Renegade |2018-2022 for Compass |2014-2022 for Cherokee</p><p> -28% 0FF </p><p>$14.47</p><a href="https://www.amazon.com/dp/B07WCSW7HR?tag=eloabder-20&linkCode=osi&th=1&psc=1">View Product</a></div><div class="product"><a href="https://www.amazon.com/dp/B0D1Y5PQ4K?tag=eloabder-20&linkCode=osi&th=1&psc=1"><img src="https://m.media-amazon.com/images/I/51SyHC67C5L._SL500_.jpg" alt="Product Image"></a><p>Quacc 20pcs M8 Nyloc Steel Nuts, Nylon Locknuts for Fastener, Nylon Inserted Hex Lock Nuts, Silver 304 Stainless Steel Self Locking Nuts for Bolts</p><p> -19% 0FF </p><p>$3.79 ($0.19 / Ounce)</p><a href="https://www.amazon.com/dp/B0D1Y5PQ4K?tag=eloabder-20&linkCode=osi&th=1&psc=1">View Product</a></div>
<div class="product"><a href="https://www.amazon.com/dp/B0BZYSSWY8?tag=eloabder-20&linkCode=osi&th=1&psc=1"><img src="https://m.media-amazon.com/images/I/419sIfP-AJL._SL500_.jpg" alt="Product Image"></a><p>1/4" x 1" Stainless Fender Washer,18-8 (304) Stainless Steel Flat Washer,1/4" ID x 1" OD x 0.078" Thick(40Pcs)</p><p> -31% 0FF </p><p>$6.19</p><a href="https://www.amazon.com/dp/B0BZYSSWY8?tag=eloabder-20&linkCode=osi&th=1&psc=1">View Product</a></div><div class="product"><a href="https://www.amazon.com/dp/B0BFJMK5QW?tag=eloabder-20&linkCode=osi&th=1&psc=1"><img src="https://m.media-amazon.com/images/I/51D9Ij56zKL._SL500_.jpg" alt="Product Image"></a><p>Fender Washers for Screws ‚Äî 225Pcs Washers Assortment, Washers for Bolts in 15 Different Sizes (M2 M2.5 M3 M4 M5 M6 M8 M10 M12)‚ÄîStainless Steel Washers for Home & Industrial Usage</p><p> -9% 0FF </p><p>$20.87 ($0.09 / Count)</p><a href="https://www.amazon.com/dp/B0BFJMK5QW?tag=eloabder-20&linkCode=osi&th=1&psc=1">View Product</a></div><div class="product"><a href="https://www.amazon.com/dp/B07K8W71N1?tag=eloabder-20&linkCode=osi&th=1&psc=1"><img src="https://m.media-amazon.com/images/I/412HYFMiQBL._SL500_.jpg" alt="Product Image"></a><p>100 Qty #8 Stainless Steel Countersunk Finish Washers | 304 SS Finishing Cup (BCP574)</p><p> -30% 0FF </p><p>$7.49 ($0.07 / Count)</p><a href="https://www.amazon.com/dp/B07K8W71N1?tag=eloabder-20&linkCode=osi&th=1&psc=1">View Product</a></div>
<div class="product"><a href="https://www.amazon.com/dp/B09V32CKNJ?tag=eloabder-20&linkCode=osi&th=1&psc=1"><img src="https://m.media-amazon.com/images/I/41MtaPf4TNL._SL500_.jpg" alt="Product Image"></a><p>KURUI 28Pcs Heavy Duty Hollow Wall Anchors for Drywall Ceiling, Toggle Bolts and Wing Nut Kit, Metal Drywall Anchors and Screws Assortment Set, 3 Sizes Butterfly Anchors (1/8in, 3/16in, 1/4in)</p><p> -23% 0FF </p><p>$9.99</p><a href="https://www.amazon.com/dp/B09V32CKNJ?tag=eloabder-20&linkCode=osi&th=1&psc=1">View Product</a></div><div class="product"><a href="https://www.amazon.com/dp/B07VS5QKBC?tag=eloabder-20&linkCode=osi&th=1&psc=1"><img src="https://m.media-amazon.com/images/I/41MIrlAQ6nL._SL500_.jpg" alt="Product Image"></a><p>HongWay 370pcs Plastic Drywall Wall Anchors Kit with Screws, Includes 5 Different Assorted Size Anchors and Screws</p><p> -17% 0FF </p><p>$14.99</p><a href="https://www.amazon.com/dp/B07VS5QKBC?tag=eloabder-20&linkCode=osi&th=1&psc=1">View Product</a></div>
<div class="product"><a href="https://www.amazon.com/dp/B0CY2YK7ZG?tag=eloabder-20&linkCode=osi&th=1&psc=1"><img src="https://m.media-amazon.com/images/I/51kBI181CNL._SL500_.jpg" alt="Product Image"></a><p>Linkup 600pcs 15 Sizes Pop Rivets Assortment Kit,Aluminum Rivets, Silver pop rivet set including 3/32" 1/8" 5/32" 3/16" 1/4" blind rivets for metal Dome Head rivet kit</p><p> -31% 0FF </p><p>$21.99</p><a href="https://www.amazon.com/dp/B0CY2YK7ZG?tag=eloabder-20&linkCode=osi&th=1&psc=1">View Product</a></div><div class="product"><a href="https://www.amazon.com/dp/B08J2NZK4D?tag=eloabder-20&linkCode=osi&th=1&psc=1"><img src="https://m.media-amazon.com/images/I/51iH27ON2BL._SL500_.jpg" alt="Product Image"></a><p>ISPINNER 385pcs 8 Sizes Aluminum Blind Rivets, Pop Rivets Assortment Kit (Silver)</p><p> -21% 0FF </p><p>$13.59</p><a href="https://www.amazon.com/dp/B08J2NZK4D?tag=eloabder-20&linkCode=osi&th=1&psc=1">View Product</a></div><div class="product"><a href="https://www.amazon.com/dp/B0BZ7WKC3V?tag=eloabder-20&linkCode=osi&th=1&psc=1"><img src="https://m.media-amazon.com/images/I/51fSy2j6lSL._SL500_.jpg" alt="Product Image"></a><p>SATANTECH 200PCS Black Rivets Pop Rivets Assortment Kit, Large flange Aluminum Rivets(1/8" 3/16" 1/4") Assorted Blind Rivets with Case</p><p> -16% 0FF </p><p>$21.77</p><a href="https://www.amazon.com/dp/B0BZ7WKC3V?tag=eloabder-20&linkCode=osi&th=1&psc=1">View Product</a></div><div class="product"><a href="https://www.amazon.com/dp/B0CWR7K9P2?tag=eloabder-20&linkCode=osi&th=1&psc=1"><img src="https://m.media-amazon.com/images/I/512Gp89+ScL._SL500_.jpg" alt="Product Image"></a><p>Zuorery 500pcs Pop Rivets Assortment Kit, 14 Sizes Aluminum Blind Rivets (3/32" 1/8" 5/32" 3/16") Assorted Blind Rivets</p><p> -6% 0FF </p><p>$12.99</p><a href="https://www.amazon.com/dp/B0CWR7K9P2?tag=eloabder-20&linkCode=osi&th=1&psc=1">View Product</a></div>
<div class="product"><a href="https://www.amazon.com/dp/B0CNC3WJ58?tag=eloabder-20&linkCode=osi&th=1&psc=1"><img src="https://m.media-amazon.com/images/I/41MDnQ+2C5L._SL500_.jpg" alt="Product Image"></a><p>Eujqo Nails for Hanging Pictures Small Nails Picture Hanging Nails 700Pcs Finishing Nails Hardware Nails for Wall Wood Nails</p><p> -50% 0FF </p><p>$3.99</p><a href="https://www.amazon.com/dp/B0CNC3WJ58?tag=eloabder-20&linkCode=osi&th=1&psc=1">View Product</a></div><div class="product"><a href="https://www.amazon.com/dp/B08BJC6MJC?tag=eloabder-20&linkCode=osi&th=1&psc=1"><img src="https://m.media-amazon.com/images/I/414ssEUuJRL._SL500_.jpg" alt="Product Image"></a><p>Mr. Pen- Nail Assortment Kit, 600 Pcs, 4 Sizes, Silver, Small Nails for Hanging Pictures, Finishing Nails, Gold Wall Nails for Hanging, Pin Nails, Hardware Nails, Assorted Nails, Galvanized Nails</p><p> -54% 0FF </p><p>$5.99</p><a href="https://www.amazon.com/dp/B08BJC6MJC?tag=eloabder-20&linkCode=osi&th=1&psc=1">View Product</a></div><div class="product"><a href="https://www.amazon.com/dp/B0BSH3P97Y?tag=eloabder-20&linkCode=osi&th=1&psc=1"><img src="https://m.media-amazon.com/images/I/515eMwXqY0L._SL500_.jpg" alt="Product Image"></a><p>KURUI 700pcs Hardware Nails for Hanging Pictures Assorted Kit, Up to 2"-Long Picture Hanging Nails for Wall Drywall Wood, Finish Nails Assortment Kit, 640 Frame Nails and 60 Small Finishing Nails</p><p> -36% 0FF </p><p>$6.38</p><a href="https://www.amazon.com/dp/B0BSH3P97Y?tag=eloabder-20&linkCode=osi&th=1&psc=1">View Product</a></div><div class="product"><a href="https://www.amazon.com/dp/B089FLMFPB?tag=eloabder-20&linkCode=osi&th=1&psc=1"><img src="https://m.media-amazon.com/images/I/51p5T9Cef4L._SL500_.jpg" alt="Product Image"></a><p>376pcs Premium Hardware Nails Assortment Kit, Maximum Length 2 Inches Galvanized Nails, Picture Hanging Nails, Wood Nails, Wall Nails with Storage Box | 6 Sizes</p><p> -30% 0FF </p><p>$6.99</p><a href="https://www.amazon.com/dp/B089FLMFPB?tag=eloabder-20&linkCode=osi&th=1&psc=1">View Product</a></div><div class="product"><a href="https://www.amazon.com/dp/B0B3CFCZGW?tag=eloabder-20&linkCode=osi&th=1&psc=1"><img src="https://m.media-amazon.com/images/I/51rr+Y77q0L._SL500_.jpg" alt="Product Image"></a><p>6 Sizes Gold Hardware Nails Assortment Kit, 358pcs, Brass Plated, Nails for Hanging Pictures, Finishing Nails, Wood Nails, Wall Nails for Hanging (3‚Äù, 2‚Äù, 1-1/2‚Äù, 1-1/4", 1‚Äù, 3/4")</p><p> -25% 0FF </p><p>$8.98</p><a href="https://www.amazon.com/dp/B0B3CFCZGW?tag=eloabder-20&linkCode=osi&th=1&psc=1">View Product</a></div>
<div class="product"><a href="https://www.amazon.com/dp/B0BDBJJQJR?tag=eloabder-20&linkCode=osi&th=1&psc=1"><img src="https://m.media-amazon.com/images/I/41iMq4y4RWL._SL500_.jpg" alt="Product Image"></a><p>Standard Chisel Point Staples, 0.25" Leg, 0.5" Crown, Steel, 5,000/Box, 5 Boxes/Pack, 25,000/Pack</p><p> -18% 0FF </p><p>$11.80</p><a href="https://www.amazon.com/dp/B0BDBJJQJR?tag=eloabder-20&linkCode=osi&th=1&psc=1">View Product</a></div><div class="product"><a href="https://www.amazon.com/dp/B0052ECDD6?tag=eloabder-20&linkCode=osi&th=1&psc=1"><img src="https://m.media-amazon.com/images/I/41miIfkguxL._SL500_.jpg" alt="Product Image"></a><p>BOSTITCH BTA706-5C Heavy Duty Construction Staples, 3/8 x 2/5-Inch, 5000-Pack</p><p> -21% 0FF </p><p>$10.48 ($0.00 / Count)</p><a href="https://www.amazon.com/dp/B0052ECDD6?tag=eloabder-20&linkCode=osi&th=1&psc=1">View Product</a></div><div class="product"><a href="https://www.amazon.com/dp/B00004Z2HC?tag=eloabder-20&linkCode=osi&th=1&psc=1"><img src="https://m.media-amazon.com/images/I/51vaslx65UL._SL500_.jpg" alt="Product Image"></a><p>Arrow 215 JT21 Thin Wire Staples for Staple Guns and Staplers, Use for Upholstery, Crafts, General Repairs, 5/16-Inch Leg Length, 7/16-Inch Crown Width, 1000-Pack</p><p> -35% 0FF </p><p>$4.97</p><a href="https://www.amazon.com/dp/B00004Z2HC?tag=eloabder-20&linkCode=osi&th=1&psc=1">View Product</a></div><div class="product"><a href="https://www.amazon.com/dp/B09VP4YTPQ?tag=eloabder-20&linkCode=osi&th=1&psc=1"><img src="https://m.media-amazon.com/images/I/41WvD-VnynL._SL500_.jpg" alt="Product Image"></a><p>OMOTOOL Steel Wire Fencing Staples (200 pcs), Galvanized U-shaped fasteners Nails for Wire Mesh and Woven Fencing</p><p> -30% 0FF </p><p>$6.98</p><a href="https://www.amazon.com/dp/B09VP4YTPQ?tag=eloabder-20&linkCode=osi&th=1&psc=1">View Product</a></div>
<div class="product"><a href="https://www.amazon.com/dp/B08N6DYNKQ?tag=eloabder-20&linkCode=osi&th=1&psc=1"><img src="https://m.media-amazon.com/images/I/51oGt2PvPLL._SL500_.jpg" alt="Product Image"></a><p>Mixiflor 20 Pcs 5 Sizes 60/80/120/240 Grits Abrasive Flap Wheel Sander, 1/4 Inch Shank Flap Wheels for Drill, Die Grinder Flap Wheel,Flap Wheel Sander for Drill</p><p> -15% 0FF </p><p>$22.99</p><a href="https://www.amazon.com/dp/B08N6DYNKQ?tag=eloabder-20&linkCode=osi&th=1&psc=1">View Product</a></div>
<div class="product"><a href="https://www.amazon.com/dp/B0B5GHT937?tag=eloabder-20&linkCode=osi&th=1&psc=1"><img src="https://m.media-amazon.com/images/I/51LBYzTtFqL._SL500_.jpg" alt="Product Image"></a><p>SALI 25 Pack 4-1/2 Inch Grinding Wheels for General Purpose Metal & Stainless Steel, Aluminum Oxide Grinding Disc for Angle Grinder, Depressed Center 4.5" * 1/4" * 7/8"(115 * 6.0 * 22.2 mm)</p><p> -9% 0FF </p><p>$26.49</p><a href="https://www.amazon.com/dp/B0B5GHT937?tag=eloabder-20&linkCode=osi&th=1&psc=1">View Product</a></div><div class="product"><a href="https://www.amazon.com/dp/B00002246K?tag=eloabder-20&linkCode=osi&th=1&psc=1"><img src="https://m.media-amazon.com/images/I/51cqvp+fIGL._SL500_.jpg" alt="Product Image"></a><p>DEWALT DW4514 1/4" Thick Grinding Wheel with 4-1/2" Diameter and 7/8" Arbor</p><p> -46% 0FF </p><p>$1.65</p><a href="https://www.amazon.com/dp/B00002246K?tag=eloabder-20&linkCode=osi&th=1&psc=1">View Product</a></div><div class="product"><a href="https://www.amazon.com/dp/B07SQP8JGR?tag=eloabder-20&linkCode=osi&th=1&psc=1"><img src="https://m.media-amazon.com/images/I/51M3TdMS3OL._SL500_.jpg" alt="Product Image"></a><p>KSEIBI 651006 Grinding Wheels 25-Pack, Aluminum Oxide Discs for Metal & Stainless Steel, 4-1/2" x 1/4" x 7/8", Aggressive Grinding for Angle Grinders, Depressed Center Design</p><p> -6% 0FF </p><p>$26.99</p><a href="https://www.amazon.com/dp/B07SQP8JGR?tag=eloabder-20&linkCode=osi&th=1&psc=1">View Product</a></div><div class="product"><a href="https://www.amazon.com/dp/B00004RH8I?tag=eloabder-20&linkCode=osi&th=1&psc=1"><img src="https://m.media-amazon.com/images/I/6113QduJyJL._SL500_.jpg" alt="Product Image"></a><p>DEWALT Grinding Wheel, General Purpose for Metal, 4-1/2-Inch x 1/4-Inch x 5/8-Inch (DW4523)</p><p> -40% 0FF </p><p>$2.92</p><a href="https://www.amazon.com/dp/B00004RH8I?tag=eloabder-20&linkCode=osi&th=1&psc=1">View Product</a></div><div class="product"><a href="https://www.amazon.com/dp/B0791MGN72?tag=eloabder-20&linkCode=osi&th=1&psc=1"><img src="https://m.media-amazon.com/images/I/51LQaKOgppL._SL500_.jpg" alt="Product Image"></a><p>BHA Depressed Center Metal Grinding Wheels for Angle Grinders, 4.5‚Äù x 1/4‚Äù x 7/8‚Äù - 5 Pack</p><p> -15% 0FF </p><p>$16.99</p><a href="https://www.amazon.com/dp/B0791MGN72?tag=eloabder-20&linkCode=osi&th=1&psc=1">View Product</a></div><div class="product"><a href="https://www.amazon.com/dp/B09TSV5SP9?tag=eloabder-20&linkCode=osi&th=1&psc=1"><img src="https://m.media-amazon.com/images/I/61w4UIIWQdL._SL500_.jpg" alt="Product Image"></a><p>PRETEC 26 Packs Angle Grinder Cutting Flap Grinding Disc Wheel 4 1/2in Inches - 20 Packs 4.5"x1/4"x7/8" Cut off Wheels,3 Packs 4.5"x7/8" 60 Grit Flap Discs, 3 Packs 4.5"x1/25"x7/8" Grinding Wheels</p><p> -8% 0FF </p><p>$22.99</p><a href="https://www.amazon.com/dp/B09TSV5SP9?tag=eloabder-20&linkCode=osi&th=1&psc=1">View Product</a></div><div class="product"><a href="https://www.amazon.com/dp/B07FT71TLC?tag=eloabder-20&linkCode=osi&th=1&psc=1"><img src="https://m.media-amazon.com/images/I/51-wpozOUIL._SL500_.jpg" alt="Product Image"></a><p>NEIKO 11142A 10 Pack Zirconia Flap Discs 4-1/2 for Angle Grinder, 40 Grit Flapper Wheel, Angled T29 Grinding Wheel 4.5 Inch Flap Disc, 7/8" Arbor Grinding Disc, Flap Wheel for Wood & Metal Sanding</p><p> -19% 0FF </p><p>$17.07</p><a href="https://www.amazon.com/dp/B07FT71TLC?tag=eloabder-20&linkCode=osi&th=1&psc=1">View Product</a></div>
<div class="product"><a href="https://www.amazon.com/dp/B0956S39GC?tag=eloabder-20&linkCode=osi&th=1&psc=1"><img src="https://m.media-amazon.com/images/I/51mP1FW0pIL._SL500_.jpg" alt="Product Image"></a><p>Truswe Cut Off Wheels 52 Pack,4 1/2 Inch,0.45 USD/Pack,Metal and Stainless Steel Cutting Wheel for Angle Grinder,Ultra Thin Cut-Off Wheel Cutting Disc (52 PCS 4-1/2 x .045 x 7/8 inch Cut Off Wheels)</p><p> -26% 0FF </p><p>$24.29</p><a href="https://www.amazon.com/dp/B0956S39GC?tag=eloabder-20&linkCode=osi&th=1&psc=1">View Product</a></div><div class="product"><a href="https://www.amazon.com/dp/B07WGSK4V7?tag=eloabder-20&linkCode=osi&th=1&psc=1"><img src="https://m.media-amazon.com/images/I/510MTzQR9sL._SL500_.jpg" alt="Product Image"></a><p>WORKPRO 20-Pack Cut-Off Wheels, 4-1/2 x 7/8-inch Metal&Stainless Steel Cutting Wheel, Thin Metal Cutting Disc for Angle Grinder</p><p> -6% 0FF </p><p>$15.99</p><a href="https://www.amazon.com/dp/B07WGSK4V7?tag=eloabder-20&linkCode=osi&th=1&psc=1">View Product</a></div><div class="product"><a href="https://www.amazon.com/dp/B08C7F9CVS?tag=eloabder-20&linkCode=osi&th=1&psc=1"><img src="https://m.media-amazon.com/images/I/51KoNeHcHyL._SL500_.jpg" alt="Product Image"></a><p>EZARC Diamond Cutting Wheel 4 1/2 x 7/8 Inch for Metal, Cut Off Wheel with 5000+ Cuts on Rebar, Steel, Iron and INOX</p><p> -11% 0FF </p><p>$16.97</p><a href="https://www.amazon.com/dp/B08C7F9CVS?tag=eloabder-20&linkCode=osi&th=1&psc=1">View Product</a></div><div class="product"><a href="https://www.amazon.com/dp/B08FR63K33?tag=eloabder-20&linkCode=osi&th=1&psc=1"><img src="https://m.media-amazon.com/images/I/51Js3m5R8aL._SL500_.jpg" alt="Product Image"></a><p>50 Pack Cut Off Wheels 4 1/2 inch Thin Metal & Stainless Steel Cutting Wheel, Professional Fast Cutting Disc for Angle Grinder</p><p> -20% 0FF </p><p>$26.49</p><a href="https://www.amazon.com/dp/B08FR63K33?tag=eloabder-20&linkCode=osi&th=1&psc=1">View Product</a></div>
<div class="product"><a href="https://www.amazon.com/dp/B01K22Q9R8?tag=eloabder-20&linkCode=osi&th=1&psc=1"><img src="https://m.media-amazon.com/images/I/41VcU0uPlLL._SL500_.jpg" alt="Product Image"></a><p>42 Pcs Wet Dry Sandpaper 120 to 3000 Grit Assortment 9 * 3.6 Inches Abrasive Paper Sheets for Automotive Sanding Wood Furniture Finishing</p><p> -11% 0FF </p><p>$7.99 ($0.19 / Count)</p><a href="https://www.amazon.com/dp/B01K22Q9R8?tag=eloabder-20&linkCode=osi&th=1&psc=1">View Product</a></div><div class="product"><a href="https://www.amazon.com/dp/B0894N7QT2?tag=eloabder-20&linkCode=osi&th=1&psc=1"><img src="https://m.media-amazon.com/images/I/51Rfp3gQTWL._SL500_.jpg" alt="Product Image"></a><p>100PCS 5 Inch 8 Holes Sanding Discs 60 120 240 400 600 800 1000 1200 1500 2000 Grit Sandpaper Sander Round Sand Paper (100pcs 60-2000 grit)</p><p> -24% 0FF </p><p>$12.99</p><a href="https://www.amazon.com/dp/B0894N7QT2?tag=eloabder-20&linkCode=osi&th=1&psc=1">View Product</a></div><div class="product"><a href="https://www.amazon.com/dp/B07HHY6MKY?tag=eloabder-20&linkCode=osi&th=1&psc=1"><img src="https://m.media-amazon.com/images/I/41QDuvYCQlL._SL500_.jpg" alt="Product Image"></a><p>WORKPRO 150-piece Sanding Discs Set - 5-Inch 8-Hole Sandpaper 10 Grades Include 60, 80, 100, 120, 150,180, 240, 320, 400, 600 Grits for Random Orbital Sander(Not for Oscillating Tools or Mouse Sander)</p><p> -20% 0FF </p><p>$19.99 ($0.13 / Count)</p><a href="https://www.amazon.com/dp/B07HHY6MKY?tag=eloabder-20&linkCode=osi&th=1&psc=1">View Product</a></div><div class="product"><a href="https://www.amazon.com/dp/B09X6DY6RW?tag=eloabder-20&linkCode=osi&th=1&psc=1"><img src="https://m.media-amazon.com/images/I/41rifda9wbL._SL500_.jpg" alt="Product Image"></a><p>Afruxy 4 Pack Extra Fine Sanding Block, Washable and Reusable Sanding Sponge for Wood Drywall Metal Glasses Coarse/Medium/Fine/Superfine in 60/80/120/220 Grit Sandpaper Block Sand Paper Brick</p><p> -25% 0FF </p><p>$8.99 ($2.25 / Count)</p><a href="https://www.amazon.com/dp/B09X6DY6RW?tag=eloabder-20&linkCode=osi&th=1&psc=1">View Product</a></div>
<div class="product"><a href="https://www.amazon.com/dp/B07CH6QNCV?tag=eloabder-20&linkCode=osi&th=1&psc=1"><img src="https://m.media-amazon.com/images/I/413Vmyc4FPL._SL500_.jpg" alt="Product Image"></a><p>VASTOOLS Welding Chipping Hammer with Coil Spring Handle,10.5",Cone and Vertical Chisel/ 10" Wire Brush(Free), Black</p><p> -18% 0FF </p><p>$13.99</p><a href="https://www.amazon.com/dp/B07CH6QNCV?tag=eloabder-20&linkCode=osi&th=1&psc=1">View Product</a></div><div class="product"><a href="https://www.amazon.com/dp/B0D6QRJJ4R?tag=eloabder-20&linkCode=osi&th=1&psc=1"><img src="https://m.media-amazon.com/images/I/41KF4m4nNfL._SL500_.jpg" alt="Product Image"></a><p>120A MIG Welding Machine, 110V/220V Flux Core Welder/Lift TIG/Stick Welder 3 in 1, Portable Gasless Welder with IGBT Inverter, Welding Gun & Welding Wire, Weld Kit for Aluminum, Metal</p><p> -56% 0FF </p><p>$69.99</p><a href="https://www.amazon.com/dp/B0D6QRJJ4R?tag=eloabder-20&linkCode=osi&th=1&psc=1">View Product</a></div>
<div class="product"><a href="https://www.amazon.com/dp/B09YGXKZC1?tag=eloabder-20&linkCode=osi&th=1&psc=1"><img src="https://m.media-amazon.com/images/I/417vPDmhw0L._SL500_.jpg" alt="Product Image"></a><p>ARCCAPTAIN Stick Welder, [Large LED Display] 200A ARC/Lift TIG Welding Machine with Synergic Control, IGBT Inverter 110V/220V Portable MMA Welder Machine with Hot Start, Arc force and Anti-Stick</p><p> -31% 0FF </p><p>$116.63</p><a href="https://www.amazon.com/dp/B09YGXKZC1?tag=eloabder-20&linkCode=osi&th=1&psc=1">View Product</a></div><div class="product"><a href="https://www.amazon.com/dp/B0D9LDRJV7?tag=eloabder-20&linkCode=osi&th=1&psc=1"><img src="https://m.media-amazon.com/images/I/51o3VwWmuzL._SL500_.jpg" alt="Product Image"></a><p>AwxryoX Portable Handheld Welding Machine, 110V 140Amp Upgraded Maquina de Soldar with IGBT Inverter 6 Variable Current, Soldadora Welding Tool Set with 3/32"-1/8" Welding Rod & Protective Gloves</p><p> -25% 0FF </p><p>$89.99</p><a href="https://www.amazon.com/dp/B0D9LDRJV7?tag=eloabder-20&linkCode=osi&th=1&psc=1">View Product</a></div><div class="product"><a href="https://www.amazon.com/dp/B09WDGL3GQ?tag=eloabder-20&linkCode=osi&th=1&psc=1"><img src="https://m.media-amazon.com/images/I/518jYZZcNhL._SL500_.jpg" alt="Product Image"></a><p>Welding Machine, Upgraded MMA-250A 110V Welder Machine,Portable Stick Welder IGBT Digital Display LCD,Home DIY Arc Welder,Hot Start Arc Force Anti-stick Mini Welder</p><p> -14% 0FF </p><p>$67.79</p><a href="https://www.amazon.com/dp/B09WDGL3GQ?tag=eloabder-20&linkCode=osi&th=1&psc=1">View Product</a></div><div class="product"><a href="https://www.amazon.com/dp/B0BR8TS34Y?tag=eloabder-20&linkCode=osi&th=1&psc=1"><img src="https://m.media-amazon.com/images/I/51NzsbTpmyL._SL500_.jpg" alt="Product Image"></a><p>Welding machine handheld | 110V IGBT Digital Stick WelderÔºåPortable welder machine with Complete Accessory Set & Carrying Case</p><p> -50% 0FF </p><p>$49.99</p><a href="https://www.amazon.com/dp/B0BR8TS34Y?tag=eloabder-20&linkCode=osi&th=1&psc=1">View Product</a></div><div class="product"><a href="https://www.amazon.com/dp/B0BN81636G?tag=eloabder-20&linkCode=osi&th=1&psc=1"><img src="https://m.media-amazon.com/images/I/41q0oXAoP1L._SL500_.jpg" alt="Product Image"></a><p>AZZUNO MIG Welder,Flux Core Welder Machine 110V 130Amp, Gasless MIG Welding Machine IGBT Inverter Welder Portable Wire Feed Welder (110V)</p><p> -21% 0FF </p><p>$85.99</p><a href="https://www.amazon.com/dp/B0BN81636G?tag=eloabder-20&linkCode=osi&th=1&psc=1">View Product</a></div>
<div class="product"><a href="https://www.amazon.com/dp/B07MKRYWMD?tag=eloabder-20&linkCode=osi&th=1&psc=1"><img src="https://m.media-amazon.com/images/I/31nmFb6CayL._SL500_.jpg" alt="Product Image"></a><p>Hobart 770890 Auto-Darkening Welding Helmet, Large, Black</p><p> -10% 0FF </p><p>$98.99</p><a href="https://www.amazon.com/dp/B07MKRYWMD?tag=eloabder-20&linkCode=osi&th=1&psc=1">View Product</a></div><div class="product"><a href="https://www.amazon.com/dp/B07V9G94NK?tag=eloabder-20&linkCode=osi&th=1&psc=1"><img src="https://m.media-amazon.com/images/I/31SAUhqpDZL._SL500_.jpg" alt="Product Image"></a><p>Lincoln Electric K3034-4 VIKING 3350 Auto Darkening Welding Helmet with 4C Lens Technology, Matte Black, extra large</p><p> -29% 0FF </p><p>$357.99</p><a href="https://www.amazon.com/dp/B07V9G94NK?tag=eloabder-20&linkCode=osi&th=1&psc=1">View Product</a></div><div class="product"><a href="https://www.amazon.com/dp/B0BYXPR9F3?tag=eloabder-20&linkCode=osi&th=1&psc=1"><img src="https://m.media-amazon.com/images/I/51ggHp1dC3L._SL500_.jpg" alt="Product Image"></a><p>TOOLIOM Welding Helmet Solar Power Auto Darkening Welding Helmet Adjustable Shade Range for MIG TIG Stick Welder Mask Blue Eagle</p><p> -13% 0FF </p><p>$27.99</p><a href="https://www.amazon.com/dp/B0BYXPR9F3?tag=eloabder-20&linkCode=osi&th=1&psc=1">View Product</a></div><div class="product"><a href="https://www.amazon.com/dp/B0BV6RYWV9?tag=eloabder-20&linkCode=osi&th=1&psc=1"><img src="https://m.media-amazon.com/images/I/41HBwMbwbaL._SL500_.jpg" alt="Product Image"></a><p>ARCCAPTAIN Welding Helmet Auto Darkening, 3.94"X3.66" Large Viewing Screen True Color Welding Hood with 4 Arc Sensor Solar Powered, Wide Shade 4-5/5-9/9-13 for ARC TIG MIG Welding Helmets for Men</p><p> -17% 0FF </p><p>$59.99</p><a href="https://www.amazon.com/dp/B0BV6RYWV9?tag=eloabder-20&linkCode=osi&th=1&psc=1">View Product</a></div>
<div class="product"><a href="https://www.amazon.com/dp/B07RX7TNBY?tag=eloabder-20&linkCode=osi&th=1&psc=1"><img src="https://m.media-amazon.com/images/I/417ep0UH1cL._SL500_.jpg" alt="Product Image"></a><p>WZQH 16 Inches,932‚Ñâ,Leather Forge Welding Gloves, Heat/Fire Resistant,Mitts for BBQ,Oven,Grill,Fireplace,Tig,Mig,Baking,Furnace,Stove,Pot Holder,Animal Handling Glove.Black-gray</p><p> -32% 0FF </p><p>$19.74 ($19.74 / Count)</p><a href="https://www.amazon.com/dp/B07RX7TNBY?tag=eloabder-20&linkCode=osi&th=1&psc=1">View Product</a></div><div class="product"><a href="https://www.amazon.com/dp/B00IYX04YC?tag=eloabder-20&linkCode=osi&th=1&psc=1"><img src="https://m.media-amazon.com/images/I/51vjm0ZOsgL._SL500_.jpg" alt="Product Image"></a><p>Lincoln Electric Leather Welding Gloves KH641, Premium Hand Protection from Welder and Cutting Torch Heat, Commercial Quality, Cotton Lined, Gauntlet Cuff, Unisex, Grey, One Size</p><p> -5% 0FF </p><p>$18.98</p><a href="https://www.amazon.com/dp/B00IYX04YC?tag=eloabder-20&linkCode=osi&th=1&psc=1">View Product</a></div><div class="product"><a href="https://www.amazon.com/dp/B078FMLJSW?tag=eloabder-20&linkCode=osi&th=1&psc=1"><img src="https://m.media-amazon.com/images/I/41cO-Y-5sjL._SL500_.jpg" alt="Product Image"></a><p>Revco GM1611 Top Grain Leather Cowhide MIG Welding Gloves with Reinforced Palm & Thumb & Index Finger, Seamless Forefinger, 5" Cuff for Extra Protection (Medium)</p><p> -7% 0FF </p><p>$27.99</p><a href="https://www.amazon.com/dp/B078FMLJSW?tag=eloabder-20&linkCode=osi&th=1&psc=1">View Product</a></div>
<div class="product"><a href="https://www.amazon.com/dp/B07W41G6P3?tag=eloabder-20&linkCode=osi&th=1&psc=1"><img src="https://m.media-amazon.com/images/I/51FnU0Vr4ZL._SL500_.jpg" alt="Product Image"></a><p>YESWELDER Flux Core Gasless Mig Wire, Mild Steel E71TGS .030-Diameter, 2-Pound Strong ABS Plastic Spool</p><p> -30% 0FF </p><p>$15.99</p><a href="https://www.amazon.com/dp/B07W41G6P3?tag=eloabder-20&linkCode=osi&th=1&psc=1">View Product</a></div><div class="product"><a href="https://www.amazon.com/dp/B0BRCT2NLM?tag=eloabder-20&linkCode=osi&th=1&psc=1"><img src="https://m.media-amazon.com/images/I/412YtbTwWWL._SL500_.jpg" alt="Product Image"></a><p>0.035 flux core welding wire, 3 Spools E71T-GS Low Splatter gasless Carbon Steel Mig Welding Wire Compatible With HF Fourney Harbor Welder(3 PACK)</p><p> -9% 0FF </p><p>$29.99</p><a href="https://www.amazon.com/dp/B0BRCT2NLM?tag=eloabder-20&linkCode=osi&th=1&psc=1">View Product</a></div><div class="product"><a href="https://www.amazon.com/dp/B003XKH71O?tag=eloabder-20&linkCode=osi&th=1&psc=1"><img src="https://m.media-amazon.com/images/I/51aO46a0SrL._SL500_.jpg" alt="Product Image"></a><p>INEFIL ER70S-6 .030-Inch on 10-Pound Spool Carbon Steel Mig Solid Welding Wire</p><p> -24% 0FF </p><p>$25.05 ($0.16 / Ounce)</p><a href="https://www.amazon.com/dp/B003XKH71O?tag=eloabder-20&linkCode=osi&th=1&psc=1">View Product</a></div><div class="product"><a href="https://www.amazon.com/dp/B00F429SZM?tag=eloabder-20&linkCode=osi&th=1&psc=1"><img src="https://m.media-amazon.com/images/I/41BHKwqBRIL._SL500_.jpg" alt="Product Image"></a><p>Blue Demon E71TGS X .035‚Äù X 2 LB MIG/GMAW Gasless Flux Core Carbon Steel Welding Wire, All Position, Easy Slag Removal, Formulated To Provide Porosity-Free, X-Ray Quality Welds</p><p> -30% 0FF </p><p>$11.91</p><a href="https://www.amazon.com/dp/B00F429SZM?tag=eloabder-20&linkCode=osi&th=1&psc=1">View Product</a></div><div class="product"><a href="https://www.amazon.com/dp/B01I82OSC2?tag=eloabder-20&linkCode=osi&th=1&psc=1"><img src="https://m.media-amazon.com/images/I/41QrzqdrCEL._SL500_.jpg" alt="Product Image"></a><p>Lincoln Electric MIG Welding Wire, NR-211-MP, .035, Spool, Model: ED030584 (Pack of 3)</p><p> -6% 0FF </p><p>$46.99 ($15.66 / Count)</p><a href="https://www.amazon.com/dp/B01I82OSC2?tag=eloabder-20&linkCode=osi&th=1&psc=1">View Product</a></div><div class="product"><a href="https://www.amazon.com/dp/B09YYCRKR2?tag=eloabder-20&linkCode=osi&th=1&psc=1"><img src="https://m.media-amazon.com/images/I/51DpQ1PI8pL._SL500_.jpg" alt="Product Image"></a><p>ARCCAPTAIN Flux Core Welding Wire .030, E71T-GS Mig Welding Wire 2-Pound Spool Gasless Mild Carbon Steel Compatible With Lincoln Miller Forney Harbor Welder</p><p> -8% 0FF </p><p>$16.99</p><a href="https://www.amazon.com/dp/B09YYCRKR2?tag=eloabder-20&linkCode=osi&th=1&psc=1">View Product</a></div><div class="product"><a href="https://www.amazon.com/dp/B09DYCK78H?tag=eloabder-20&linkCode=osi&th=1&psc=1"><img src="https://m.media-amazon.com/images/I/41umOmMUkzL._SL500_.jpg" alt="Product Image"></a><p>TOOLIOM ER70S-6 .030"(0.8 mm) Mild Steel Mig Solid Welding Wire on 10-Pound Spool for TL-200M TL-250M Pro</p><p> -7% 0FF </p><p>$27.99</p><a href="https://www.amazon.com/dp/B09DYCK78H?tag=eloabder-20&linkCode=osi&th=1&psc=1">View Product</a></div>
<div class="product"><a href="https://www.amazon.com/dp/B0B3D96MN6?tag=eloabder-20&linkCode=osi&th=1&psc=1"><img src="https://m.media-amazon.com/images/I/51k0bP+5e6L._SL500_.jpg" alt="Product Image"></a><p>Soldering Iron Premium Kit, 60W Soldering Gun with Ceramic Heater, 12-in-1 Soldering Tool, Adjustable Temperature 200 to 450¬∞C, Includes Soldering Iron Tip, Solder Wire, Pump and Paste</p><p> -20% 0FF </p><p>$23.99</p><a href="https://www.amazon.com/dp/B0B3D96MN6?tag=eloabder-20&linkCode=osi&th=1&psc=1">View Product</a></div><div class="product"><a href="https://www.amazon.com/dp/B087767KNW?tag=eloabder-20&linkCode=osi&th=1&psc=1"><img src="https://m.media-amazon.com/images/I/41rapiHruXL._SL500_.jpg" alt="Product Image"></a><p>Soldering Iron Kit, 60W Soldering Iron with Interchangeable Iron Tips, 10-in-1 Adjustable Temperature Soldering Welding Iron Kit for any Hobby Enthusiast 110V US Plug</p><p> -13% 0FF </p><p>$12.99</p><a href="https://www.amazon.com/dp/B087767KNW?tag=eloabder-20&linkCode=osi&th=1&psc=1">View Product</a></div><div class="product"><a href="https://www.amazon.com/dp/B082F1WKP9?tag=eloabder-20&linkCode=osi&th=1&psc=1"><img src="https://m.media-amazon.com/images/I/518z061SWZL._SL500_.jpg" alt="Product Image"></a><p>YIHUA 926 III 60W Digital Display Soldering Iron Station Kit w 2 Helping Hands, 6 Extra Iron Tips, Lead-Free Solder, Solder Sucker, S/S Tweezers, ¬∞C/¬∫F Conversion, Auto Sleep & Calibration Support</p><p> -17% 0FF </p><p>$49.99</p><a href="https://www.amazon.com/dp/B082F1WKP9?tag=eloabder-20&linkCode=osi&th=1&psc=1">View Product</a></div><div class="product"><a href="https://www.amazon.com/dp/B002PIA6Z4?tag=eloabder-20&linkCode=osi&th=1&psc=1"><img src="https://m.media-amazon.com/images/I/41hE8aKpakL._SL500_.jpg" alt="Product Image"></a><p>Pro'sKit 900-015 Helping Hands Soldering Aid</p><p> -35% 0FF </p><p>$7.59</p><a href="https://www.amazon.com/dp/B002PIA6Z4?tag=eloabder-20&linkCode=osi&th=1&psc=1">View Product</a></div><div class="product"><a href="https://www.amazon.com/dp/B094GZ6CPZ?tag=eloabder-20&linkCode=osi&th=1&psc=1"><img src="https://m.media-amazon.com/images/I/510vFCSfPqL._SL500_.jpg" alt="Product Image"></a><p>Lesnow solder wick braid 10ft Length Desoldering Wick Braid Remover Tool Solder Sucker 1 piece No-Clean soldering Wick Wire Roll and Disassemble Electrical Components</p><p> -20% 0FF </p><p>$7.99</p><a href="https://www.amazon.com/dp/B094GZ6CPZ?tag=eloabder-20&linkCode=osi&th=1&psc=1">View Product</a></div><div class="product"><a href="https://www.amazon.com/dp/B0CZ9KB3PS?tag=eloabder-20&linkCode=osi&th=1&psc=1"><img src="https://m.media-amazon.com/images/I/41i90xEV7CL._SL500_.jpg" alt="Product Image"></a><p>60W Digital Soldering Station Fast Heating Precision Temperature Control Soldering Iron Station with Stable Base Auto Sleep 10 Soldering Iron Tips Soldering Station Kit for Beginners DIY hobbyist</p><p> -15% 0FF </p><p>$39.88</p><a href="https://www.amazon.com/dp/B0CZ9KB3PS?tag=eloabder-20&linkCode=osi&th=1&psc=1">View Product</a></div><div class="product"><a href="https://www.amazon.com/dp/B00NS4J6BY?tag=eloabder-20&linkCode=osi&th=1&psc=1"><img src="https://m.media-amazon.com/images/I/51zuuNWwBjL._SL500_.jpg" alt="Product Image"></a><p>Thermaltronics TMT-TC-2 Tip Tinner (20g) in 0.8oz Container</p><p> -21% 0FF </p><p>$6.35 ($7.94 / Ounce)</p><a href="https://www.amazon.com/dp/B00NS4J6BY?tag=eloabder-20&linkCode=osi&th=1&psc=1">View Product</a></div>
<div class="product"><a href="https://www.amazon.com/dp/B097T8CG94?tag=eloabder-20&linkCode=osi&th=1&psc=1"><img src="https://m.media-amazon.com/images/I/51ciNJ1DuTL._SL500_.jpg" alt="Product Image"></a><p>Soldering Iron Kit,Electric 60W Soldering Gun Welding Tools with ON/OFF Swicth,5 Soldering Iron Tips,Tweezers,solder wire,for soldering Kit and Repairing,DIY</p><p> -50% 0FF </p><p>$5.99</p><a href="https://www.amazon.com/dp/B097T8CG94?tag=eloabder-20&linkCode=osi&th=1&psc=1">View Product</a></div><div class="product"><a href="https://www.amazon.com/dp/B08R3515SF?tag=eloabder-20&linkCode=osi&th=1&psc=1"><img src="https://m.media-amazon.com/images/I/41-UwHjbdpL._SL500_.jpg" alt="Product Image"></a><p>Soldering Iron Kit, 80W 110V LCD Digital Soldering Welding Iron Kit with Ceramic Heater, Portable Soldering Kit with 5pcs Tips, Stand, Solder Tube, Sponge, Solder Paste,for Metal,Electric, DIY</p><p> -23% 0FF </p><p>$9.95</p><a href="https://www.amazon.com/dp/B08R3515SF?tag=eloabder-20&linkCode=osi&th=1&psc=1">View Product</a></div><div class="product"><a href="https://www.amazon.com/dp/B0BW4HMXJ3?tag=eloabder-20&linkCode=osi&th=1&psc=1"><img src="https://m.media-amazon.com/images/I/516tKeqajpL._SL500_.jpg" alt="Product Image"></a><p>Soldering Iron Kit 80W LCD Adjustable Temperature 180-520‚ÑÉ Solder Kit Electronics 13 in 1 Welding Tools with ON/OFF Switch, Solder Wire, Flux, 5 Soldering Tips, Desoldering Pump, Stand, Tweezers</p><p> -27% 0FF </p><p>$18.98</p><a href="https://www.amazon.com/dp/B0BW4HMXJ3?tag=eloabder-20&linkCode=osi&th=1&psc=1">View Product</a></div>
<div class="product"><a href="https://www.amazon.com/dp/B077JDGY1J?tag=eloabder-20&linkCode=osi&th=1&psc=1"><img src="https://m.media-amazon.com/images/I/41yRK+nzODL._SL500_.jpg" alt="Product Image"></a><p>Weller 70 Watt Digital Soldering Station | WE1010NA</p><p> -25% 0FF </p><p>$115.00</p><a href="https://www.amazon.com/dp/B077JDGY1J?tag=eloabder-20&linkCode=osi&th=1&psc=1">View Product</a></div><div class="product"><a href="https://www.amazon.com/dp/B09TXP1KDV?tag=eloabder-20&linkCode=osi&th=1&psc=1"><img src="https://m.media-amazon.com/images/I/51-97nkYLSL._SL500_.jpg" alt="Product Image"></a><p>WEP 927-IV Soldering Station Kit High-Power 110W with 3 Preset Channels, Sleep Mode, LED Magnifier, 5 Extra Iron Tips, Tip Cleaner, 2 Helping Hands, Tip Storage Slots, Lead-free Solder Wire, Tweezers</p><p> -25% 0FF </p><p>$59.99</p><a href="https://www.amazon.com/dp/B09TXP1KDV?tag=eloabder-20&linkCode=osi&th=1&psc=1">View Product</a></div><div class="product"><a href="https://www.amazon.com/dp/B07RVMZNYR?tag=eloabder-20&linkCode=osi&th=1&psc=1"><img src="https://m.media-amazon.com/images/I/51MK9AVKTeL._SL500_.jpg" alt="Product Image"></a><p>YIHUA 939D+ Digital Soldering Station, 75W Equivalent with Precision Heat Control (392¬∞F to 896¬∞F) and Built-in Transformer. ESD Safe, Lead Free with ¬∞C/¬∞F display (Black)</p><p> -17% 0FF </p><p>$59.99</p><a href="https://www.amazon.com/dp/B07RVMZNYR?tag=eloabder-20&linkCode=osi&th=1&psc=1">View Product</a></div><div class="product"><a href="https://www.amazon.com/dp/B0BX5KXBPD?tag=eloabder-20&linkCode=osi&th=1&psc=1"><img src="https://m.media-amazon.com/images/I/51kzeXwC0sL._SL500_.jpg" alt="Product Image"></a><p>WEP 882D Soldering Iron Station 2-IN-1 SMD Hot Air Rework Station with 2 Spools of Solder Wire, 5 Soldering Tips, 3 Hot Air Nozzles, Brass Wool Tip Cleaner, Tweezers, Desoldering pump</p><p> -12% 0FF </p><p>$48.44</p><a href="https://www.amazon.com/dp/B0BX5KXBPD?tag=eloabder-20&linkCode=osi&th=1&psc=1">View Product</a></div><div class="product"><a href="https://www.amazon.com/dp/B07S4GPM66?tag=eloabder-20&linkCode=osi&th=1&psc=1"><img src="https://m.media-amazon.com/images/I/51Z2ti7tGQL._SL500_.jpg" alt="Product Image"></a><p>YIHUA 853D 2A USB SMD Hot Air Rework Soldering Iron Station, DC Power Supply 0-15V 0-2A with 5V USB Charging Port and 35 Volt DC Voltage Test Meter</p><p> -12% 0FF </p><p>$149.99</p><a href="https://www.amazon.com/dp/B07S4GPM66?tag=eloabder-20&linkCode=osi&th=1&psc=1">View Product</a></div><div class="product"><a href="https://www.amazon.com/dp/B07RY5XWVG?tag=eloabder-20&linkCode=osi&th=1&psc=1"><img src="https://m.media-amazon.com/images/I/51C2g+FzzUL._SL500_.jpg" alt="Product Image"></a><p>YIHUA 862BD+ SMD ESD Safe 2 in 1 Soldering Iron Hot Air Rework Station ¬∞F /¬∞C with Multiple Functions</p><p> -27% 0FF </p><p>$101.95</p><a href="https://www.amazon.com/dp/B07RY5XWVG?tag=eloabder-20&linkCode=osi&th=1&psc=1">View Product</a></div>
<div class="product"><a href="https://www.amazon.com/dp/B008ZIV85A?tag=eloabder-20&linkCode=osi&th=1&psc=1"><img src="https://m.media-amazon.com/images/I/41CWW+v4uOL._SL500_.jpg" alt="Product Image"></a><p>SRA Solder 135 Rosin Paste Soldering Flux For Electronics, No Clean Flux Made for Lead and Lead-Free Solder Circuit Boards and Copper Electrical Wire - Safe Clean Residues with No Goopy Mess (2oz Jar)</p><p> -23% 0FF </p><p>$8.49</p><a href="https://www.amazon.com/dp/B008ZIV85A?tag=eloabder-20&linkCode=osi&th=1&psc=1">View Product</a></div><div class="product"><a href="https://www.amazon.com/dp/B08MVXW4RY?tag=eloabder-20&linkCode=osi&th=1&psc=1"><img src="https://m.media-amazon.com/images/I/51ACPA4yj1L._SL500_.jpg" alt="Product Image"></a><p>2 Jar Solder Flux, Flux for Soldering, Rosin Soldering Flux Paste for Lead-Free Electronics Soldering and Soldering DIY (1.2oz/35g in a Jar)</p><p> -30% 0FF </p><p>$6.98</p><a href="https://www.amazon.com/dp/B08MVXW4RY?tag=eloabder-20&linkCode=osi&th=1&psc=1">View Product</a></div>
<div class="product"><a href="https://www.amazon.com/dp/B07PX44JQM?tag=eloabder-20&linkCode=osi&th=1&psc=1"><img src="https://m.media-amazon.com/images/I/41MRmHNswpL._SL500_.jpg" alt="Product Image"></a><p>Metabo HPT Compound Miter Saw, 10" Miter Saw with Large Table Saw for woodworking, Power saw with 15-Amp Motor, Accurate Miter Angles, 0-45¬∞ Bevel, 24T TCT Miter Saw Blade, Positive Stops, C10FCGS</p><p> -25% 0FF </p><p>$119.00</p><a href="https://www.amazon.com/dp/B07PX44JQM?tag=eloabder-20&linkCode=osi&th=1&psc=1">View Product</a></div><div class="product"><a href="https://www.amazon.com/dp/B0CCNY7798?tag=eloabder-20&linkCode=osi&th=1&psc=1"><img src="https://m.media-amazon.com/images/I/51Wb7rA81NL._SL500_.jpg" alt="Product Image"></a><p>DEKOPRO Drill Set: Tool Set with 8V Blue Cordless Drill, Home Tool Kit with Drill, Hand Tool Kits for Women 126 Piece</p><p> -33% 0FF </p><p>$59.99</p><a href="https://www.amazon.com/dp/B0CCNY7798?tag=eloabder-20&linkCode=osi&th=1&psc=1">View Product</a></div><div class="product"><a href="https://www.amazon.com/dp/B07JPFHQKG?tag=eloabder-20&linkCode=osi&th=1&psc=1"><img src="https://m.media-amazon.com/images/I/413RBSqCVzL._SL500_.jpg" alt="Product Image"></a><p>DEWALT 20V MAX XR Jig Saw, 3,200 Blade Speed, Cordless, Brushless Motor, LED Light, Bare Tool Only (DCS334B)</p><p> -46% 0FF </p><p>$129.00</p><a href="https://www.amazon.com/dp/B07JPFHQKG?tag=eloabder-20&linkCode=osi&th=1&psc=1">View Product</a></div><div class="product"><a href="https://www.amazon.com/dp/B01IR1SXVQ?tag=eloabder-20&linkCode=osi&th=1&psc=1"><img src="https://m.media-amazon.com/images/I/41ryU1i4DeL._SL500_.jpg" alt="Product Image"></a><p>BLACK+DECKER 20V MAX Power Tool Combo Kit, 4-Tool Cordless Power Tool Set with 2 Batteries and Charger (BD4KITCDCRL)</p><p> -29% 0FF </p><p>$141.83</p><a href="https://www.amazon.com/dp/B01IR1SXVQ?tag=eloabder-20&linkCode=osi&th=1&psc=1">View Product</a></div>
<div class="product"><a href="https://www.amazon.com/dp/B0C4L88ZFW?tag=eloabder-20&linkCode=osi&th=1&psc=1"><img src="https://m.media-amazon.com/images/I/51SJoHf6mJL._SL500_.jpg" alt="Product Image"></a><p>FADAKWALT Cordless Drill Set,12V Power Drill Set with Battery and Charger, Electric Driver/Drill Bits, 3/8'' Keyless Chuck,21+1 Torque Setting, 180 inch-lbs, with LED Electric Drill Set (Green)</p><p> -20% 0FF </p><p>$23.98</p><a href="https://www.amazon.com/dp/B0C4L88ZFW?tag=eloabder-20&linkCode=osi&th=1&psc=1">View Product</a></div><div class="product"><a href="https://www.amazon.com/dp/B07CR1GPBQ?tag=eloabder-20&linkCode=osi&th=1&psc=1"><img src="https://m.media-amazon.com/images/I/51Py58xkv6L._SL500_.jpg" alt="Product Image"></a><p>AVID POWER 20V MAX Lithium lon Cordless Drill Set, Power Drill Kit with Battery and Charger, 3/8-Inch Keyless Chuck, Variable Speed, 16 Position and 22pcs Drill Bits (Red)</p><p> -12% 0FF </p><p>$43.99</p><a href="https://www.amazon.com/dp/B07CR1GPBQ?tag=eloabder-20&linkCode=osi&th=1&psc=1">View Product</a></div><div class="product"><a href="https://www.amazon.com/dp/B09Y8BWFZB?tag=eloabder-20&linkCode=osi&th=1&psc=1"><img src="https://m.media-amazon.com/images/I/51Ixq-DjI3L._SL500_.jpg" alt="Product Image"></a><p>DEKOPRO 8V Cordless Drill, Drill Set with 3/8"Keyless Chuck, 42pcs Acessories, Built-in LED, Type-C Charge Cable, Pink Power Drill for Drilling and Tightening/Loosening Screws</p><p> -17% 0FF </p><p>$29.99</p><a href="https://www.amazon.com/dp/B09Y8BWFZB?tag=eloabder-20&linkCode=osi&th=1&psc=1">View Product</a></div>
<div class="product"><a href="https://www.amazon.com/dp/B01KJJQ1MC?tag=eloabder-20&linkCode=osi&th=1&psc=1"><img src="https://m.media-amazon.com/images/I/51zT9DcQquL._SL500_.jpg" alt="Product Image"></a><p>Skil 5080-01 13-Amp 7-1/4" Circular Saw, Red</p><p> -33% 0FF </p><p>$39.99</p><a href="https://www.amazon.com/dp/B01KJJQ1MC?tag=eloabder-20&linkCode=osi&th=1&psc=1">View Product</a></div><div class="product"><a href="https://www.amazon.com/dp/B076HPKK19?tag=eloabder-20&linkCode=osi&th=1&psc=1"><img src="https://m.media-amazon.com/images/I/41b2h45bkSS._SL500_.jpg" alt="Product Image"></a><p>BLACK+DECKER 20V MAX* Cordless Reciprocating Saw Kit (BDCR20C)</p><p> -21% 0FF </p><p>$54.99</p><a href="https://www.amazon.com/dp/B076HPKK19?tag=eloabder-20&linkCode=osi&th=1&psc=1">View Product</a></div><div class="product"><a href="https://www.amazon.com/dp/B07WP376TG?tag=eloabder-20&linkCode=osi&th=1&psc=1"><img src="https://m.media-amazon.com/images/I/51PemucX5WL._SL500_.jpg" alt="Product Image"></a><p>GALAX PRO Circular Saw and Reciprocating Saw Combo Kit with 1pcs 4.0Ah Lithium Battery and One Charger, 7 Saw Blades and Tool Bag</p><p> -21% 0FF </p><p>$109.99</p><a href="https://www.amazon.com/dp/B07WP376TG?tag=eloabder-20&linkCode=osi&th=1&psc=1">View Product</a></div><div class="product"><a href="https://www.amazon.com/dp/B00F2CGXGG?tag=eloabder-20&linkCode=osi&th=1&psc=1"><img src="https://m.media-amazon.com/images/I/41gldz3g2lS._SL500_.jpg" alt="Product Image"></a><p>DEWALT (DWE7491RS) 10-Inch Table Saw, 32-1/2-Inch Rip Capacity, Yellow/Black/Silver</p><p> -18% 0FF </p><p>$549.00</p><a href="https://www.amazon.com/dp/B00F2CGXGG?tag=eloabder-20&linkCode=osi&th=1&psc=1">View Product</a></div><div class="product"><a href="https://www.amazon.com/dp/B086SRQVVM?tag=eloabder-20&linkCode=osi&th=1&psc=1"><img src="https://m.media-amazon.com/images/I/41dsapo-W7L._SL500_.jpg" alt="Product Image"></a><p>Electric Circular Saw, HYCHIKA 6.2A Mini Circular Saw with 3 Blades(4-1/2‚Äù), Compact Hand Saw Max Cutting Depth 1-7/8'' (90¬∞), Rubber Handle, 10 Feet Cord, Fit for Wood Soft Metal Plastic Cuts</p><p> -22% 0FF </p><p>$54.38</p><a href="https://www.amazon.com/dp/B086SRQVVM?tag=eloabder-20&linkCode=osi&th=1&psc=1">View Product</a></div>
<div class="product"><a href="https://www.amazon.com/dp/B00RVZ7DNO?tag=eloabder-20&linkCode=osi&th=1&psc=1"><img src="https://m.media-amazon.com/images/I/41WHxI6Z+bL._SL500_.jpg" alt="Product Image"></a><p>DEWALT Angle Grinder, 4.5 Inch, 11 Amp, With Paddle Switch (DWE402)</p><p> -19% 0FF </p><p>$88.82</p><a href="https://www.amazon.com/dp/B00RVZ7DNO?tag=eloabder-20&linkCode=osi&th=1&psc=1">View Product</a></div><div class="product"><a href="https://www.amazon.com/dp/B07L21GNHL?tag=eloabder-20&linkCode=osi&th=1&psc=1"><img src="https://m.media-amazon.com/images/I/5199mmz0eBS._SL500_.jpg" alt="Product Image"></a><p>Metabo HPT 4-1/2-Inch Angle Grinder, Includes 5 Grinding Wheels & Hard Case, 6.2-Amp Motor, Compact & Lightweight, G12SR4</p><p> -20% 0FF </p><p>$39.00</p><a href="https://www.amazon.com/dp/B07L21GNHL?tag=eloabder-20&linkCode=osi&th=1&psc=1">View Product</a></div><div class="product"><a href="https://www.amazon.com/dp/B009ELXH1K?tag=eloabder-20&linkCode=osi&th=1&psc=1"><img src="https://m.media-amazon.com/images/I/41xbd2K1xkL._SL500_.jpg" alt="Product Image"></a><p>DEWALT Angle Grinder, One-Touch Guard, 4-1/2 -Inch (DWE4011)</p><p> -11% 0FF </p><p>$79.00</p><a href="https://www.amazon.com/dp/B009ELXH1K?tag=eloabder-20&linkCode=osi&th=1&psc=1">View Product</a></div><div class="product"><a href="https://www.amazon.com/dp/B06WW85XHR?tag=eloabder-20&linkCode=osi&th=1&psc=1"><img src="https://m.media-amazon.com/images/I/41IyxzFrgQL._SL500_.jpg" alt="Product Image"></a><p>DEWALT Angle Grinder Tool, 4-1/2-Inch to 5-Inch, Trigger Switch (DWE43116)</p><p> -20% 0FF </p><p>$134.93</p><a href="https://www.amazon.com/dp/B06WW85XHR?tag=eloabder-20&linkCode=osi&th=1&psc=1">View Product</a></div><div class="product"><a href="https://www.amazon.com/dp/B0002SRK6M?tag=eloabder-20&linkCode=osi&th=1&psc=1"><img src="https://m.media-amazon.com/images/I/31rUdEYHfiL._SL500_.jpg" alt="Product Image"></a><p>DEWALT Angle Grinder, 7-Inch, 13-Amp, 8,000 RPM, With Dust Ejection System, Corded (DW840)</p><p> -18% 0FF </p><p>$122.13</p><a href="https://www.amazon.com/dp/B0002SRK6M?tag=eloabder-20&linkCode=osi&th=1&psc=1">View Product</a></div><div class="product"><a href="https://www.amazon.com/dp/B01HD4EH4A?tag=eloabder-20&linkCode=osi&th=1&psc=1"><img src="https://m.media-amazon.com/images/I/31bCbZzbjxL._SL500_.jpg" alt="Product Image"></a><p>BOSCH GWS8-45 4-1/2 Inch 7.5 Amp Angle Grinder</p><p> -15% 0FF </p><p>$58.98</p><a href="https://www.amazon.com/dp/B01HD4EH4A?tag=eloabder-20&linkCode=osi&th=1&psc=1">View Product</a></div><div class="product"><a href="https://www.amazon.com/dp/B09MCMN9SJ?tag=eloabder-20&linkCode=osi&th=1&psc=1"><img src="https://m.media-amazon.com/images/I/51bilvYEN5L._SL500_.jpg" alt="Product Image"></a><p>7.5Amp 4-1/2 Inch 12000 RPM Angle Grinder with 2 Guards, 3 Cutting Wheels, 3 Discs, Non-Slip Handle and Carbon Brush for Metal and Wood</p><p> -13% 0FF </p><p>$39.99</p><a href="https://www.amazon.com/dp/B09MCMN9SJ?tag=eloabder-20&linkCode=osi&th=1&psc=1">View Product</a></div><div class="product"><a href="https://www.amazon.com/dp/B01FJLKS1K?tag=eloabder-20&linkCode=osi&th=1&psc=1"><img src="https://m.media-amazon.com/images/I/41OMZZp7LWL._SL500_.jpg" alt="Product Image"></a><p>WEN 944 7-Amp Angle Grinder, 4-1/2", Grey,black,orange</p><p> -30% 0FF </p><p>$24.35</p><a href="https://www.amazon.com/dp/B01FJLKS1K?tag=eloabder-20&linkCode=osi&th=1&psc=1">View Product</a></div>
<div class="product"><a href="https://www.amazon.com/dp/B07FDL1TW5?tag=eloabder-20&linkCode=osi&th=1&psc=1"><img src="https://m.media-amazon.com/images/I/51OYzHg15RL._SL500_.jpg" alt="Product Image"></a><p>SKIL Corded Multi-Function Detail Sander with Micro-Filter Dust Box 3 Additional Attachments & 12pc Sanding Sheet- SR232301</p><p> -27% 0FF </p><p>$29.00</p><a href="https://www.amazon.com/dp/B07FDL1TW5?tag=eloabder-20&linkCode=osi&th=1&psc=1">View Product</a></div><div class="product"><a href="https://www.amazon.com/dp/B0858C7X3M?tag=eloabder-20&linkCode=osi&th=1&psc=1"><img src="https://m.media-amazon.com/images/I/41-u+iAaY0L._SL500_.jpg" alt="Product Image"></a><p>DEWALT Random Orbit Sander, Variable Speed, 5-Inch (DWE6423)</p><p> -29% 0FF </p><p>$69.99</p><a href="https://www.amazon.com/dp/B0858C7X3M?tag=eloabder-20&linkCode=osi&th=1&psc=1">View Product</a></div><div class="product"><a href="https://www.amazon.com/dp/B01ALMMJH8?tag=eloabder-20&linkCode=osi&th=1&psc=1"><img src="https://m.media-amazon.com/images/I/41c+p-fOD8L._SL500_.jpg" alt="Product Image"></a><p>DEWALT Electric Sander, 1/4-Inch Sheet, (DWE6411)</p><p> -17% 0FF </p><p>$53.64</p><a href="https://www.amazon.com/dp/B01ALMMJH8?tag=eloabder-20&linkCode=osi&th=1&psc=1">View Product</a></div><div class="product"><a href="https://www.amazon.com/dp/B07JQM7C28?tag=eloabder-20&linkCode=osi&th=1&psc=1"><img src="https://m.media-amazon.com/images/I/41dKlVcpqTL._SL500_.jpg" alt="Product Image"></a><p>DEWALT 20V MAX Orbital Sander, Tool Only (DCW210B)</p><p> -41% 0FF </p><p>$105.00</p><a href="https://www.amazon.com/dp/B07JQM7C28?tag=eloabder-20&linkCode=osi&th=1&psc=1">View Product</a></div><div class="product"><a href="https://www.amazon.com/dp/B07KL4QGSQ?tag=eloabder-20&linkCode=osi&th=1&psc=1"><img src="https://m.media-amazon.com/images/I/41Ucr142bJL._SL500_.jpg" alt="Product Image"></a><p>WEN Benchtop Belt and Disc Sander with 4 x 36 in. Belt, 6 in. Disc and Cast Iron Base (6502T)</p><p> -27% 0FF </p><p>$98.80</p><a href="https://www.amazon.com/dp/B07KL4QGSQ?tag=eloabder-20&linkCode=osi&th=1&psc=1">View Product</a></div><div class="product"><a href="https://www.amazon.com/dp/B00OJWLVM6?tag=eloabder-20&linkCode=osi&th=1&psc=1"><img src="https://m.media-amazon.com/images/I/41uzJE+Q03L._SL500_.jpg" alt="Product Image"></a><p>BLACK+DECKER 2.0 Amp Electric 1/4 Sheet Orbit Sander (BDEQS300)</p><p> -29% 0FF </p><p>$28.41</p><a href="https://www.amazon.com/dp/B00OJWLVM6?tag=eloabder-20&linkCode=osi&th=1&psc=1">View Product</a></div>
<div class="product"><a href="https://www.amazon.com/dp/B0DC68CKKH?tag=eloabder-20&linkCode=osi&th=1&psc=1"><img src="https://m.media-amazon.com/images/I/41gqGPLD28L._SL500_.jpg" alt="Product Image"></a><p>VEVOR Air Compressor 80 Gallon, 6.5HP 15.5SCFM@90 PSI, 2-Stage 145PSI Oil Free Stationary Air Compressor Tank, 86dB Quiet Compressor for Industrial Manufacturing, Construction Sites (3-Phase Power)</p><p> -6% 0FF </p><p>$1,141.99</p><a href="https://www.amazon.com/dp/B0DC68CKKH?tag=eloabder-20&linkCode=osi&th=1&psc=1">View Product</a></div><div class="product"><a href="https://www.amazon.com/dp/B0CSZ1NVW4?tag=eloabder-20&linkCode=osi&th=1&psc=1"><img src="https://m.media-amazon.com/images/I/41RAQPUKmVL._SL500_.jpg" alt="Product Image"></a><p>FYPower Air Compressor Whip Hose 3/8 Inch x 10 Feet Lead in Hybrid Hose with Fittings, Flexible and Kink Resistant, 1/4" Industrial Quick Coupler and Plug Kit - Red</p><p> -50% 0FF </p><p>$9.49</p><a href="https://www.amazon.com/dp/B0CSZ1NVW4?tag=eloabder-20&linkCode=osi&th=1&psc=1">View Product</a></div><div class="product"><a href="https://www.amazon.com/dp/B0D1QK5ZKD?tag=eloabder-20&linkCode=osi&th=1&psc=1"><img src="https://m.media-amazon.com/images/I/41lJM5B8d2L._SL500_.jpg" alt="Product Image"></a><p>Uharbour Air Compressor Hose 1/4" x 50 Feet, 1/4 Air Hose PVC/Rubber Hybrid, Air Hose for Compressor with 1/4" MNPT Brass Fitting, Air Hose 50 ft for Air Compressor</p><p> -50% 0FF </p><p>$11.49 ($0.23 / Foot)</p><a href="https://www.amazon.com/dp/B0D1QK5ZKD?tag=eloabder-20&linkCode=osi&th=1&psc=1">View Product</a></div><div class="product"><a href="https://www.amazon.com/dp/B0CQ1ZXN5N?tag=eloabder-20&linkCode=osi&th=1&psc=1"><img src="https://m.media-amazon.com/images/I/413MD4U9LOL._SL500_.jpg" alt="Product Image"></a><p>DEWENWILS 3/8 Inch x 50FT Hybrid Air Hose 300 PSI, Heavy Duty Air Compressor Hose with 1/4" Industrial Quick Coupler Fittings, Flexible and Kink Resistant Air Hose (Red)</p><p> -50% 0FF </p><p>$16.24 ($0.32 / Foot)</p><a href="https://www.amazon.com/dp/B0CQ1ZXN5N?tag=eloabder-20&linkCode=osi&th=1&psc=1">View Product</a></div><div class="product"><a href="https://www.amazon.com/dp/B0CHB3GDSV?tag=eloabder-20&linkCode=osi&th=1&psc=1"><img src="https://m.media-amazon.com/images/I/41TgWdqGdPL._SL500_.jpg" alt="Product Image"></a><p>Giraffe Tools TA15BPLUS Retractable Air Hose Reel with Swivel Bracket 3/8" x 50 ft Hybrid Hose, Ceiling/Wall Mounted Heavy Duty Industrial Air Compressor Hose Reel, 300PSI, 50ft</p><p> -9% 0FF </p><p>$99.99</p><a href="https://www.amazon.com/dp/B0CHB3GDSV?tag=eloabder-20&linkCode=osi&th=1&psc=1">View Product</a></div><div class="product"><a href="https://www.amazon.com/dp/B08PDT69XS?tag=eloabder-20&linkCode=osi&th=1&psc=1"><img src="https://m.media-amazon.com/images/I/41a6Z-s1uhL._SL500_.jpg" alt="Product Image"></a><p>Craftsman 20-piece Air Accessory Kit</p><p> -24% 0FF </p><p>$33.28</p><a href="https://www.amazon.com/dp/B08PDT69XS?tag=eloabder-20&linkCode=osi&th=1&psc=1">View Product</a></div><div class="product"><a href="https://www.amazon.com/dp/B07MBY35K6?tag=eloabder-20&linkCode=osi&th=1&psc=1"><img src="https://m.media-amazon.com/images/I/41wG+631zAL._SL500_.jpg" alt="Product Image"></a><p>AZUNO Digital Tire Inflator with Pressure Gauge, 200 PSI (0.1 Res) w/LED Flashlight, Heavy Duty Air Compressor Accessories 7pcs Set, w/Lock on Air Dual Head Chuck and 90¬∞ Tire Valve</p><p> -6% 0FF </p><p>$25.99</p><a href="https://www.amazon.com/dp/B07MBY35K6?tag=eloabder-20&linkCode=osi&th=1&psc=1">View Product</a></div>
<div class="product"><a href="https://www.amazon.com/dp/B0918CSK8N?tag=eloabder-20&linkCode=osi&th=1&psc=1"><img src="https://m.media-amazon.com/images/I/51PHon751vL._SL500_.jpg" alt="Product Image"></a><p>TOOLPEAK 1/4 inch angle air die grinder with 22 pcs 2-inch roll lock sanding discs, polished color angle pneumatic die grinder, air die grinder kit</p><p> -5% 0FF </p><p>$38.57</p><a href="https://www.amazon.com/dp/B0918CSK8N?tag=eloabder-20&linkCode=osi&th=1&psc=1">View Product</a></div><div class="product"><a href="https://www.amazon.com/dp/B000VZAENC?tag=eloabder-20&linkCode=osi&th=1&psc=1"><img src="https://m.media-amazon.com/images/I/21onsePfIFL._SL500_.jpg" alt="Product Image"></a><p>Ingersoll Rand 114GQC Quick Change Air Hammer 3-Piece Chisel Set, 3500 BPM, 2-5/8" Stroke, .401 Shank</p><p> -13% 0FF </p><p>$64.99</p><a href="https://www.amazon.com/dp/B000VZAENC?tag=eloabder-20&linkCode=osi&th=1&psc=1">View Product</a></div><div class="product"><a href="https://www.amazon.com/dp/B079FCZT4N?tag=eloabder-20&linkCode=osi&th=1&psc=1"><img src="https://m.media-amazon.com/images/I/41MB8jWnISS._SL500_.jpg" alt="Product Image"></a><p>WEN 61721 18-Gauge 3/8-Inch to 2-Inch Pneumatic Brad Nailer</p><p> -38% 0FF </p><p>$27.99</p><a href="https://www.amazon.com/dp/B079FCZT4N?tag=eloabder-20&linkCode=osi&th=1&psc=1">View Product</a></div><div class="product"><a href="https://www.amazon.com/dp/B00OK3TWUW?tag=eloabder-20&linkCode=osi&th=1&psc=1"><img src="https://m.media-amazon.com/images/I/314nu+8-0xL._SL500_.jpg" alt="Product Image"></a><p>DEWALT Grinder Tool, Self-locking Touch Control, 3-Inch (DWMT70784)</p><p> -66% 0FF </p><p>$42.84</p><a href="https://www.amazon.com/dp/B00OK3TWUW?tag=eloabder-20&linkCode=osi&th=1&psc=1">View Product</a></div><div class="product"><a href="https://www.amazon.com/dp/B008JYRDEU?tag=eloabder-20&linkCode=osi&th=1&psc=1"><img src="https://m.media-amazon.com/images/I/316BGYzWEtL._SL500_.jpg" alt="Product Image"></a><p>Ingersoll Rand 301B 1/4-Inch Right-Angle Air Die Grinder</p><p> -17% 0FF </p><p>$66.55</p><a href="https://www.amazon.com/dp/B008JYRDEU?tag=eloabder-20&linkCode=osi&th=1&psc=1">View Product</a></div><div class="product"><a href="https://www.amazon.com/dp/B07MSL5X4W?tag=eloabder-20&linkCode=osi&th=1&psc=1"><img src="https://m.media-amazon.com/images/I/41Q7jIwxfQS._SL500_.jpg" alt="Product Image"></a><p>Metabo HPT Palm Nailer | Pro Preferred Brand of Pneumatic Nailers | Over-molded Rubber Grip | 360 Degree Swivel Fitting | Magnetic Nose | Ideal For Tight Spaces | 5-Year Warranty | NH90AB</p><p> -20% 0FF </p><p>$39.00</p><a href="https://www.amazon.com/dp/B07MSL5X4W?tag=eloabder-20&linkCode=osi&th=1&psc=1">View Product</a></div><div class="product"><a href="https://www.amazon.com/dp/B09XQ9Z1B9?tag=eloabder-20&linkCode=osi&th=1&psc=1"><img src="https://m.media-amazon.com/images/I/61exAD7KuDL._SL500_.jpg" alt="Product Image"></a><p>Air Cut Off Tool with 5Pcs 3-inch Die Grinder Cut-Off Wheels, Pneumatic Metal Sheet Cutting Tool, Heavy Duty Air Cutter Cut off Tool</p><p> -9% 0FF </p><p>$31.99</p><a href="https://www.amazon.com/dp/B09XQ9Z1B9?tag=eloabder-20&linkCode=osi&th=1&psc=1">View Product</a></div><div class="product"><a href="https://www.amazon.com/dp/B0CWV1M883?tag=eloabder-20&linkCode=osi&th=1&psc=1"><img src="https://m.media-amazon.com/images/I/415GvPJJSYL._SL500_.jpg" alt="Product Image"></a><p>Pneumatic Chamfering Tool Handheld, Mini Air-Powered Chamfering Machine Trimming, 45¬∞ Arc Corner with 1/4 Inch Air Inlet for Metal Wood Beveling Deburring (C&R Angle Blades)</p><p> -7% 0FF </p><p>$51.99</p><a href="https://www.amazon.com/dp/B0CWV1M883?tag=eloabder-20&linkCode=osi&th=1&psc=1">View Product</a></div>
<div class="product"><a href="https://www.amazon.com/dp/B0BZNPPBBN?tag=eloabder-20&linkCode=osi&th=1&psc=1"><img src="https://m.media-amazon.com/images/I/51U1TjcJAVL._SL500_.jpg" alt="Product Image"></a><p>6 Pack Hydraulic Seal Installation Tools, Hydraulic Cylinder Piston Repair Rebuild Seal Kit, U-Cup Rod Seal Installation Tool Kits Upgraded Super Strong Seal Twistor Install Tool Set</p><p> -5% 0FF </p><p>$38.99</p><a href="https://www.amazon.com/dp/B0BZNPPBBN?tag=eloabder-20&linkCode=osi&th=1&psc=1">View Product</a></div>
<div class="product"><a href="https://www.amazon.com/dp/B008ASBLJI?tag=eloabder-20&linkCode=osi&th=1&psc=1"><img src="https://m.media-amazon.com/images/I/4191b6i6byL._SL500_.jpg" alt="Product Image"></a><p>Forearm Forklift 2-Person Lifting and Moving Straps; Lift, Move and Carry Furniture, Appliances, Mattresses or Any Item up to 800 lbs. Safely and Easily Like a Pro, Orange</p><p> -33% 0FF </p><p>$19.99</p><a href="https://www.amazon.com/dp/B008ASBLJI?tag=eloabder-20&linkCode=osi&th=1&psc=1">View Product</a></div><div class="product"><a href="https://www.amazon.com/dp/B01G6C1R8O?tag=eloabder-20&linkCode=osi&th=1&psc=1"><img src="https://m.media-amazon.com/images/I/41BBAL4ekvS._SL500_.jpg" alt="Product Image"></a><p>Gymreapers Knee Sleeves (1 Pair) With Gym Bag - IPF Approved - Knee Sleeve & Compression Brace for Squats, Fitness, Weightlifting, and Powerlifting 7MM Sleeve Pair - For Men & Women (Large)</p><p> -14% 0FF </p><p>$59.99</p><a href="https://www.amazon.com/dp/B01G6C1R8O?tag=eloabder-20&linkCode=osi&th=1&psc=1">View Product</a></div><div class="product"><a href="https://www.amazon.com/dp/B0CB8NRQNJ?tag=eloabder-20&linkCode=osi&th=1&psc=1"><img src="https://m.media-amazon.com/images/I/41TGm-OVXtL._SL500_.jpg" alt="Product Image"></a><p>HOLKIE Retractable Casters Heavy Duty Casters with Lifting and Lowering Function Maximum Load of 700 lbs (4 casters) for Workbenches or Other Equipment</p><p> -13% 0FF </p><p>$25.99 ($6.50 / Count)</p><a href="https://www.amazon.com/dp/B0CB8NRQNJ?tag=eloabder-20&linkCode=osi&th=1&psc=1">View Product</a></div>
<div class="product"><a href="https://www.amazon.com/dp/B08669YYV7?tag=eloabder-20&linkCode=osi&th=1&psc=1"><img src="https://m.media-amazon.com/images/I/51UV5G4XfgL._SL500_.jpg" alt="Product Image"></a><p>RoMech 660lb Digital Hanging Scale with Cast Aluminum Case, Handheld 300Kg Mini Crane Scale with Hooks for Farm Hunting Fishing Outdoor (Orange)</p><p> -25% 0FF </p><p>$29.99</p><a href="https://www.amazon.com/dp/B08669YYV7?tag=eloabder-20&linkCode=osi&th=1&psc=1">View Product</a></div><div class="product"><a href="https://www.amazon.com/dp/B0CMHX7Q2X?tag=eloabder-20&linkCode=osi&th=1&psc=1"><img src="https://m.media-amazon.com/images/I/31NOuexL2YL._SL500_.jpg" alt="Product Image"></a><p>VEVOR Crane Scale, Hanging Scale Industrial Heavy Duty, Digital Crane Scale with Remote Control, Cast Aluminum Case & LED Screen, 2200 lbs/1000 kg,High Precision for Construction, Factory, Farm</p><p> -10% 0FF </p><p>$66.59</p><a href="https://www.amazon.com/dp/B0CMHX7Q2X?tag=eloabder-20&linkCode=osi&th=1&psc=1">View Product</a></div>
<div class="product"><a href="https://www.amazon.com/dp/B0CQCDVKJ1?tag=eloabder-20&linkCode=osi&th=1&psc=1"><img src="https://m.media-amazon.com/images/I/41GQHYTm0VL._SL500_.jpg" alt="Product Image"></a><p>VEVOR 2-in-1 Electric Hoist Winch, 1100 lbs Lift Capacity, 1500W Portable Power Winch Crane, 22.9 ft Lifting Height, 13 ft/min with Wired Remote Control, for Garage, Warehouse, Factory Lifting Towing</p><p> -17% 0FF </p><p>$107.99</p><a href="https://www.amazon.com/dp/B0CQCDVKJ1?tag=eloabder-20&linkCode=osi&th=1&psc=1">View Product</a></div><div class="product"><a href="https://www.amazon.com/dp/B0CT2LSGSD?tag=eloabder-20&linkCode=osi&th=1&psc=1"><img src="https://m.media-amazon.com/images/I/41-pWD30jmL._SL500_.jpg" alt="Product Image"></a><p>3 in 1 Electric Hoist Winch,2200LBS Wired and Wireless Remote Control,110/120V-Portable Power Electric Hoist,41ft Lifting Garage Lift Hoist& Pure Copper Motor,forGarage,Factories,Warehouses,Verandahs</p><p> -6% 0FF </p><p>$146.56</p><a href="https://www.amazon.com/dp/B0CT2LSGSD?tag=eloabder-20&linkCode=osi&th=1&psc=1">View Product</a></div><div class="product"><a href="https://www.amazon.com/dp/B09TW27PBZ?tag=eloabder-20&linkCode=osi&th=1&psc=1"><img src="https://m.media-amazon.com/images/I/411FSmkLWEL._SL500_.jpg" alt="Product Image"></a><p>VEVOR Electric Hoist, 440LBS Attic Hoist, Ladder Hoist, 110V Electric Hoist with 14ft Remote Control & Single/Double Slings for Lifting in Factories, Warehouses, Construction Site, Attic</p><p> -15% 0FF </p><p>$82.44</p><a href="https://www.amazon.com/dp/B09TW27PBZ?tag=eloabder-20&linkCode=osi&th=1&psc=1">View Product</a></div><div class="product"><a href="https://www.amazon.com/dp/B0C4DSHF17?tag=eloabder-20&linkCode=osi&th=1&psc=1"><img src="https://m.media-amazon.com/images/I/51EnChC+cEL._SL500_.jpg" alt="Product Image"></a><p>VEVOR 1320lbs Electric Hoist with Wireless Remote Control,110v Electric Hoist with Remote Control, 40ft/20ft Lifting Height & Pure Copper Motor, for Garage Warehouse Factory</p><p> -12% 0FF </p><p>$112.49</p><a href="https://www.amazon.com/dp/B0C4DSHF17?tag=eloabder-20&linkCode=osi&th=1&psc=1">View Product</a></div>
<div class="product"><a href="https://www.amazon.com/dp/B08GQ9VXKK?tag=eloabder-20&linkCode=osi&th=1&psc=1"><img src="https://m.media-amazon.com/images/I/51D47aU7KVL._SL500_.jpg" alt="Product Image"></a><p>Sidasu Forklift Safety Cage 36x36 Inches Forklift Work Platform 1200LBS Capacity with 4 Wheels Aerial Platform Collapsible Lift Basket Aerial Rails for Lifting Loader</p><p> -11% 0FF </p><p>$159.99</p><a href="https://www.amazon.com/dp/B08GQ9VXKK?tag=eloabder-20&linkCode=osi&th=1&psc=1">View Product</a></div><div class="product"><a href="https://www.amazon.com/dp/B0CRYQTYPQ?tag=eloabder-20&linkCode=osi&th=1&psc=1"><img src="https://m.media-amazon.com/images/I/51wrhc6U5NL._SL500_.jpg" alt="Product Image"></a><p>Santiano Forklift Cover,All-Weather Use, Multi-Functional, No Disassembly, Waterproof, Dustproof, Wind & Snow Protection,600D Oxford&EVA Eco-Friendly Material - Work Year-Round!Up to 6000 Lbs</p><p> -10% 0FF </p><p>$89.99</p><a href="https://www.amazon.com/dp/B0CRYQTYPQ?tag=eloabder-20&linkCode=osi&th=1&psc=1">View Product</a></div>
<div class="product"><a href="https://www.amazon.com/dp/B0D3LGSK5H?tag=eloabder-20&linkCode=osi&th=1&psc=1"><img src="https://m.media-amazon.com/images/I/41Stu0GX-WL._SL500_.jpg" alt="Product Image"></a><p>VEVOR Belt Conveyor, 47 x 7.8 inch Conveyor Table, Heavy Duty Stainless Steel Motorized Belt Conveyor for Inkjet Coding Applications Powered PVC Belt Anti-Static Adjustable Speed (Double Guardrail)</p><p> -30% 0FF </p><p>$168.99</p><a href="https://www.amazon.com/dp/B0D3LGSK5H?tag=eloabder-20&linkCode=osi&th=1&psc=1">View Product</a></div><div class="product"><a href="https://www.amazon.com/dp/B0D7Q3GX1Q?tag=eloabder-20&linkCode=osi&th=1&psc=1"><img src="https://m.media-amazon.com/images/I/41FysGv+h2L._SL500_.jpg" alt="Product Image"></a><p>biosp Adjustable Conveyor Roller Stand with Wheels, Conveyor System Table Height Adjusts between 23'' and 36'', Infeed/Outfeed Support Expandable Gravity Conveyor Belt 300 lbs Load Weight Capacity</p><p> -27% 0FF </p><p>$134.99</p><a href="https://www.amazon.com/dp/B0D7Q3GX1Q?tag=eloabder-20&linkCode=osi&th=1&psc=1">View Product</a></div>
<div class="product"><a href="https://www.amazon.com/dp/B085X1KRSY?tag=eloabder-20&linkCode=osi&th=1&psc=1"><img src="https://m.media-amazon.com/images/I/31zzyc8v40L._SL500_.jpg" alt="Product Image"></a><p>Rhino Cart All Terrain Mover - All Terrain Moving Dolly for Heavy Appliance, Furniture, and Building Material Handling with 2,000lb Load Rating</p><p> -11% 0FF </p><p>$141.86</p><a href="https://www.amazon.com/dp/B085X1KRSY?tag=eloabder-20&linkCode=osi&th=1&psc=1">View Product</a></div><div class="product"><a href="https://www.amazon.com/dp/B097K7JG56?tag=eloabder-20&linkCode=osi&th=1&psc=1"><img src="https://m.media-amazon.com/images/I/51L7oLmBU6L._SL500_.jpg" alt="Product Image"></a><p>XClifes Labor-Saving Handle 2 Pack, 12 in Construction Jack, Wall Tile Locator, Multi-Function Height Adjustment Lifting Device, Door Panel Lifting Cabinet Jack, Raised by 6.69 in,Dynamic Load 450 LB</p><p> -70% 0FF </p><p>$41.99</p><a href="https://www.amazon.com/dp/B097K7JG56?tag=eloabder-20&linkCode=osi&th=1&psc=1">View Product</a></div>
<div class="product"><a href="https://www.amazon.com/dp/B0C73SXNLS?tag=eloabder-20&linkCode=osi&th=1&psc=1"><img src="https://m.media-amazon.com/images/I/51wYIKHX3sL._SL500_.jpg" alt="Product Image"></a><p>Space Saving Hangers, 10PCS Magic Hangers, 5 Holes Sturdy Plastic Hanger Clothes Organizer, Closet Organizers and Storage, Space Saver Hangers Organization, College Dorm Room Essentials (Gray)</p><p> -60% 0FF </p><p>$7.97</p><a href="https://www.amazon.com/dp/B0C73SXNLS?tag=eloabder-20&linkCode=osi&th=1&psc=1">View Product</a></div><div class="product"><a href="https://www.amazon.com/dp/B0BS3JQFBN?tag=eloabder-20&linkCode=osi&th=1&psc=1"><img src="https://m.media-amazon.com/images/I/51B12NhX-VL._SL500_.jpg" alt="Product Image"></a><p>HUITEM Space Saving 6 Tier Pant Hangers, Anti-Slip, Stainless Steel, 2 Pack, Black</p><p> -37% 0FF </p><p>$16.99 ($8.50 / Count)</p><a href="https://www.amazon.com/dp/B0BS3JQFBN?tag=eloabder-20&linkCode=osi&th=1&psc=1">View Product</a></div><div class="product"><a href="https://www.amazon.com/dp/B091KFT7WN?tag=eloabder-20&linkCode=osi&th=1&psc=1"><img src="https://m.media-amazon.com/images/I/415blLO8QrS._SL500_.jpg" alt="Product Image"></a><p>Magic Pants Hangers Space Saving - 2 Pack for Closet Multiple Layers Multifunctional Uses Rack Organizer for Trousers Scarves Slack (2 Pack with 10 Metal Clips)</p><p> -32% 0FF </p><p>$17.59 ($8.80 / Count)</p><a href="https://www.amazon.com/dp/B091KFT7WN?tag=eloabder-20&linkCode=osi&th=1&psc=1">View Product</a></div><div class="product"><a href="https://www.amazon.com/dp/B0CX56DY6R?tag=eloabder-20&linkCode=osi&th=1&psc=1"><img src="https://m.media-amazon.com/images/I/41lm5CT5cBL._SL500_.jpg" alt="Product Image"></a><p>ZEDODIER Tank Top Hanger, Rotatable Bra Organzier for Closet, Max 24 Storage Capacity Sport Bra Holder, Metal Space Saving Closet Organizers and Storage, Silver</p><p> -20% 0FF </p><p>$7.99</p><a href="https://www.amazon.com/dp/B0CX56DY6R?tag=eloabder-20&linkCode=osi&th=1&psc=1">View Product</a></div><div class="product"><a href="https://www.amazon.com/dp/B0CPPHDVDJ?tag=eloabder-20&linkCode=osi&th=1&psc=1"><img src="https://m.media-amazon.com/images/I/51sbXFj+BoL._SL500_.jpg" alt="Product Image"></a><p>2 Pack Closet-Organizers-and-Storage,6 Tier Mens-Shorts Pants-Hangers-Space-Saving,Skirt-Hangers with Clips for Closet Organizer,College-Dorm-Room-Essentials,Closet Storage Jean Yoga Legging Hanger</p><p> -8% 0FF </p><p>$11.99</p><a href="https://www.amazon.com/dp/B0CPPHDVDJ?tag=eloabder-20&linkCode=osi&th=1&psc=1">View Product</a></div>
<div class="product"><a href="https://www.amazon.com/dp/B0B7KTX5LC?tag=eloabder-20&linkCode=osi&th=1&psc=1"><img src="https://m.media-amazon.com/images/I/51JTXlpt4rL._SL500_.jpg" alt="Product Image"></a><p>Bezuny 72" H|36" W All-Metal Garage Shelving Unit and Storage-Easy Assembly Shelves 5-Tier Rack|Heavy-Duty Adjustable Shelf|Steel Waterproof Rust-Resistant Shelves for Industrial,Warehouse,Basement</p><p> -30% 0FF </p><p>$69.99</p><a href="https://www.amazon.com/dp/B0B7KTX5LC?tag=eloabder-20&linkCode=osi&th=1&psc=1">View Product</a></div><div class="product"><a href="https://www.amazon.com/dp/B0B5S3PH6P?tag=eloabder-20&linkCode=osi&th=1&psc=1"><img src="https://m.media-amazon.com/images/I/51jO-STn4XL._SL500_.jpg" alt="Product Image"></a><p>REIBII Garage Shelving, 72" Garage Storage Shelves Heavy Duty Shelving Units and Storage Loads 2500LBS, Adjustable 5 Tier Metal Shelving for Garage Shelves, Utility Shelf Rack, 72" H*35.5" W*16" D</p><p> -20% 0FF </p><p>$79.85</p><a href="https://www.amazon.com/dp/B0B5S3PH6P?tag=eloabder-20&linkCode=osi&th=1&psc=1">View Product</a></div><div class="product"><a href="https://www.amazon.com/dp/B0B6BDKTLB?tag=eloabder-20&linkCode=osi&th=1&psc=1"><img src="https://m.media-amazon.com/images/I/51ku-TmYb3L._SL500_.jpg" alt="Product Image"></a><p>REIBII 36" W x 16" D x 72" H Garage Shelving 2500LBS Capacity Adjustable 5-Tier Heavy Duty Metal Shelving Rack Shelf for Garage,Shed, Pantry, Basement,2 Pack</p><p> -40% 0FF </p><p>$117.99</p><a href="https://www.amazon.com/dp/B0B6BDKTLB?tag=eloabder-20&linkCode=osi&th=1&psc=1">View Product</a></div>
<div class="product"><a href="https://www.amazon.com/dp/B0BV5K3K6V?tag=eloabder-20&linkCode=osi&th=1&psc=1"><img src="https://m.media-amazon.com/images/I/41lZ9MOqYgL._SL500_.jpg" alt="Product Image"></a><p>Pro-Lift Garage Storage Shelves - Heavy Duty 4-Tier Adjustable Metal Wire Shelving Units with 8000 lbs Total Capacity for Garage Basement Racking Organization - 72" H X 77" W X 24" D</p><p> -10% 0FF </p><p>$404.99</p><a href="https://www.amazon.com/dp/B0BV5K3K6V?tag=eloabder-20&linkCode=osi&th=1&psc=1">View Product</a></div><div class="product"><a href="https://www.amazon.com/dp/B0BV6P81V5?tag=eloabder-20&linkCode=osi&th=1&psc=1"><img src="https://m.media-amazon.com/images/I/41cJ52D8IXL._SL500_.jpg" alt="Product Image"></a><p>Pro-LifT Garage Storage Shelves - Heavy Duty 3-Tier Adjustable Metal Wire Shelving Units with 3000 lbs Total Capacity for Garage Basement Racking Organization - 48" H X 48" W X 24" D</p><p> -10% 0FF </p><p>$269.99</p><a href="https://www.amazon.com/dp/B0BV6P81V5?tag=eloabder-20&linkCode=osi&th=1&psc=1">View Product</a></div><div class="product"><a href="https://www.amazon.com/dp/B099RT478T?tag=eloabder-20&linkCode=osi&th=1&psc=1"><img src="https://m.media-amazon.com/images/I/51qH610h91L._SL500_.jpg" alt="Product Image"></a><p>FLEXIMOUNTS Garage Shelving, 3-Tier Heavy Duty Adjustable Shelf, 4650 lbs Weight Capacity Storage Rack, 4 Feet Tall Industrial Metal Shelving</p><p> -20% 0FF </p><p>$159.99</p><a href="https://www.amazon.com/dp/B099RT478T?tag=eloabder-20&linkCode=osi&th=1&psc=1">View Product</a></div><div class="product"><a href="https://www.amazon.com/dp/B0BVB3KSF8?tag=eloabder-20&linkCode=osi&th=1&psc=1"><img src="https://m.media-amazon.com/images/I/41OiNKSrE9L._SL500_.jpg" alt="Product Image"></a><p>Pro-LifT Garage Storage Shelves - Heavy Duty 5-Tier Adjustable Metal Wire Shelving Units with 4000 lbs Total Capacity for Garage Basement Racking Organization - 72" H X 48" W X 18" D</p><p> -21% 0FF </p><p>$172.90</p><a href="https://www.amazon.com/dp/B0BVB3KSF8?tag=eloabder-20&linkCode=osi&th=1&psc=1">View Product</a></div><div class="product"><a href="https://www.amazon.com/dp/B00EZEN2KW?tag=eloabder-20&linkCode=osi&th=1&psc=1"><img src="https://m.media-amazon.com/images/I/41NZ6KW-NBL._SL500_.jpg" alt="Product Image"></a><p>BestOffice 18x48x72 Storage Shelves Commercial Heavy Duty Metal Shelves Garage Organizer Wire Rack Shelving Storage Unit Shelf Adjustable Utility 6000 LBS Capacity,Chrome</p><p> -32% 0FF </p><p>$88.99</p><a href="https://www.amazon.com/dp/B00EZEN2KW?tag=eloabder-20&linkCode=osi&th=1&psc=1">View Product</a></div>
<div class="product"><a href="https://www.amazon.com/dp/B0052PPNQO?tag=eloabder-20&linkCode=osi&th=1&psc=1"><img src="https://m.media-amazon.com/images/I/41wsX9EmOEL._SL500_.jpg" alt="Product Image"></a><p>Vestil PLP2-4840-GREEN Polyethylene Pallet with 4 Way Entry 8000 lbs Capacity 40 In Length 48 In Width 6 In Height</p><p> -11% 0FF </p><p>$178.00</p><a href="https://www.amazon.com/dp/B0052PPNQO?tag=eloabder-20&linkCode=osi&th=1&psc=1">View Product</a></div>
<div class="product"><a href="https://www.amazon.com/dp/B0D3HYC8H1?tag=eloabder-20&linkCode=osi&th=1&psc=1"><img src="https://m.media-amazon.com/images/I/51g1Q8n8fvL._SL500_.jpg" alt="Product Image"></a><p>Dealusy 50 Pack (100-Piece) 24 oz Meal Prep Containers Reusable with Lids, Sturdy Leakproof & Food Safe, Microwave, Freezer, Dishwasher Safe Food Prep Containers, To Go Take Out Plastic Food Storage</p><p> -38% 0FF </p><p>$19.99 ($0.40 / Count)</p><a href="https://www.amazon.com/dp/B0D3HYC8H1?tag=eloabder-20&linkCode=osi&th=1&psc=1">View Product</a></div><div class="product"><a href="https://www.amazon.com/dp/B0BJ8DLPZ2?tag=eloabder-20&linkCode=osi&th=1&psc=1"><img src="https://m.media-amazon.com/images/I/51uDVTFjr8L._SL500_.jpg" alt="Product Image"></a><p>Axe Sickle 200 Count Clear Plastic Hinged Take Out Containers Clamshell Takeout Tray Food Clamshell Containers Outside Diameter 5.3 x 4.7 inch for Dessert, Snacksetc, Cakes, Cookies, Salads</p><p> -8% 0FF </p><p>$23.99 ($0.12 / Count)</p><a href="https://www.amazon.com/dp/B0BJ8DLPZ2?tag=eloabder-20&linkCode=osi&th=1&psc=1">View Product</a></div>
<div class="product"><a href="https://www.amazon.com/dp/B01A12J3GI?tag=eloabder-20&linkCode=osi&th=1&psc=1"><img src="https://m.media-amazon.com/images/I/51OnLlU2IyL._SL500_.jpg" alt="Product Image"></a><p>DEWALT DPG82-11 Concealer Clear Anti-Fog Dual Mold Safety Goggle, Clear Lens, 1 Pair</p><p> -6% 0FF </p><p>$12.24</p><a href="https://www.amazon.com/dp/B01A12J3GI?tag=eloabder-20&linkCode=osi&th=1&psc=1">View Product</a></div><div class="product"><a href="https://www.amazon.com/dp/B0BGSFQJF6?tag=eloabder-20&linkCode=osi&th=1&psc=1"><img src="https://m.media-amazon.com/images/I/510nceKxovL._SL500_.jpg" alt="Product Image"></a><p>TICONN 12 Clear Safety Glasses for Men, Safety Goggles with Scratch Impact Resistant Meets ANSI Z87.1 Standard (12 Pack)</p><p> -13% 0FF </p><p>$12.99</p><a href="https://www.amazon.com/dp/B0BGSFQJF6?tag=eloabder-20&linkCode=osi&th=1&psc=1">View Product</a></div>
<div class="product"><a href="https://www.amazon.com/dp/B093FJWP7J?tag=eloabder-20&linkCode=osi&th=1&psc=1"><img src="https://m.media-amazon.com/images/I/51YRhBJ7CiL._SL500_.jpg" alt="Product Image"></a><p>Personal Protective Equipment (PPE) Isolation Door Caddy, Nylon Oxford NFPA-701 Large Scale Flame Retardant Coating 18.5 X 31 Inch, Included 2 Hooks - Royal Blue (with Back Pockets)</p><p> -13% 0FF </p><p>$84.97</p><a href="https://www.amazon.com/dp/B093FJWP7J?tag=eloabder-20&linkCode=osi&th=1&psc=1">View Product</a></div>
<div class="product"><a href="https://www.amazon.com/dp/B01AWK1XAS?tag=eloabder-20&linkCode=osi&th=1&psc=1"><img src="https://m.media-amazon.com/images/I/41Oax+1e+4L._SL500_.jpg" alt="Product Image"></a><p>NoCry Clear Safety Glasses for Men and Women with Anti-Fog and Scratch Resistant Wrap Around Lenses, Adjustable Temples and Nose Pads ‚Äî Certified ANSI Z87 Safety Glasses ‚Äî 100% UV Protective Eyewear</p><p> -18% 0FF </p><p>$13.99</p><a href="https://www.amazon.com/dp/B01AWK1XAS?tag=eloabder-20&linkCode=osi&th=1&psc=1">View Product</a></div><div class="product"><a href="https://www.amazon.com/dp/B0BNHKWR6W?tag=eloabder-20&linkCode=osi&th=1&psc=1"><img src="https://m.media-amazon.com/images/I/41yahLzQNGL._SL500_.jpg" alt="Product Image"></a><p>HPYNPES Safety GlassesClear Anti-Fog Goggles Over-Spec Glasses Protective Eye Wear Industrial Approved Wide-VisionÔºà4 PACKÔºâ</p><p> -50% 0FF </p><p>$9.99</p><a href="https://www.amazon.com/dp/B0BNHKWR6W?tag=eloabder-20&linkCode=osi&th=1&psc=1">View Product</a></div><div class="product"><a href="https://www.amazon.com/dp/B08S35C88L?tag=eloabder-20&linkCode=osi&th=1&psc=1"><img src="https://m.media-amazon.com/images/I/31X6+YNSuzS._SL500_.jpg" alt="Product Image"></a><p>SolidWork Safety Glasses Clear Lens with Side Shields, Anti Fog, Anti Scratch, Anti-Glare, Protective Eyewear for Men & Women</p><p> -15% 0FF </p><p>$16.99</p><a href="https://www.amazon.com/dp/B08S35C88L?tag=eloabder-20&linkCode=osi&th=1&psc=1">View Product</a></div><div class="product"><a href="https://www.amazon.com/dp/B016KZ2APQ?tag=eloabder-20&linkCode=osi&th=1&psc=1"><img src="https://m.media-amazon.com/images/I/311+k1qPWOL._SL500_.jpg" alt="Product Image"></a><p>3M Safety Glasses Solus 1000 Series ANSI Z87 Scotchgard Anti-Fog Clear Lens Low Profile Blue/Black Frame</p><p> -12% 0FF </p><p>$15.86</p><a href="https://www.amazon.com/dp/B016KZ2APQ?tag=eloabder-20&linkCode=osi&th=1&psc=1">View Product</a></div>
<div class="product"><a href="https://www.amazon.com/dp/B001FPCUHA?tag=eloabder-20&linkCode=osi&th=1&psc=1"><img src="https://m.media-amazon.com/images/I/31F0QDXn4KL._SL500_.jpg" alt="Product Image"></a><p>Flents Foam Ear Plugs, 10 Pair with Case for Sleeping, Snoring, Loud Noise, Traveling, Concerts, Construction, & Studying, NRR 33, Purple, Made in the USA,10 Count (Pack of 1)</p><p> -51% 0FF </p><p>$3.46 ($0.35 / Count)</p><a href="https://www.amazon.com/dp/B001FPCUHA?tag=eloabder-20&linkCode=osi&th=1&psc=1">View Product</a></div><div class="product"><a href="https://www.amazon.com/dp/B004CZYJLA?tag=eloabder-20&linkCode=osi&th=1&psc=1"><img src="https://m.media-amazon.com/images/I/31N8m8qA-yL._SL500_.jpg" alt="Product Image"></a><p>Flents Foam Ear Plugs, 10 Pair with Case for Sleeping, Snoring, Loud Noise, Traveling, Concerts, Construction, & Studying, NRR 33, Green, Made in the USA</p><p> -39% 0FF </p><p>$4.26 ($0.43 / Count)</p><a href="https://www.amazon.com/dp/B004CZYJLA?tag=eloabder-20&linkCode=osi&th=1&psc=1">View Product</a></div><div class="product"><a href="https://www.amazon.com/dp/B0DCZBPB4B?tag=eloabder-20&linkCode=osi&th=1&psc=1"><img src="https://m.media-amazon.com/images/I/41YdD7Ib+fL._SL500_.jpg" alt="Product Image"></a><p>Ear plugs for Sleeping 45dB Noise Cancelling Ear plugs for Concert, Work, Travel, Focus & Noise Sensitivity Silicone Hearing Protection Earplugs with 8 Ear Tips Reusable Noise Reduction Ear plug Black</p><p> -33% 0FF </p><p>$19.99</p><a href="https://www.amazon.com/dp/B0DCZBPB4B?tag=eloabder-20&linkCode=osi&th=1&psc=1">View Product</a></div><div class="product"><a href="https://www.amazon.com/dp/B085VNX9RT?tag=eloabder-20&linkCode=osi&th=1&psc=1"><img src="https://m.media-amazon.com/images/I/51-GbKB7ecL._SL500_.jpg" alt="Product Image"></a><p>Ear Plugs for Sleeping,16 Pairs Noise Canceling Soft Reusable Silicone Earplugs Waterproof Noise Reduction Earplugs for Concert,Swimming,Study,Loud Noise,Snoring</p><p> -34% 0FF </p><p>$8.59</p><a href="https://www.amazon.com/dp/B085VNX9RT?tag=eloabder-20&linkCode=osi&th=1&psc=1">View Product</a></div><div class="product"><a href="https://www.amazon.com/dp/B07G1MWHNR?tag=eloabder-20&linkCode=osi&th=1&psc=1"><img src="https://m.media-amazon.com/images/I/51xb3+YIUzL._SL500_.jpg" alt="Product Image"></a><p>Mack's Pillow Soft Silicone Earplugs, 12 Pair ‚Äì The Original Moldable Silicone Putty Ear Plugs for Sleeping, Snoring, Swimming, Travel, Concerts and Studying | Made in USA</p><p> -15% 0FF </p><p>$10.98 ($0.92 / Count)</p><a href="https://www.amazon.com/dp/B07G1MWHNR?tag=eloabder-20&linkCode=osi&th=1&psc=1">View Product</a></div><div class="product"><a href="https://www.amazon.com/dp/B0C852XHM7?tag=eloabder-20&linkCode=osi&th=1&psc=1"><img src="https://m.media-amazon.com/images/I/41cVUZQHT1L._SL500_.jpg" alt="Product Image"></a><p>Lenicany 30Pair Soft Foam EarPlugs, 32dB Disposable Sound Blocking Noise Cancelling Ear Plugs for Sleeping/Concerts Loud Music/Shooting Guns/Work Construction, Hearing Safety Protection (Blue)</p><p> -10% 0FF </p><p>$5.39 ($0.18 / Count)</p><a href="https://www.amazon.com/dp/B0C852XHM7?tag=eloabder-20&linkCode=osi&th=1&psc=1">View Product</a></div>
<div class="product"><a href="https://www.amazon.com/dp/B007JZ1N00?tag=eloabder-20&linkCode=osi&th=1&psc=1"><img src="https://m.media-amazon.com/images/I/41xRp2ZPBML._SL500_.jpg" alt="Product Image"></a><p>3M Half Facepiece Reusable Respirator 6200, NIOSH, Four-Point Harness, Comfortable Fit, Dual Airline Supplied Air Compatible, Bayonet Connections, Painting, Sanding, Cleaning, Medium</p><p> -28% 0FF </p><p>$14.75</p><a href="https://www.amazon.com/dp/B007JZ1N00?tag=eloabder-20&linkCode=osi&th=1&psc=1">View Product</a></div><div class="product"><a href="https://www.amazon.com/dp/B00004Z4EB?tag=eloabder-20&linkCode=osi&th=1&psc=1"><img src="https://m.media-amazon.com/images/I/51AYNvsO9wL._SL500_.jpg" alt="Product Image"></a><p>3M P95/OV Paint Project Reusable Respirator 6211, Medium Size, NIOSH-APPROVED Organic Vapor Cartridge & P95 Rated Filters, Lightweight, Flexible, Thermoplastic Faceseal For Comfort (6211P1-DC)</p><p> -14% 0FF </p><p>$34.20</p><a href="https://www.amazon.com/dp/B00004Z4EB?tag=eloabder-20&linkCode=osi&th=1&psc=1">View Product</a></div><div class="product"><a href="https://www.amazon.com/dp/B00IF7RCU6?tag=eloabder-20&linkCode=osi&th=1&psc=1"><img src="https://m.media-amazon.com/images/I/41AYgABL6KL._SL500_.jpg" alt="Product Image"></a><p>3M Rugged Comfort Quick Latch Half Facepiece Reusable Respirator 6503QL, NIOSH, Cool Flow Exhalation Valve, Bayonet Connection, Silicone Face Seal, for Gases, Vapors, Dust, Maintenance, Construction,L</p><p> -23% 0FF </p><p>$28.11</p><a href="https://www.amazon.com/dp/B00IF7RCU6?tag=eloabder-20&linkCode=osi&th=1&psc=1">View Product</a></div><div class="product"><a href="https://www.amazon.com/dp/B087FCW79Y?tag=eloabder-20&linkCode=osi&th=1&psc=1"><img src="https://m.media-amazon.com/images/I/41C6rOloEmL._SL500_.jpg" alt="Product Image"></a><p>RANKSING Reusable Respirator Gas Mask Half Facepiece Shield 6200 Face Cover with Filters for Dust, Fumes, Asbestos, Chemicals and Other Airborne Particles while Painting, Spraying, Polishing and More</p><p> -40% 0FF </p><p>$17.99</p><a href="https://www.amazon.com/dp/B087FCW79Y?tag=eloabder-20&linkCode=osi&th=1&psc=1">View Product</a></div><div class="product"><a href="https://www.amazon.com/dp/B007JZ1LG6?tag=eloabder-20&linkCode=osi&th=1&psc=1"><img src="https://m.media-amazon.com/images/I/41PsiHhcy1L._SL500_.jpg" alt="Product Image"></a><p>3M Full Facepiece Reusable Respirator 6800, NIOSH, Large Lens, ANSI High Impact Eye Protection, Silicone Face Seal, Four-Point Harness, Comfortable Fit, Painting, Dust, Chemicals, Medium</p><p> -56% 0FF </p><p>$93.00</p><a href="https://www.amazon.com/dp/B007JZ1LG6?tag=eloabder-20&linkCode=osi&th=1&psc=1">View Product</a></div>
<div class="product"><a href="https://www.amazon.com/dp/B08SYM9K52?tag=eloabder-20&linkCode=osi&th=1&psc=1"><img src="https://m.media-amazon.com/images/I/41bReMzs8sL._SL500_.jpg" alt="Product Image"></a><p>Klein Tools 60347 Hard Hat, Vented Full Brim, Class C, Premium KARBN Pattern, Rechargeable Lamp, Padded Sweat-Wicking Sweatband, Top Pad</p><p> -32% 0FF </p><p>$79.99</p><a href="https://www.amazon.com/dp/B08SYM9K52?tag=eloabder-20&linkCode=osi&th=1&psc=1">View Product</a></div><div class="product"><a href="https://www.amazon.com/dp/B07FQTCYTW?tag=eloabder-20&linkCode=osi&th=1&psc=1"><img src="https://m.media-amazon.com/images/I/41xEGl20DeL._SL500_.jpg" alt="Product Image"></a><p>Pyramex HP24110 Full Brim Hard Hat 4 Point Ratchet Suspension - White, 12 Count</p><p> -6% 0FF </p><p>$109.53</p><a href="https://www.amazon.com/dp/B07FQTCYTW?tag=eloabder-20&linkCode=osi&th=1&psc=1">View Product</a></div><div class="product"><a href="https://www.amazon.com/dp/B07L6QMYGG?tag=eloabder-20&linkCode=osi&th=1&psc=1"><img src="https://m.media-amazon.com/images/I/31xNCnPSZXL._SL500_.jpg" alt="Product Image"></a><p>Pyramex Ridgeline Full Brim Hard Hat 4 Point Ratchet Vented Matte Black Graphite Pattern</p><p> -15% 0FF </p><p>$28.00</p><a href="https://www.amazon.com/dp/B07L6QMYGG?tag=eloabder-20&linkCode=osi&th=1&psc=1">View Product</a></div><div class="product"><a href="https://www.amazon.com/dp/B078B9QD55?tag=eloabder-20&linkCode=osi&th=1&psc=1"><img src="https://m.media-amazon.com/images/I/41zmuOz7-DL._SL500_.jpg" alt="Product Image"></a><p>Pyramex Ridgeline Cap Style Hard Hat 4 Point Ratchet Vented Matte Black Graphite Pattern</p><p> -21% 0FF </p><p>$27.00</p><a href="https://www.amazon.com/dp/B078B9QD55?tag=eloabder-20&linkCode=osi&th=1&psc=1">View Product</a></div>
<div class="product"><a href="https://www.amazon.com/dp/B0BW9185XF?tag=eloabder-20&linkCode=osi&th=1&psc=1"><img src="https://m.media-amazon.com/images/I/51lDE-LgnFL._SL500_.jpg" alt="Product Image"></a><p>NEOTRIL Safety Work Gloves MicroFoam Nitrile Coated-3 Pairs, Seamless Knit Nylon Bulk Pack Working Gloves with Grip for Men Women Light Duty Work,Automotive,Warehouse (Gray,L)</p><p> -31% 0FF </p><p>$9.99</p><a href="https://www.amazon.com/dp/B0BW9185XF?tag=eloabder-20&linkCode=osi&th=1&psc=1">View Product</a></div><div class="product"><a href="https://www.amazon.com/dp/B00004XOH8?tag=eloabder-20&linkCode=osi&th=1&psc=1"><img src="https://m.media-amazon.com/images/I/41vrr-XI8HL._SL500_.jpg" alt="Product Image"></a><p>Ironclad General Utility Work Gloves GUG, All-Purpose, Performance Fit, Durable, Machine Washable, (1 Pair), Large - GUG-04-L , Black</p><p> -34% 0FF </p><p>$14.83</p><a href="https://www.amazon.com/dp/B00004XOH8?tag=eloabder-20&linkCode=osi&th=1&psc=1">View Product</a></div><div class="product"><a href="https://www.amazon.com/dp/B0797N2YW1?tag=eloabder-20&linkCode=osi&th=1&psc=1"><img src="https://m.media-amazon.com/images/I/41JMMfokSfL._SL500_.jpg" alt="Product Image"></a><p>HANDLANDY Mens Work Gloves Touch screen, Synthetic Leather Utility Gloves, Flexible Breathable Fit- Padded Knuckles & Palm (Large)</p><p> -19% 0FF </p><p>$12.80 ($12.80 / Count)</p><a href="https://www.amazon.com/dp/B0797N2YW1?tag=eloabder-20&linkCode=osi&th=1&psc=1">View Product</a></div>
<div class="product"><a href="https://www.amazon.com/dp/B01N5L2JG7?tag=eloabder-20&linkCode=osi&th=1&psc=1"><img src="https://m.media-amazon.com/images/I/41TB3tRdI3L._SL500_.jpg" alt="Product Image"></a><p>Skechers Men's Flex Advantage Bendon Work Shoe, Black, 9</p><p> -17% 0FF </p><p>$70.83</p><a href="https://www.amazon.com/dp/B01N5L2JG7?tag=eloabder-20&linkCode=osi&th=1&psc=1">View Product</a></div><div class="product"><a href="https://www.amazon.com/dp/B00QX3UKXA?tag=eloabder-20&linkCode=osi&th=1&psc=1"><img src="https://m.media-amazon.com/images/I/41y-VMqnzVL._SL500_.jpg" alt="Product Image"></a><p>Skechers womens Sure Track Trickel-w health care and food service shoes, Black, 9 X-Wide US</p><p> -38% 0FF </p><p>$58.63</p><a href="https://www.amazon.com/dp/B00QX3UKXA?tag=eloabder-20&linkCode=osi&th=1&psc=1">View Product</a></div><div class="product"><a href="https://www.amazon.com/dp/B08XLM93P7?tag=eloabder-20&linkCode=osi&th=1&psc=1"><img src="https://m.media-amazon.com/images/I/41VlYm6BhQL._SL500_.jpg" alt="Product Image"></a><p>Shoes for Crews Everlight Mens Non Slip Work Shoes - Men's Work & Safety Footwear, Lace-Up Breathable Work Shoes for Men, Zapato de Trabajo para Hombre, Size 11.5 Black</p><p> -14% 0FF </p><p>$59.98</p><a href="https://www.amazon.com/dp/B08XLM93P7?tag=eloabder-20&linkCode=osi&th=1&psc=1">View Product</a></div><div class="product"><a href="https://www.amazon.com/dp/B01KXSD3Q6?tag=eloabder-20&linkCode=osi&th=1&psc=1"><img src="https://m.media-amazon.com/images/I/41KIVA8d16L._SL500_.jpg" alt="Product Image"></a><p>Skechers Men's Dighton Athletic Work Food Service Shoe, Black, 10.5</p><p> -19% 0FF </p><p>$40.35</p><a href="https://www.amazon.com/dp/B01KXSD3Q6?tag=eloabder-20&linkCode=osi&th=1&psc=1">View Product</a></div><div class="product"><a href="https://www.amazon.com/dp/B0CRB5HDWQ?tag=eloabder-20&linkCode=osi&th=1&psc=1"><img src="https://m.media-amazon.com/images/I/410N9FwQahL._SL500_.jpg" alt="Product Image"></a><p>Non Slip Waterproof Shoes for Men Work Slip Resistant Oil Slip On Loafers Chef Kitchen Restaurant Food Service Zapatos de Trabajo para Hombres antideslizante para cocina Black</p><p> -20% 0FF </p><p>$39.89</p><a href="https://www.amazon.com/dp/B0CRB5HDWQ?tag=eloabder-20&linkCode=osi&th=1&psc=1">View Product</a></div><div class="product"><a href="https://www.amazon.com/dp/B0777Z16G2?tag=eloabder-20&linkCode=osi&th=1&psc=1"><img src="https://m.media-amazon.com/images/I/41ZjAWKjD1L._SL500_.jpg" alt="Product Image"></a><p>Skechers Men's Nampa Food Service Shoe, Black, 14 Wide</p><p> -28% 0FF </p><p>$40.34</p><a href="https://www.amazon.com/dp/B0777Z16G2?tag=eloabder-20&linkCode=osi&th=1&psc=1">View Product</a></div>
<div class="product"><a href="https://www.amazon.com/dp/B0032U3JXA?tag=eloabder-20&linkCode=osi&th=1&psc=1"><img src="https://m.media-amazon.com/images/I/51fQWw+gCYL._SL500_.jpg" alt="Product Image"></a><p>Guardian Fall Protection 00815 BOS-T50 Bucket of Safe-Tie - 5 Gallon Bucket, 50 ft. Vertical Lifeline Assembly, 5 Temper Reusable Anchor, Safety Harness Kit, Yellow</p><p> -20% 0FF </p><p>$87.92</p><a href="https://www.amazon.com/dp/B0032U3JXA?tag=eloabder-20&linkCode=osi&th=1&psc=1">View Product</a></div><div class="product"><a href="https://www.amazon.com/dp/B004A7XV50?tag=eloabder-20&linkCode=osi&th=1&psc=1"><img src="https://m.media-amazon.com/images/I/41Cmyb7QFkL._SL500_.jpg" alt="Product Image"></a><p>Guardian Fall Protection 10785 Premium 3-Foot Cross-Arm Straps with Large and Small D-Rings</p><p> -21% 0FF </p><p>$26.13</p><a href="https://www.amazon.com/dp/B004A7XV50?tag=eloabder-20&linkCode=osi&th=1&psc=1">View Product</a></div>
<div class="product"><a href="https://www.amazon.com/dp/B00HSJCS06?tag=eloabder-20&linkCode=osi&th=1&psc=1"><img src="https://m.media-amazon.com/images/I/51FCdQhuNVL._SL500_.jpg" alt="Product Image"></a><p>Accuform Lockout Tags, Pack of 25, Bilingual Danger Do Not Operation Equipment Lock Out, US Made OSHA Compliant Tags, Tear & Water Resistant PF-Cardstock, 5.75"x 3.25", TSP105CTP</p><p> -11% 0FF </p><p>$17.86 ($0.71 / Count)</p><a href="https://www.amazon.com/dp/B00HSJCS06?tag=eloabder-20&linkCode=osi&th=1&psc=1">View Product</a></div>
<div class="product"><a href="https://www.amazon.com/dp/B0C5M773VW?tag=eloabder-20&linkCode=osi&th=1&psc=1"><img src="https://m.media-amazon.com/images/I/51uxbEonuhL._SL500_.jpg" alt="Product Image"></a><p>SecuCaptain Emergency Fire Blanket for Home and Kitchen - 2 Pack 40"x40" Flame Suppression Fiberglass Fire Blankets for House Camping Car Office Warehouse Emergency Survival Safety</p><p> -43% 0FF </p><p>$16.99</p><a href="https://www.amazon.com/dp/B0C5M773VW?tag=eloabder-20&linkCode=osi&th=1&psc=1">View Product</a></div><div class="product"><a href="https://www.amazon.com/dp/B001229JCU?tag=eloabder-20&linkCode=osi&th=1&psc=1"><img src="https://m.media-amazon.com/images/I/31W6FuKPMcL._SL500_.jpg" alt="Product Image"></a><p>First Alert EZ Fire Spray, Extinguishing Aerosol Spray, AF400 Red 18 Ounce (Pack of 1)</p><p> -55% 0FF </p><p>$12.49</p><a href="https://www.amazon.com/dp/B001229JCU?tag=eloabder-20&linkCode=osi&th=1&psc=1">View Product</a></div><div class="product"><a href="https://www.amazon.com/dp/B00002ND64?tag=eloabder-20&linkCode=osi&th=1&psc=1"><img src="https://m.media-amazon.com/images/I/41r+PeZkpJL._SL500_.jpg" alt="Product Image"></a><p>Kidde FA110 Multi Purpose Fire Extinguisher 1A10BC, 1 Pack, red</p><p> -31% 0FF </p><p>$25.49</p><a href="https://www.amazon.com/dp/B00002ND64?tag=eloabder-20&linkCode=osi&th=1&psc=1">View Product</a></div><div class="product"><a href="https://www.amazon.com/dp/B07CQJCD6G?tag=eloabder-20&linkCode=osi&th=1&psc=1"><img src="https://m.media-amazon.com/images/I/31EmoFZ3KTL._SL500_.jpg" alt="Product Image"></a><p>Sellstrom Odyssey II Wildland Fire Safety Goggles - Anti-Fog, Anti-Scratch Eye Protection Goggles for Men & Women - FR Strap, fits over Glasses, ANSI Z87.1</p><p> -28% 0FF </p><p>$16.78</p><a href="https://www.amazon.com/dp/B07CQJCD6G?tag=eloabder-20&linkCode=osi&th=1&psc=1">View Product</a></div><div class="product"><a href="https://www.amazon.com/dp/B00005OU7B?tag=eloabder-20&linkCode=osi&th=1&psc=1"><img src="https://m.media-amazon.com/images/I/51O8BtvNfSL._SL500_.jpg" alt="Product Image"></a><p>Kidde Fire Escape Ladder, 2-Story Rope Ladder, Extends to 13-Feet, Anti-Slip Rungs</p><p> -36% 0FF </p><p>$40.99</p><a href="https://www.amazon.com/dp/B00005OU7B?tag=eloabder-20&linkCode=osi&th=1&psc=1">View Product</a></div><div class="product"><a href="https://www.amazon.com/dp/B08Z61XL6V?tag=eloabder-20&linkCode=osi&th=1&psc=1"><img src="https://m.media-amazon.com/images/I/519EzZgGD6L._SL500_.jpg" alt="Product Image"></a><p>Mart Cobra Emergency Fire Blanket for Home and Kitchen - 2 Pack - Fire Blankets Emergency for Home 40‚Äù x 40‚Äù - Fire Suppression Blanket - Home Safety</p><p> -25% 0FF </p><p>$29.87</p><a href="https://www.amazon.com/dp/B08Z61XL6V?tag=eloabder-20&linkCode=osi&th=1&psc=1">View Product</a></div>
<div class="product"><a href="https://www.amazon.com/dp/B07D6QGQYB?tag=eloabder-20&linkCode=osi&th=1&psc=1"><img src="https://m.media-amazon.com/images/I/41y18ggm8GL._SL500_.jpg" alt="Product Image"></a><p>Kidde Fire Extinguisher for Home, 1-A:10-B:C, Dry Chemical Extinguisher, Red, Mounting Bracket Included, 2 Pack</p><p> -41% 0FF </p><p>$32.98</p><a href="https://www.amazon.com/dp/B07D6QGQYB?tag=eloabder-20&linkCode=osi&th=1&psc=1">View Product</a></div><div class="product"><a href="https://www.amazon.com/dp/B07B9BNN24?tag=eloabder-20&linkCode=osi&th=1&psc=1"><img src="https://m.media-amazon.com/images/I/41SbuH+cdQL._SL500_.jpg" alt="Product Image"></a><p>FIRST ALERT HOME2PRO Rechargeable Compliance Fire Extinguisher, UL RATED 2-A:10-B:C, Red, 1-Pack</p><p> -27% 0FF </p><p>$36.48</p><a href="https://www.amazon.com/dp/B07B9BNN24?tag=eloabder-20&linkCode=osi&th=1&psc=1">View Product</a></div><div class="product"><a href="https://www.amazon.com/dp/B0C63914WK?tag=eloabder-20&linkCode=osi&th=1&psc=1"><img src="https://m.media-amazon.com/images/I/51IS9bq94IL._SL500_.jpg" alt="Product Image"></a><p>Kidde Kitchen Fire Extinguishers for Home & Office Use, 2 Pack: One 1-A:10-B:C and One Specialty Kitchen Extinguisher, Wall Mount & Strap Brackets Included</p><p> -7% 0FF </p><p>$34.99</p><a href="https://www.amazon.com/dp/B0C63914WK?tag=eloabder-20&linkCode=osi&th=1&psc=1">View Product</a></div><div class="product"><a href="https://www.amazon.com/dp/B0CB9GFZ9M?tag=eloabder-20&linkCode=osi&th=1&psc=1"><img src="https://m.media-amazon.com/images/I/41VJGkO+jDL._SL500_.jpg" alt="Product Image"></a><p>Kidde Fire Extinguisher for Home & Office Use, 5-B:C, 3.2 Lbs., USCG Approved with Strap Bracket (Included)</p><p> -23% 0FF </p><p>$23.10</p><a href="https://www.amazon.com/dp/B0CB9GFZ9M?tag=eloabder-20&linkCode=osi&th=1&psc=1">View Product</a></div><div class="product"><a href="https://www.amazon.com/dp/B0030ZZAR0?tag=eloabder-20&linkCode=osi&th=1&psc=1"><img src="https://m.media-amazon.com/images/I/41R9Nqadh4L._SL500_.jpg" alt="Product Image"></a><p>BUCKEYE Fire Extinguisher, 4A:80B:C, 10 lb., 21in.H, Red</p><p> -13% 0FF </p><p>$77.99</p><a href="https://www.amazon.com/dp/B0030ZZAR0?tag=eloabder-20&linkCode=osi&th=1&psc=1">View Product</a></div>
<div class="product"><a href="https://www.amazon.com/dp/B08LL1HRKW?tag=eloabder-20&linkCode=osi&th=1&psc=1"><img src="https://m.media-amazon.com/images/I/41OyhHgXG4S._SL500_.jpg" alt="Product Image"></a><p>X-Sense Smoke Alarm, 10-Year Battery Fire Alarm Smoke Detector with LED Indicator & Silence Button, SD2J0AX</p><p> -10% 0FF </p><p>$16.99</p><a href="https://www.amazon.com/dp/B08LL1HRKW?tag=eloabder-20&linkCode=osi&th=1&psc=1">View Product</a></div><div class="product"><a href="https://www.amazon.com/dp/B086S4XM47?tag=eloabder-20&linkCode=osi&th=1&psc=1"><img src="https://m.media-amazon.com/images/I/41vM6F1FfTL._SL500_.jpg" alt="Product Image"></a><p>Kidde Smoke Detector, Hardwired Smoke Alarm with Battery Backup, Test-Silence Button</p><p> -29% 0FF </p><p>$18.19</p><a href="https://www.amazon.com/dp/B086S4XM47?tag=eloabder-20&linkCode=osi&th=1&psc=1">View Product</a></div><div class="product"><a href="https://www.amazon.com/dp/B09YQZV62R?tag=eloabder-20&linkCode=osi&th=1&psc=1"><img src="https://m.media-amazon.com/images/I/31JFQcHDfWL._SL500_.jpg" alt="Product Image"></a><p>AEGISLINK Smoke Detector 10-Year Battery with Test/Silence Button, Fire Alarm with Photoelectric Sensor, Low Battery Warning, S500 (Independent, 1-Pack)</p><p> -33% 0FF </p><p>$9.99</p><a href="https://www.amazon.com/dp/B09YQZV62R?tag=eloabder-20&linkCode=osi&th=1&psc=1">View Product</a></div><div class="product"><a href="https://www.amazon.com/dp/B0CJC73MBZ?tag=eloabder-20&linkCode=osi&th=1&psc=1"><img src="https://m.media-amazon.com/images/I/51jYYKlO4+L._SL500_.jpg" alt="Product Image"></a><p>2 in 1 CO & Smoke Alarm,Carbon Monoxide Detectors, with Battery, Smoke Detector,85dB in Alarm,for Home and Kitchen,LCD Screen,Easy to Install</p><p> -20% 0FF </p><p>$15.98</p><a href="https://www.amazon.com/dp/B0CJC73MBZ?tag=eloabder-20&linkCode=osi&th=1&psc=1">View Product</a></div>
<div class="product"><a href="https://www.amazon.com/dp/B0B9YTGGJ3?tag=eloabder-20&linkCode=osi&th=1&psc=1"><img src="https://m.media-amazon.com/images/I/41WR-3ndQgL._SL500_.jpg" alt="Product Image"></a><p>Light and small automatic fire extinguisher, environmentally friendly and clean, car fire extinguisher, automatic fire extinguisher, suitable for electric box, ship cabin, car, ABCEF fire extinguisher</p><p> -13% 0FF </p><p>$34.99</p><a href="https://www.amazon.com/dp/B0B9YTGGJ3?tag=eloabder-20&linkCode=osi&th=1&psc=1">View Product</a></div>



<div class="product"><a href="https://www.amazon.com/dp/B01G1Y42H0?tag=eloabder-20&linkCode=osi&th=1&psc=1"><img src="https://m.media-amazon.com/images/I/41ml0ECvMBL._SL500_.jpg" alt="Product Image"></a><p>Command Broom and Mop Grippers Wall Hook, Damage Free Hanging Wall Mount Broom and Mop Holder, No Tools Household Cleaning Organizer for Living Spaces, 2 Hangers and 4 Command Strips</p><p> -20% 0FF </p><p>$13.58 ($6.79 / Count)</p><a href="https://www.amazon.com/dp/B01G1Y42H0?tag=eloabder-20&linkCode=osi&th=1&psc=1">View Product</a></div><div class="product"><a href="https://www.amazon.com/dp/B0D7S3CS9X?tag=eloabder-20&linkCode=osi&th=1&psc=1"><img src="https://m.media-amazon.com/images/I/51XG4DL1apL._SL500_.jpg" alt="Product Image"></a><p>NEOACT 4 Pack Scrapbook Tape,Double Sided Tape Roller Scrapbook Supplies,0.31In x 26 Ft Glue Tape Runner for Scrapbooking Envelopes Crafts Gift Wrapping Journaling School Office Supplies</p><p> -8% 0FF </p><p>$5.99</p><a href="https://www.amazon.com/dp/B0D7S3CS9X?tag=eloabder-20&linkCode=osi&th=1&psc=1">View Product</a></div><div class="product"><a href="https://www.amazon.com/dp/B07FM4PRY8?tag=eloabder-20&linkCode=osi&th=1&psc=1"><img src="https://m.media-amazon.com/images/I/51HHqS5jGIL._SL500_.jpg" alt="Product Image"></a><p>SUNEE 30 Packs Oversized Reusable Dry Erase Pocket Sleeves with 2 Rings, 10 Assorted Colors 10x14 Ticket Holders, Clear Plastic Sheet Protectors, Teacher School Classroom Supplies</p><p> -33% 0FF </p><p>$19.99</p><a href="https://www.amazon.com/dp/B07FM4PRY8?tag=eloabder-20&linkCode=osi&th=1&psc=1">View Product</a></div><div class="product"><a href="https://www.amazon.com/dp/B07GLCYR5S?tag=eloabder-20&linkCode=osi&th=1&psc=1"><img src="https://m.media-amazon.com/images/I/51BtNdNrdfL._SL500_.jpg" alt="Product Image"></a><p>QIO CHUANG Emergency Mylar Thermal Blankets -Space Blanket Survival kit Camping Blanket (4-Pack). Perfect for Outdoors, Hiking, Survival, Bug Out Bag ÔºåMarathons or First Aid 1</p><p> -46% 0FF </p><p>$6.98 ($1.74 / Count)</p><a href="https://www.amazon.com/dp/B07GLCYR5S?tag=eloabder-20&linkCode=osi&th=1&psc=1">View Product</a></div>
<div class="product"><a href="https://www.amazon.com/dp/B01M7VD07W?tag=eloabder-20&linkCode=osi&th=1&psc=1"><img src="https://m.media-amazon.com/images/I/51fA5JtXB9L._SL500_.jpg" alt="Product Image"></a><p>Gorilla 2 Part Epoxy, 5 Minute Set, Incredibly Strong Bonding, .85 Ounce Syringe, Clear, (Pack of 2)</p><p> -27% 0FF </p><p>$10.90 ($6.41 / Fl Oz)</p><a href="https://www.amazon.com/dp/B01M7VD07W?tag=eloabder-20&linkCode=osi&th=1&psc=1">View Product</a></div><div class="product"><a href="https://www.amazon.com/dp/B0B6HK51C3?tag=eloabder-20&linkCode=osi&th=1&psc=1"><img src="https://m.media-amazon.com/images/I/31uXWAEungL._SL500_.jpg" alt="Product Image"></a><p>Rumba Replacement Side Brush Parts for iRobot Roomba 600 700 800 900 Series 675 692 694 677 671 614 980 960 985 981 880 860 850 861 866 870 890 Vacuum Cleaner Accessories Kit,6 Side Brush,Screw Driver</p><p> -9% 0FF </p><p>$9.99</p><a href="https://www.amazon.com/dp/B0B6HK51C3?tag=eloabder-20&linkCode=osi&th=1&psc=1">View Product</a></div><div class="product"><a href="https://www.amazon.com/dp/B0BZMMR5XW?tag=eloabder-20&linkCode=osi&th=1&psc=1"><img src="https://m.media-amazon.com/images/I/41mpThblwIL._SL500_.jpg" alt="Product Image"></a><p>1614244 Foot Window Replacement for Bissell Crosswave Pet Pro Dry/Vac Vacuums Fits Models: 2328, 2305, 2305K, 2303, 2306A, 2306, 23062, 23068, 2551 Series</p><p> -10% 0FF </p><p>$26.83</p><a href="https://www.amazon.com/dp/B0BZMMR5XW?tag=eloabder-20&linkCode=osi&th=1&psc=1">View Product</a></div><div class="product"><a href="https://www.amazon.com/dp/B0CZLK6QMF?tag=eloabder-20&linkCode=osi&th=1&psc=1"><img src="https://m.media-amazon.com/images/I/311BgZOYsCL._SL500_.jpg" alt="Product Image"></a><p>Generic 7413197 Inlet Deflector Part Replacement, Vaccuum Accessory</p><p> -10% 0FF </p><p>$8.99</p><a href="https://www.amazon.com/dp/B0CZLK6QMF?tag=eloabder-20&linkCode=osi&th=1&psc=1">View Product</a></div><div class="product"><a href="https://www.amazon.com/dp/B0D1K3XHSP?tag=eloabder-20&linkCode=osi&th=1&psc=1"><img src="https://m.media-amazon.com/images/I/41UOnU2oiqL._SL500_.jpg" alt="Product Image"></a><p>RUKHOOL Dust Bin Replacement for Dyson V11 V15 SV14 SV15 SV22 Vacuum Cleaner Canister Bin Bucket Container Replacement Parts for Dyson V11 Large Bin Part No. 970050-01 and 965443-01</p><p> -11% 0FF </p><p>$33.99</p><a href="https://www.amazon.com/dp/B0D1K3XHSP?tag=eloabder-20&linkCode=osi&th=1&psc=1">View Product</a></div>

<div class="product"><a href="https://www.amazon.com/dp/B0BHGT88KF?tag=eloabder-20&linkCode=osi&th=1&psc=1"><img src="https://m.media-amazon.com/images/I/51Wy2vWqMnL._SL500_.jpg" alt="Product Image"></a><p>Fit Geno Back Brace Posture Corrector for Women, Shoulder Straightener, Adjustable Full Back Support, Upper and Lower Back Pain Relief - Scoliosis, Hunchback, Hump, Thoracic, Spine Corrector (Small)</p><p> -10% 0FF </p><p>$35.99</p><a href="https://www.amazon.com/dp/B0BHGT88KF?tag=eloabder-20&linkCode=osi&th=1&psc=1">View Product</a></div><div class="product"><a href="https://www.amazon.com/dp/B003N2DXPG?tag=eloabder-20&linkCode=osi&th=1&psc=1"><img src="https://m.media-amazon.com/images/I/41scKHD+h0L._SL500_.jpg" alt="Product Image"></a><p>Plackers Twin-Line Dental Flossers, Cool Mint Flavor, Dual Action Flossing System, Easy Storage, Super Tuffloss, 2X The Clean, 75 Count</p><p> -31% 0FF </p><p>$2.74 ($0.04 / Foot)</p><a href="https://www.amazon.com/dp/B003N2DXPG?tag=eloabder-20&linkCode=osi&th=1&psc=1">View Product</a></div>


<div class="product"><a href="https://www.amazon.com/dp/B0CGR3R8M2?tag=eloabder-20&linkCode=osi&th=1&psc=1"><img src="https://m.media-amazon.com/images/I/31dJH244FqL._SL500_.jpg" alt="Product Image"></a><p>Stainless Steel Lung Remover, Rubber Handle, Comfortable Grip, Efficient, Reliable Tool Head with Great Grip, Chicken Slaughter Equipment That Improves Efficiency, Easy to Clean</p><p> -7% 0FF </p><p>$12.98</p><a href="https://www.amazon.com/dp/B0CGR3R8M2?tag=eloabder-20&linkCode=osi&th=1&psc=1">View Product</a></div><div class="product"><a href="https://www.amazon.com/dp/B000R8ETKW?tag=eloabder-20&linkCode=osi&th=1&psc=1"><img src="https://m.media-amazon.com/images/I/41rNYbbsqpL._SL500_.jpg" alt="Product Image"></a><p>Fluke 789 ProcessMeter, Includes Standard DMM Capabilities, Measure, Source, Simulate 4-20 mA signals, and Built-In 24 V Loop Supply</p><p> -21% 0FF </p><p>$1,048.39</p><a href="https://www.amazon.com/dp/B000R8ETKW?tag=eloabder-20&linkCode=osi&th=1&psc=1">View Product</a></div><div class="product"><a href="https://www.amazon.com/dp/B0CHYSJBGR?tag=eloabder-20&linkCode=osi&th=1&psc=1"><img src="https://m.media-amazon.com/images/I/31MHdOP3u7L._SL500_.jpg" alt="Product Image"></a><p>SUS 304 Stainless Steel Lung Remover, Food Grade Chicken Processing Equipment with Super Strong Working Head and Ergonomic Handle to Remove Poultry Lungs, Essential Kitchen Tool Easy to Clean</p><p> -17% 0FF </p><p>$9.99</p><a href="https://www.amazon.com/dp/B0CHYSJBGR?tag=eloabder-20&linkCode=osi&th=1&psc=1">View Product</a></div><div class="product"><a href="https://www.amazon.com/dp/B0CR37JVN4?tag=eloabder-20&linkCode=osi&th=1&psc=1"><img src="https://m.media-amazon.com/images/I/41DwoJmzWmL._SL500_.jpg" alt="Product Image"></a><p>TIVOLI Professional Butcher Knife Set for Meat Processing, 7Pcs High Carbon Steel Hand Forged BBQ Knife Set, Serbian Chef Knife Set with Ergonomic Handles for Kitchen Outdoor Cooking Father's Day Gift</p><p> -5% 0FF </p><p>$69.99</p><a href="https://www.amazon.com/dp/B0CR37JVN4?tag=eloabder-20&linkCode=osi&th=1&psc=1">View Product</a></div><div class="product"><a href="https://www.amazon.com/dp/B01HPT0XFU?tag=eloabder-20&linkCode=osi&th=1&psc=1"><img src="https://m.media-amazon.com/images/I/51F+BRGdU+L._SL500_.jpg" alt="Product Image"></a><p>NoCry Premium Cut Resistant Gloves Food Grade ‚Äî Level 5 Protection; Ambidextrous; Machine Washable; Superior Comfort and Dexterity; Lightweight Protective Gloves; Complimentary eBook</p><p> -14% 0FF </p><p>$13.79 ($13.79 / Count)</p><a href="https://www.amazon.com/dp/B01HPT0XFU?tag=eloabder-20&linkCode=osi&th=1&psc=1">View Product</a></div><div class="product"><a href="https://www.amazon.com/dp/B071ZPSQ88?tag=eloabder-20&linkCode=osi&th=1&psc=1"><img src="https://m.media-amazon.com/images/I/31FiGEAJ9VL._SL500_.jpg" alt="Product Image"></a><p>Fluke 787B ProcessMeter</p><p> -15% 0FF </p><p>$1,020.84</p><a href="https://www.amazon.com/dp/B071ZPSQ88?tag=eloabder-20&linkCode=osi&th=1&psc=1">View Product</a></div>
<div class="product"><a href="https://www.amazon.com/dp/B0D8YPW46Y?tag=eloabder-20&linkCode=osi&th=1&psc=1"><img src="https://m.media-amazon.com/images/I/51sr1XVXPoL._SL500_.jpg" alt="Product Image"></a><p>Shelly 1 Gen3 | WiFi & Bluetooth Smart Relay Switch with Dry Contacts, 1-Channel 16A | Home Automation | Alexa, SmartThings & Google Home Compatible | No Hub | DIY Remote Control | Garage Door Opener</p><p> -8% 0FF </p><p>$16.99</p><a href="https://www.amazon.com/dp/B0D8YPW46Y?tag=eloabder-20&linkCode=osi&th=1&psc=1">View Product</a></div><div class="product"><a href="https://www.amazon.com/dp/B0D5XSGYB4?tag=eloabder-20&linkCode=osi&th=1&psc=1"><img src="https://m.media-amazon.com/images/I/31pj-zqLcYL._SL500_.jpg" alt="Product Image"></a><p>OUVOPO Zigbee Contact Sensor 2 Pack, Mini Smart Door Sensor, Home Automation, Kid Safety, Burglar Alert, Work with Alexa, SmartThings, Home Assistant, Aeotec, Homey, Hubitat with Build-in Zigbee Hub</p><p> -11% 0FF </p><p>$24.99</p><a href="https://www.amazon.com/dp/B0D5XSGYB4?tag=eloabder-20&linkCode=osi&th=1&psc=1">View Product</a></div><div class="product"><a href="https://www.amazon.com/dp/B0CXN2B9RS?tag=eloabder-20&linkCode=osi&th=1&psc=1"><img src="https://m.media-amazon.com/images/I/51NXNRAdSxL._SL500_.jpg" alt="Product Image"></a><p>Shelly Plus RGBW PM | WiFi & Bluetooth Smart Remote Control for RGBW with Power Metering | Home Automation | No Hub | Compatible with Alexa & Google Home | iOS Android App</p><p> -8% 0FF </p><p>$24.99</p><a href="https://www.amazon.com/dp/B0CXN2B9RS?tag=eloabder-20&linkCode=osi&th=1&psc=1">View Product</a></div><div class="product"><a href="https://www.amazon.com/dp/B006P591RW?tag=eloabder-20&linkCode=osi&th=1&psc=1"><img src="https://m.media-amazon.com/images/I/41EwZRzPrJL._SL500_.jpg" alt="Product Image"></a><p>Progressive Automations Mounting Bracket BRK-14 for Linear actuators PA-14, PA-14P, PA-08</p><p> -16% 0FF </p><p>$11.69</p><a href="https://www.amazon.com/dp/B006P591RW?tag=eloabder-20&linkCode=osi&th=1&psc=1">View Product</a></div>
<div class="product"><a href="https://www.amazon.com/dp/B08CZ4MG5P?tag=eloabder-20&linkCode=osi&th=1&psc=1"><img src="https://m.media-amazon.com/images/I/61lF1Z1BQ1L._SL500_.jpg" alt="Product Image"></a><p>ELEGOO Conqueror Robot Tank Kit with UNO R3 for Arduino Robotics for Kids Ages 8-12 12-16 STEM Science Kits Coding Robots Toys for 8+ Year Old Boys Girls Teens Circuits Engineering Building Project</p><p> -23% 0FF </p><p>$99.98</p><a href="https://www.amazon.com/dp/B08CZ4MG5P?tag=eloabder-20&linkCode=osi&th=1&psc=1">View Product</a></div><div class="product"><a href="https://www.amazon.com/dp/B0CYPVS3FF?tag=eloabder-20&linkCode=osi&th=1&psc=1"><img src="https://m.media-amazon.com/images/I/41tiE6fqJOL._SL500_.jpg" alt="Product Image"></a><p>Lefant M210 Pro Robot Vacuum Cleaner, 2200Pa Suction,120 Mins Runtime, Self-Charging Slim Robotic Vacuums, APP/Voice/Remote Control, Works with Alexa, Ideal for Pet Hair,Low-Pile Carpet, Hard Floor</p><p> -52% 0FF </p><p>$99.99</p><a href="https://www.amazon.com/dp/B0CYPVS3FF?tag=eloabder-20&linkCode=osi&th=1&psc=1">View Product</a></div><div class="product"><a href="https://www.amazon.com/dp/B09NNF5RHN?tag=eloabder-20&linkCode=osi&th=1&psc=1"><img src="https://m.media-amazon.com/images/I/41yl24NcAYL._SL500_.jpg" alt="Product Image"></a><p>roborock Q7 Max+ Robot Vacuum Cleaner, Hands-Free Cleaning for up to 7 Weeks, Robotic Vacuum with APP-Controlled Mopping, 4200Pa Suction, No-Mop&No-Go Zones, 180mins Runtime</p><p> -37% 0FF </p><p>$549.99</p><a href="https://www.amazon.com/dp/B09NNF5RHN?tag=eloabder-20&linkCode=osi&th=1&psc=1">View Product</a></div><div class="product"><a href="https://www.amazon.com/dp/B07GNDY96N?tag=eloabder-20&linkCode=osi&th=1&psc=1"><img src="https://m.media-amazon.com/images/I/41WDVdRkesL._SL500_.jpg" alt="Product Image"></a><p>ELEGOO Penguin Bot Biped Robot Kit Robotics for Kids Adults Coding for Kids 8-12 STEM Kits for Kids Ages 12-14 14-16 Boys Toys Teens Circuits Engineering Kits Compatible with Arduino</p><p> -8% 0FF </p><p>$45.99</p><a href="https://www.amazon.com/dp/B07GNDY96N?tag=eloabder-20&linkCode=osi&th=1&psc=1">View Product</a></div>
<div class="product"><a href="https://www.amazon.com/dp/B0C8GZJRMF?tag=eloabder-20&linkCode=osi&th=1&psc=1"><img src="https://m.media-amazon.com/images/I/6156CbXZ8ZL._SL500_.jpg" alt="Product Image"></a><p>Jevuta Engineer Gifts, Mechanical Engineering Gifts, Gifts For Engineers, Future Engineer Gifts, Aerospace Engineering Gifts, Graduation Gifts For Engineers, Retirement Gift For Engineer Tumbler 20oz</p><p> -12% 0FF </p><p>$21.99</p><a href="https://www.amazon.com/dp/B0C8GZJRMF?tag=eloabder-20&linkCode=osi&th=1&psc=1">View Product</a></div><div class="product"><a href="https://www.amazon.com/dp/B06XXZ19HX?tag=eloabder-20&linkCode=osi&th=1&psc=1"><img src="https://m.media-amazon.com/images/I/41QRwC6XcmL._SL500_.jpg" alt="Product Image"></a><p>Komelon 52425IE; 25' x 1.06" Powerblade II" Engineer Tape Measure; Yellow/Black</p><p> -10% 0FF </p><p>$13.51</p><a href="https://www.amazon.com/dp/B06XXZ19HX?tag=eloabder-20&linkCode=osi&th=1&psc=1">View Product</a></div><div class="product"><a href="https://www.amazon.com/dp/B00002N5LW?tag=eloabder-20&linkCode=osi&th=1&psc=1"><img src="https://m.media-amazon.com/images/I/41S2-EUZhgL._SL500_.jpg" alt="Product Image"></a><p>Crescent Lufkin 5/8" X 6' Red End¬Æ Engineer's Scale Wood Rule - 1066DN , White</p><p> -40% 0FF </p><p>$14.50</p><a href="https://www.amazon.com/dp/B00002N5LW?tag=eloabder-20&linkCode=osi&th=1&psc=1">View Product</a></div><div class="product"><a href="https://www.amazon.com/dp/B002MJMXD4?tag=eloabder-20&linkCode=osi&th=1&psc=1"><img src="https://m.media-amazon.com/images/I/31ZLLX+aOwL._SL500_.jpg" alt="Product Image"></a><p>ENGINEER Engineer Solder Suction Device SS-02</p><p> -25% 0FF </p><p>$19.56</p><a href="https://www.amazon.com/dp/B002MJMXD4?tag=eloabder-20&linkCode=osi&th=1&psc=1">View Product</a></div><div class="product"><a href="https://www.amazon.com/dp/B0BYD7H5PZ?tag=eloabder-20&linkCode=osi&th=1&psc=1"><img src="https://m.media-amazon.com/images/I/513DsoLDRFL._SL500_.jpg" alt="Product Image"></a><p>JERIO Engineer Gifts for Men,Engineer Coffee Tumbler Nutrition Facts - Funny Birthday,Graduation,Fathers Day,Christmas Gift Idea for Mechanical, Electrical, Civil, Science, Computer Programmer</p><p> -50% 0FF </p><p>$10.99</p><a href="https://www.amazon.com/dp/B0BYD7H5PZ?tag=eloabder-20&linkCode=osi&th=1&psc=1">View Product</a></div>
<div class="product"><a href="https://www.amazon.com/dp/B0D8HQJDT5?tag=eloabder-20&linkCode=osi&th=1&psc=1"><img src="https://m.media-amazon.com/images/I/41vCRs7ecqL._SL500_.jpg" alt="Product Image"></a><p>Amzany Bed Vacuum Cleaner - 5-in-1 Cordless Mattress Vacuum Cleaner, Powered by UV-C Light & Ultrasonic Technology, 16Kpa Strong Suction,Low Noise,Suitable for Dust, Pet Hair, Etc - Grey</p><p> -38% 0FF </p><p>$79.99</p><a href="https://www.amazon.com/dp/B0D8HQJDT5?tag=eloabder-20&linkCode=osi&th=1&psc=1">View Product</a></div><div class="product"><a href="https://www.amazon.com/dp/B081RJ8DW1?tag=eloabder-20&linkCode=osi&th=1&psc=1"><img src="https://m.media-amazon.com/images/I/41XdbpXmFvL._SL500_.jpg" alt="Product Image"></a><p>Gskyer Telescope, 70mm Aperture 400mm AZ Mount Astronomical Refracting Telescope for Kids Beginners - Travel Telescope with Carry Bag, Phone Adapter and Wireless Remote.</p><p> -33% 0FF </p><p>$86.99</p><a href="https://www.amazon.com/dp/B081RJ8DW1?tag=eloabder-20&linkCode=osi&th=1&psc=1">View Product</a></div><div class="product"><a href="https://www.amazon.com/dp/B008HOSQQQ?tag=eloabder-20&linkCode=osi&th=1&psc=1"><img src="https://m.media-amazon.com/images/I/31eIm02e4iL._SL500_.jpg" alt="Product Image"></a><p>Refrigeration Technologies RT201B Nylog Gasket/Thread Sealant, 30 ml (1 Pack)</p><p> -55% 0FF </p><p>$8.99</p><a href="https://www.amazon.com/dp/B008HOSQQQ?tag=eloabder-20&linkCode=osi&th=1&psc=1">View Product</a></div><div class="product"><a href="https://www.amazon.com/dp/B00UZ1WWUK?tag=eloabder-20&linkCode=osi&th=1&psc=1"><img src="https://m.media-amazon.com/images/I/318bhhXmhBL._SL500_.jpg" alt="Product Image"></a><p>BW Technologies Corded Electric BWC2-H BW Clip Single Gas H2S Monitor, 10/15 (1 Pack)</p><p> -34% 0FF </p><p>$91.14</p><a href="https://www.amazon.com/dp/B00UZ1WWUK?tag=eloabder-20&linkCode=osi&th=1&psc=1">View Product</a></div><div class="product"><a href="https://www.amazon.com/dp/B007885Y3K?tag=eloabder-20&linkCode=osi&th=1&psc=1"><img src="https://m.media-amazon.com/images/I/41Uh4TbGoGL._SL500_.jpg" alt="Product Image"></a><p>Safety Technology International, Inc. STI-13010FR Universal Stopper¬Æ, Flush Mount and Fire label, Indoor/Outdoor Protective Polycarbonate Cover for Pull Stations or Call Points, Red</p><p> -32% 0FF </p><p>$40.29</p><a href="https://www.amazon.com/dp/B007885Y3K?tag=eloabder-20&linkCode=osi&th=1&psc=1">View Product</a></div><div class="product"><a href="https://www.amazon.com/dp/B000FTADX0?tag=eloabder-20&linkCode=osi&th=1&psc=1"><img src="https://m.media-amazon.com/images/I/31HT3jGR4YL._SL500_.jpg" alt="Product Image"></a><p>Fluke Networks 26000900 Pro3000 Tone Generator and Probe Kit with SmartTone Technology, Blue</p><p> -37% 0FF </p><p>$88.48</p><a href="https://www.amazon.com/dp/B000FTADX0?tag=eloabder-20&linkCode=osi&th=1&psc=1">View Product</a></div>
<div class="product"><a href="https://www.amazon.com/dp/B0CN6F2GBN?tag=eloabder-20&linkCode=osi&th=1&psc=1"><img src="https://m.media-amazon.com/images/I/314BZ1QOH0L._SL500_.jpg" alt="Product Image"></a><p>Listerine Clinical Solutions Gum Health Antiseptic Mouthwash, Antigingivitis & Antiplaque Oral Rinse Helps Prevent Buildup & Immediately Kills Germs for Healthier Gums, ICY Mint, 1 L</p><p> -11% 0FF </p><p>$11.97 ($0.35 / Fl Oz)</p><a href="https://www.amazon.com/dp/B0CN6F2GBN?tag=eloabder-20&linkCode=osi&th=1&psc=1">View Product</a></div><div class="product"><a href="https://www.amazon.com/dp/B00WIMUVU2?tag=eloabder-20&linkCode=osi&th=1&psc=1"><img src="https://m.media-amazon.com/images/I/41ZdoGErSaL._SL500_.jpg" alt="Product Image"></a><p>Carpet Miracle - Carpet Cleaner Shampoo Solution for Machine Use, Deep Stain Remover and Odor Deodorizing Formula, Use On Rug Car Upholstery and Carpets (32FL OZ)</p><p> -23% 0FF </p><p>$19.99 ($0.62 / Fl Oz)</p><a href="https://www.amazon.com/dp/B00WIMUVU2?tag=eloabder-20&linkCode=osi&th=1&psc=1">View Product</a></div><div class="product"><a href="https://www.amazon.com/dp/B002C2O5EQ?tag=eloabder-20&linkCode=osi&th=1&psc=1"><img src="https://m.media-amazon.com/images/I/412RaKelAmL._SL500_.jpg" alt="Product Image"></a><p>Betadine Antiseptic Liquid First Aid Solution, Povidone-iodine 10%, Infection Protection, Kills Germs In Minor Cuts Scrapes And Burns, No Sting Promise, No Alcohol or Hydrogen Peroxide, 8 FL OZ</p><p> -24% 0FF </p><p>$13.29 ($1.66 / Fl Oz)</p><a href="https://www.amazon.com/dp/B002C2O5EQ?tag=eloabder-20&linkCode=osi&th=1&psc=1">View Product</a></div>

<div class="product"><a href="https://www.amazon.com/dp/B005LJ8EXU?tag=eloabder-20&linkCode=osi&th=1&psc=1"><img src="https://m.media-amazon.com/images/I/51y1lIaCqZL._SL500_.jpg" alt="Product Image"></a><p>iSpring RCC7AK, NSF Certified 75 GPD, Alkaline 6-Stage Reverse Osmosis System, pH+ Remineralization RO Water Filter System Under Sink, Superb Taste Drinking Water Filter</p><p> -33% 0FF </p><p>$186.14</p><a href="https://www.amazon.com/dp/B005LJ8EXU?tag=eloabder-20&linkCode=osi&th=1&psc=1">View Product</a></div><div class="product"><a href="https://www.amazon.com/dp/B00I0ZGOZM?tag=eloabder-20&linkCode=osi&th=1&psc=1"><img src="https://m.media-amazon.com/images/I/419oT125q0L._SL500_.jpg" alt="Product Image"></a><p>APEC Water Systems ROES-50 Essence Series Top Tier 5-Stage WQA Certified Ultra Safe Reverse Osmosis Drinking Water Filter System</p><p> -7% 0FF </p><p>$185.00</p><a href="https://www.amazon.com/dp/B00I0ZGOZM?tag=eloabder-20&linkCode=osi&th=1&psc=1">View Product</a></div><div class="product"><a href="https://www.amazon.com/dp/B00J2DGTD8?tag=eloabder-20&linkCode=osi&th=1&psc=1"><img src="https://m.media-amazon.com/images/I/51a5ku-MyBL._SL500_.jpg" alt="Product Image"></a><p>Express Water RO5DX Reverse Osmosis Filtration NSF Certified 5 Stage RO System with Faucet and Tank ‚Äì Under Sink Water Plus 4 Filters ‚Äì 50 GPD, 14 x 17 x 5, White</p><p> -21% 0FF </p><p>$157.48</p><a href="https://www.amazon.com/dp/B00J2DGTD8?tag=eloabder-20&linkCode=osi&th=1&psc=1">View Product</a></div><div class="product"><a href="https://www.amazon.com/dp/B01F9A4UVU?tag=eloabder-20&linkCode=osi&th=1&psc=1"><img src="https://m.media-amazon.com/images/I/41UItWTKFsS._SL500_.jpg" alt="Product Image"></a><p>iSpring WGB21B 2-Stage Whole House Water Filtration System, with 10" x 4.5" Sediment CTO(Chlorine, Taste, and Odor) Filter, 1" Inlet/Outlet</p><p> -30% 0FF </p><p>$127.49</p><a href="https://www.amazon.com/dp/B01F9A4UVU?tag=eloabder-20&linkCode=osi&th=1&psc=1">View Product</a></div><div class="product"><a href="https://www.amazon.com/dp/B07Y42RD9T?tag=eloabder-20&linkCode=osi&th=1&psc=1"><img src="https://m.media-amazon.com/images/I/219MeTcyMBL._SL500_.jpg" alt="Product Image"></a><p>Bard Medical PWF030 Purewick Female External Catheter, Latex, Pack of 30</p><p> -6% 0FF </p><p>$206.00 ($6.87 / Count)</p><a href="https://www.amazon.com/dp/B07Y42RD9T?tag=eloabder-20&linkCode=osi&th=1&psc=1">View Product</a></div><div class="product"><a href="https://www.amazon.com/dp/B00HRHHFPW?tag=eloabder-20&linkCode=osi&th=1&psc=1"><img src="https://m.media-amazon.com/images/I/51ykZ8b1GwL._SL500_.jpg" alt="Product Image"></a><p>APEC Water Systems RO-90 Ultimate Series Top Tier Supreme Certified High Output 90 GPD Ultra Safe Reverse Osmosis Drinking Water Filter System, Chrome Faucet</p><p> -15% 0FF </p><p>$191.55</p><a href="https://www.amazon.com/dp/B00HRHHFPW?tag=eloabder-20&linkCode=osi&th=1&psc=1">View Product</a></div>
<div class="product"><a href="https://www.amazon.com/dp/B00HKAJ018?tag=eloabder-20&linkCode=osi&th=1&psc=1"><img src="https://m.media-amazon.com/images/I/31cVzL2O1zL._SL500_.jpg" alt="Product Image"></a><p>SmartSign 25 x 12 inch ‚ÄúCaution - Maintenance Work In Progress‚Äù Two-Sided Folding Floor Sign, Digitally Printed Polypropylene Plastic, Black and Yellow</p><p> -11% 0FF </p><p>$36.95</p><a href="https://www.amazon.com/dp/B00HKAJ018?tag=eloabder-20&linkCode=osi&th=1&psc=1">View Product</a></div><div class="product"><a href="https://www.amazon.com/dp/B00HSJ4YLW?tag=eloabder-20&linkCode=osi&th=1&psc=1"><img src="https://m.media-amazon.com/images/I/41mCVFnsRpL._SL500_.jpg" alt="Product Image"></a><p>Accuform TAD847 Standard Door Knob Hanger Tag, Legend"Maintenance Employee Inside", 9" Length x 4" Width x 0.015" Thickness, RP-Plastic, Black on Yellow (Pack of 10)</p><p> -24% 0FF </p><p>$27.69 ($2.77 / Count)</p><a href="https://www.amazon.com/dp/B00HSJ4YLW?tag=eloabder-20&linkCode=osi&th=1&psc=1">View Product</a></div><div class="product"><a href="https://www.amazon.com/dp/B00700N1IQ?tag=eloabder-20&linkCode=osi&th=1&psc=1"><img src="https://m.media-amazon.com/images/I/511bcg+-z2L._SL500_.jpg" alt="Product Image"></a><p>NMC RA15RB Security Sign, Legend "RESTRICTED AREA - MAINTENANCE PERSONNEL ONLY", 14" Length x 10" Height, Rigid Plastic, Black/Red on White</p><p> -11% 0FF </p><p>$13.31</p><a href="https://www.amazon.com/dp/B00700N1IQ?tag=eloabder-20&linkCode=osi&th=1&psc=1">View Product</a></div>
<div class="product"><a href="https://www.amazon.com/dp/B0BKKTFWJK?tag=eloabder-20&linkCode=osi&th=1&psc=1"><img src="https://m.media-amazon.com/images/I/41cvC72AHeL._SL500_.jpg" alt="Product Image"></a><p>AceMining Upgraded Door Security Bar & Sliding Patio Bar, Heavy Duty Stoppers Adjustable Jammer for Home, Apartment, Travel (1 Pack,White)</p><p> -17% 0FF </p><p>$23.99</p><a href="https://www.amazon.com/dp/B0BKKTFWJK?tag=eloabder-20&linkCode=osi&th=1&psc=1">View Product</a></div><div class="product"><a href="https://www.amazon.com/dp/B01LDPHXD2?tag=eloabder-20&linkCode=osi&th=1&psc=1"><img src="https://m.media-amazon.com/images/I/41pcC4hFanL._SL500_.jpg" alt="Product Image"></a><p>Ergodyne Unisex Adult Hi Vis Safety GloWear 8377 Type R Class 3 Lime Quilted Bomber Jacket, Large, Lime, Large US</p><p> -34% 0FF </p><p>$34.99</p><a href="https://www.amazon.com/dp/B01LDPHXD2?tag=eloabder-20&linkCode=osi&th=1&psc=1">View Product</a></div><div class="product"><a href="https://www.amazon.com/dp/B0B7KTV8Q8?tag=eloabder-20&linkCode=osi&th=1&psc=1"><img src="https://m.media-amazon.com/images/I/417c5VIfBtL._SL500_.jpg" alt="Product Image"></a><p>RoadHero 18 Inch 4 Pack Collapsible Traffic Safety Cones, Multi Purpose Pop-up Cones with Reflective Collar for Road Safety, Orange Cones for Driving Training, Parking Lots</p><p> -18% 0FF </p><p>$23.65</p><a href="https://www.amazon.com/dp/B0B7KTV8Q8?tag=eloabder-20&linkCode=osi&th=1&psc=1">View Product</a></div>
<div class="product"><a href="https://www.amazon.com/dp/B000GISU1M?tag=eloabder-20&linkCode=osi&th=1&psc=1"><img src="https://m.media-amazon.com/images/I/41YAvhdmLIL._SL500_.jpg" alt="Product Image"></a><p>Optimum Nutrition Gold Standard 100% Whey Protein Powder, Vanilla Ice Creme, 5 Pound (Packaging May Vary)</p><p> -5% 0FF </p><p>$82.06 ($1.03 / Ounce)</p><a href="https://www.amazon.com/dp/B000GISU1M?tag=eloabder-20&linkCode=osi&th=1&psc=1">View Product</a></div><div class="product"><a href="https://www.amazon.com/dp/B084JHKFCW?tag=eloabder-20&linkCode=osi&th=1&psc=1"><img src="https://m.media-amazon.com/images/I/31wQjwQJR2L._SL500_.jpg" alt="Product Image"></a><p>American Standard 5503A00B.020 Slow Elongated Closed Front Toilet Seat, White</p><p> -42% 0FF </p><p>$32.96</p><a href="https://www.amazon.com/dp/B084JHKFCW?tag=eloabder-20&linkCode=osi&th=1&psc=1">View Product</a></div><div class="product"><a href="https://www.amazon.com/dp/B0CYZJM8PZ?tag=eloabder-20&linkCode=osi&th=1&psc=1"><img src="https://m.media-amazon.com/images/I/41d-M4+HpuL._SL500_.jpg" alt="Product Image"></a><p>DEGNJU LED Light Bulbs Daylight 5000K, 60 Watt Equivalent LED Bulbs, A19 Standard Bulbs, 800 LM, 15000 Hours, E26 Base, Non-Dimmable, 8.5W LED Bulbs for Bedroom Living Room 12 Pack</p><p> -27% 0FF </p><p>$17.99 ($1.50 / Count)</p><a href="https://www.amazon.com/dp/B0CYZJM8PZ?tag=eloabder-20&linkCode=osi&th=1&psc=1">View Product</a></div><div class="product"><a href="https://www.amazon.com/dp/B0CHYK75D4?tag=eloabder-20&linkCode=osi&th=1&psc=1"><img src="https://m.media-amazon.com/images/I/51DjecU3ILL._SL500_.jpg" alt="Product Image"></a><p>30-Piece Ultimate All-Purpose Combination Wrench Set in Roll-up Pouch | SAE 1/4‚Äù to 1‚Äù, Metric 6mm to 24mm | Best Value Complete Wrench Set for General Household, Garage, Truck, Car, Travel Emergency</p><p> -18% 0FF </p><p>$32.99</p><a href="https://www.amazon.com/dp/B0CHYK75D4?tag=eloabder-20&linkCode=osi&th=1&psc=1">View Product</a></div><div class="product"><a href="https://www.amazon.com/dp/B0D3XK7Z4J?tag=eloabder-20&linkCode=osi&th=1&psc=1"><img src="https://m.media-amazon.com/images/I/41wMwgcLSxL._SL500_.jpg" alt="Product Image"></a><p>Miucoguier Thread Checker - 28 Nut & Bolt Thread Checker, Bolt Size and Thread Gauge 14 Standard and 14 Metric Sizes, Bolt and Nut Identifier Gauge for Easy Verifying Sizing</p><p> -21% 0FF </p><p>$22.99</p><a href="https://www.amazon.com/dp/B0D3XK7Z4J?tag=eloabder-20&linkCode=osi&th=1&psc=1">View Product</a></div><div class="product"><a href="https://www.amazon.com/dp/B0CL1WBXG6?tag=eloabder-20&linkCode=osi&th=1&psc=1"><img src="https://m.media-amazon.com/images/I/51lHAQ830tL._SL500_.jpg" alt="Product Image"></a><p>GRENPRO Ratcheting Wrench Set, Combination Wrench Set, 22-Piece SAE & Metric and Standard, 72-Tooth Long Open End, 1/4" to 3/4" & 6-18mm, Organizer With Roll Up Pouch, CR-V Steel, Mechanic Tools Sets</p><p> -16% 0FF </p><p>$51.99 ($0.49 / Ounce)</p><a href="https://www.amazon.com/dp/B0CL1WBXG6?tag=eloabder-20&linkCode=osi&th=1&psc=1">View Product</a></div>

<div class="product"><a href="https://www.amazon.com/dp/B0D5V4PM1L?tag=eloabder-20&linkCode=osi&th=1&psc=1"><img src="https://m.media-amazon.com/images/I/51lbOWv6lZL._SL500_.jpg" alt="Product Image"></a><p>2025 Florida State and Federal Labor Laws Poster - OSHA Compliant UV Waterproof Laminated 24" x 36" English and Spanish Version 2PCS Folded - All in One Compliance Posting</p><p> -20% 0FF </p><p>$19.99</p><a href="https://www.amazon.com/dp/B0D5V4PM1L?tag=eloabder-20&linkCode=osi&th=1&psc=1">View Product</a></div>
<div class="product"><a href="https://www.amazon.com/dp/B0CFF8Z1NF?tag=eloabder-20&linkCode=osi&th=1&psc=1"><img src="https://m.media-amazon.com/images/I/41bDsv2AHdL._SL500_.jpg" alt="Product Image"></a><p>Endoscope Camera with Light - Inspection Borescope Camera with 4.3" IPS Screen, 1920P HD Snake Camera with 8 LED Lights, 16.4FT Semi-Rigid Cord Bore Scope, IP67 Waterproof Endoscope for Sewer(Orange)</p><p> -34% 0FF </p><p>$32.98</p><a href="https://www.amazon.com/dp/B0CFF8Z1NF?tag=eloabder-20&linkCode=osi&th=1&psc=1">View Product</a></div><div class="product"><a href="https://www.amazon.com/dp/B01D4QMUVI?tag=eloabder-20&linkCode=osi&th=1&psc=1"><img src="https://m.media-amazon.com/images/I/31UUBvi72zL._SL500_.jpg" alt="Product Image"></a><p>Optional life Telescoping LED Lighted Flexible Inspection Mirror 360 Swivel for Extra Viewing</p><p> -10% 0FF </p><p>$8.99</p><a href="https://www.amazon.com/dp/B01D4QMUVI?tag=eloabder-20&linkCode=osi&th=1&psc=1">View Product</a></div><div class="product"><a href="https://www.amazon.com/dp/B07HX76VM9?tag=eloabder-20&linkCode=osi&th=1&psc=1"><img src="https://m.media-amazon.com/images/I/31lU0HeUxnL._SL500_.jpg" alt="Product Image"></a><p>Juvale 2 Pack Telescoping Inspection Mirror Tool, Round 2-Inch Mirror with 24.5-Inch Extension for Mechanics, Inspectors</p><p> -38% 0FF </p><p>$7.99</p><a href="https://www.amazon.com/dp/B07HX76VM9?tag=eloabder-20&linkCode=osi&th=1&psc=1">View Product</a></div><div class="product"><a href="https://www.amazon.com/dp/B0BR7MKHF9?tag=eloabder-20&linkCode=osi&th=1&psc=1"><img src="https://m.media-amazon.com/images/I/41Oa1v7l6NL._SL500_.jpg" alt="Product Image"></a><p>Endoscope Camera with Light, 1920P HD Borescope Tools with 8 Adjustable LED Lights, Endoscope with 16.4ft Semi-Rigid Snake Camera, 7.9mm IP67 Waterproof Inspection Camera for iOS (Black)</p><p> -48% 0FF </p><p>$30.99</p><a href="https://www.amazon.com/dp/B0BR7MKHF9?tag=eloabder-20&linkCode=osi&th=1&psc=1">View Product</a></div><div class="product"><a href="https://www.amazon.com/dp/B09FK5QFTR?tag=eloabder-20&linkCode=osi&th=1&psc=1"><img src="https://m.media-amazon.com/images/I/41hfMwNfTWL._SL500_.jpg" alt="Product Image"></a><p>Telescoping Magnetic Pickup Tool Set-Extendable Magnet Flashlight with Inspection Mirror-Cool Gadgets Gifts Idea & Birthday Gifts for Father, Men, Him, Boyfriend, Husband, Handyman, Mechanic</p><p> -22% 0FF </p><p>$27.99</p><a href="https://www.amazon.com/dp/B09FK5QFTR?tag=eloabder-20&linkCode=osi&th=1&psc=1">View Product</a></div>
<div class="product"><a href="https://www.amazon.com/dp/B09KZ6TBNY?tag=eloabder-20&linkCode=osi&th=1&psc=1"><img src="https://m.media-amazon.com/images/I/41oPbadBuQL._SL500_.jpg" alt="Product Image"></a><p>iHealth COVID-19 Antigen Rapid Test, 1 Pack, 2 Tests Total, FDA EUA Authorized OTC at-Home Self Test, Results in 15 Minutes with Non-invasive Nasal Swab, Easy to Use & No Discomfort</p><p> -13% 0FF </p><p>$15.69 ($7.84 / Count)</p><a href="https://www.amazon.com/dp/B09KZ6TBNY?tag=eloabder-20&linkCode=osi&th=1&psc=1">View Product</a></div><div class="product"><a href="https://www.amazon.com/dp/B0C3SR4BNC?tag=eloabder-20&linkCode=osi&th=1&psc=1"><img src="https://m.media-amazon.com/images/I/41vH7tiKQaL._SL500_.jpg" alt="Product Image"></a><p>BinaxNOW COVID-19 Antigen Self Test, 1 Pack, 4 Tests Total, COVID Test With 15-Minute Results Without Sending to a Lab, Easy to Use at Home</p><p> -9% 0FF </p><p>$28.88 ($7.22 / Count)</p><a href="https://www.amazon.com/dp/B0C3SR4BNC?tag=eloabder-20&linkCode=osi&th=1&psc=1">View Product</a></div><div class="product"><a href="https://www.amazon.com/dp/B09PZS1N44?tag=eloabder-20&linkCode=osi&th=1&psc=1"><img src="https://m.media-amazon.com/images/I/418W+HhY5PL._SL500_.jpg" alt="Product Image"></a><p>Flowflex COVID-19 Antigen Home Test kit, 1 Pack, 5 Tests Total. FDA EUA Authorized OTC at-Home Self-Test, Non-invasive Nasal Swab, Easy to Use and No Discomfort, Results in 15 Minutes</p><p> -20% 0FF </p><p>$31.99 ($6.40 / Count)</p><a href="https://www.amazon.com/dp/B09PZS1N44?tag=eloabder-20&linkCode=osi&th=1&psc=1">View Product</a></div><div class="product"><a href="https://www.amazon.com/dp/B0D2DQBJS2?tag=eloabder-20&linkCode=osi&th=1&psc=1"><img src="https://m.media-amazon.com/images/I/51PHwjjreKL._SL500_.jpg" alt="Product Image"></a><p>CorDx TyFast Flu A/B & Covid-19 Multiplex Rapid Test, 10 Mins at Home, FDA Authorized, 3-in-1 Combo Kit, 2 Tests</p><p> -29% 0FF </p><p>$21.21</p><a href="https://www.amazon.com/dp/B0D2DQBJS2?tag=eloabder-20&linkCode=osi&th=1&psc=1">View Product</a></div><div class="product"><a href="https://www.amazon.com/dp/B07CF8C4VX?tag=eloabder-20&linkCode=osi&th=1&psc=1"><img src="https://m.media-amazon.com/images/I/51brLSHm6vL._SL500_.jpg" alt="Product Image"></a><p>CONTOUR NEXT Blood Glucose Test Strips for Diabetes, 70 Count (Pack of 1)</p><p> -17% 0FF </p><p>$26.58 ($0.38 / Count)</p><a href="https://www.amazon.com/dp/B07CF8C4VX?tag=eloabder-20&linkCode=osi&th=1&psc=1">View Product</a></div>
<div class="product"><a href="https://www.amazon.com/dp/B01LYBYFTJ?tag=eloabder-20&linkCode=osi&th=1&psc=1"><img src="https://m.media-amazon.com/images/I/518DrPFcK0L._SL500_.jpg" alt="Product Image"></a><p>Accuform MQTL707VP Plastic Sign, "Quality Control Inspection Area", 10" Length x 14" Width x 0.055" Thickness, Green/Black on White</p><p> -7% 0FF </p><p>$12.72</p><a href="https://www.amazon.com/dp/B01LYBYFTJ?tag=eloabder-20&linkCode=osi&th=1&psc=1">View Product</a></div><div class="product"><a href="https://www.amazon.com/dp/B08HQMBQ79?tag=eloabder-20&linkCode=osi&th=1&psc=1"><img src="https://m.media-amazon.com/images/I/41eP15ePWkL._SL500_.jpg" alt="Product Image"></a><p>CO2 Controller Carbon Dioxide Controller Air Quality Monitor CO2 Meter with Day and Night Control Relay Function, NDIR Sensor Probe Cable, CO2 Detector for Plant, Grow Room, Green House, Garden, Home</p><p> -13% 0FF </p><p>$139.59</p><a href="https://www.amazon.com/dp/B08HQMBQ79?tag=eloabder-20&linkCode=osi&th=1&psc=1">View Product</a></div><div class="product"><a href="https://www.amazon.com/dp/B0CPBKHZNC?tag=eloabder-20&linkCode=osi&th=1&psc=1"><img src="https://m.media-amazon.com/images/I/51jPs5y3CJL._SL500_.jpg" alt="Product Image"></a><p>IUYPKQ Steel Wool for Mice Control - 2 Pack of 3"√ó10Ft Steel Wool, Gap Filter for House & Garage - Keep Mice Away from HolesÔºåSidingÔºåPipelineÔºåVents in Garden, House, 7.04oz (2, 100g)</p><p> -18% 0FF </p><p>$8.20</p><a href="https://www.amazon.com/dp/B0CPBKHZNC?tag=eloabder-20&linkCode=osi&th=1&psc=1">View Product</a></div>

<div class="product"><a href="https://www.amazon.com/dp/B084F3YQMH?tag=eloabder-20&linkCode=osi&th=1&psc=1"><img src="https://m.media-amazon.com/images/I/51XzXeJ5EHS._SL500_.jpg" alt="Product Image"></a><p>Ultrasac Blue Recycling Bags 33 Gallon 0.9 MIL, 33.5" x 38" - Pack of 45 - For Recycling, Kitchen, Industrial, & Commercial</p><p> -37% 0FF </p><p>$15.06 ($0.33 / Count)</p><a href="https://www.amazon.com/dp/B084F3YQMH?tag=eloabder-20&linkCode=osi&th=1&psc=1">View Product</a></div>
<div class="product"><a href="https://www.amazon.com/dp/B09RY35M4S?tag=eloabder-20&linkCode=osi&th=1&psc=1"><img src="https://m.media-amazon.com/images/I/41wjzxrudGL._SL500_.jpg" alt="Product Image"></a><p>Kleenex Lotion Facial Tissues with Coconut Oil, 3 Flat Boxes, 120 Tissues Per Box, 3-Ply</p><p> -9% 0FF </p><p>$5.24 ($1.46 / 100 Sheets)</p><a href="https://www.amazon.com/dp/B09RY35M4S?tag=eloabder-20&linkCode=osi&th=1&psc=1">View Product</a></div><div class="product"><a href="https://www.amazon.com/dp/B09M5XF6JV?tag=eloabder-20&linkCode=osi&th=1&psc=1"><img src="https://m.media-amazon.com/images/I/410w59XOeaL._SL500_.jpg" alt="Product Image"></a><p>Kleenex Ultra Soft Facial Tissues, 4 Cube Boxes, 60 Tissues per Box, 3-Ply (240 Total Tissues), Packaging May Vary</p><p> -12% 0FF </p><p>$6.58 ($2.74 / 100 Sheets)</p><a href="https://www.amazon.com/dp/B09M5XF6JV?tag=eloabder-20&linkCode=osi&th=1&psc=1">View Product</a></div><div class="product"><a href="https://www.amazon.com/dp/B09YKRZR22?tag=eloabder-20&linkCode=osi&th=1&psc=1"><img src="https://m.media-amazon.com/images/I/413kbNG2YCL._SL500_.jpg" alt="Product Image"></a><p>Puffs Plus Lotion Facial Tissues, 8 Family Boxes, 124 Facial Tissues per Box, Allergies and Colds</p><p> -26% 0FF </p><p>$13.28 ($1.34 / 100 Sheets)</p><a href="https://www.amazon.com/dp/B09YKRZR22?tag=eloabder-20&linkCode=osi&th=1&psc=1">View Product</a></div>
<div class="product"><a href="https://www.amazon.com/dp/B0CMTR8NFM?tag=eloabder-20&linkCode=osi&th=1&psc=1"><img src="https://m.media-amazon.com/images/I/418XJgVkJIL._SL500_.jpg" alt="Product Image"></a><p>dalattin 12 Pack A19 LED Bulbs, 9W Equivalent 60 Watts, E26 Base, 5000K Daylight White, 800 LM, Efficient Energy Saving Lights for Living Room, Office, 80+ CRI, 120V, UL Listed</p><p> -6% 0FF </p><p>$15.99 ($1.33 / Count)</p><a href="https://www.amazon.com/dp/B0CMTR8NFM?tag=eloabder-20&linkCode=osi&th=1&psc=1">View Product</a></div><div class="product"><a href="https://www.amazon.com/dp/B0CZHCZ5TL?tag=eloabder-20&linkCode=osi&th=1&psc=1"><img src="https://m.media-amazon.com/images/I/31iJMTbdOTL._SL500_.jpg" alt="Product Image"></a><p>TP-Link Tapo Smart Plug Compatible with Alexa, Google Home & Samsung SmartThings, Energy Monitoring, 15A, ETL Certified, 2.4G Wi-Fi Only, Tapo P110, White</p><p> -27% 0FF </p><p>$10.99</p><a href="https://www.amazon.com/dp/B0CZHCZ5TL?tag=eloabder-20&linkCode=osi&th=1&psc=1">View Product</a></div><div class="product"><a href="https://www.amazon.com/dp/B0CCB442CF?tag=eloabder-20&linkCode=osi&th=1&psc=1"><img src="https://m.media-amazon.com/images/I/31oVkQ9gShL._SL500_.jpg" alt="Product Image"></a><p>DEGNJU A19 LED Light Bulbs, 60 Watt Equivalent LED Bulbs, Soft White 2700K, 800 Lumens, E26 Standard Base, Non-Dimmable, 8.5W Warm White LED Bulbs for Bedroom Living Room, 3 Pack</p><p> -33% 0FF </p><p>$7.98 ($2.66 / Count)</p><a href="https://www.amazon.com/dp/B0CCB442CF?tag=eloabder-20&linkCode=osi&th=1&psc=1">View Product</a></div>
<div class="product"><a href="https://www.amazon.com/dp/B08NX1XYBN?tag=eloabder-20&linkCode=osi&th=1&psc=1"><img src="https://m.media-amazon.com/images/I/51lfim+ZIRL._SL500_.jpg" alt="Product Image"></a><p>DIYSELF 2Pack Utility Knife Box Cutter Retractable Blade Heavy Duty(Red)</p><p> -38% 0FF </p><p>$7.99 ($4.00 / Count)</p><a href="https://www.amazon.com/dp/B08NX1XYBN?tag=eloabder-20&linkCode=osi&th=1&psc=1">View Product</a></div><div class="product"><a href="https://www.amazon.com/dp/B08HCW4V4G?tag=eloabder-20&linkCode=osi&th=1&psc=1"><img src="https://m.media-amazon.com/images/I/51A4GvNLy1S._SL500_.jpg" alt="Product Image"></a><p>HORUSDY 4-Pack Box Cutter Utility Knife, Heavy Duty Aluminum Shell Retractable Box Cutter for Cardboard, Boxes and Cartons, Extra 10 Blades.</p><p> -23% 0FF </p><p>$9.99 ($2.50 / Count)</p><a href="https://www.amazon.com/dp/B08HCW4V4G?tag=eloabder-20&linkCode=osi&th=1&psc=1">View Product</a></div><div class="product"><a href="https://www.amazon.com/dp/B097SXK3FG?tag=eloabder-20&linkCode=osi&th=1&psc=1"><img src="https://m.media-amazon.com/images/I/41QvJkjjQuL._SL500_.jpg" alt="Product Image"></a><p>WORKPRO Premium Utility Knife, Retractable All Metal Heavy Duty Box Cutter, Quick Change Blade Razor Knife, with 10 Extra Blades</p><p> -25% 0FF </p><p>$8.99</p><a href="https://www.amazon.com/dp/B097SXK3FG?tag=eloabder-20&linkCode=osi&th=1&psc=1">View Product</a></div><div class="product"><a href="https://www.amazon.com/dp/B01M27QHE2?tag=eloabder-20&linkCode=osi&th=1&psc=1"><img src="https://m.media-amazon.com/images/I/51ULro8xW3L._SL500_.jpg" alt="Product Image"></a><p>INTERNET'S BEST Premium Utility Knife Set | Retractable Box Cutter with Rubber Handle | Heavy-Duty Cutting for Cardboard, Carpet, Plastic | Retractable Blade | Includes 2 Razor Knives & Extra Blades</p><p> -25% 0FF </p><p>$14.99</p><a href="https://www.amazon.com/dp/B01M27QHE2?tag=eloabder-20&linkCode=osi&th=1&psc=1">View Product</a></div><div class="product"><a href="https://www.amazon.com/dp/B09JYJLQXF?tag=eloabder-20&linkCode=osi&th=1&psc=1"><img src="https://m.media-amazon.com/images/I/51IqddPa30L._SL500_.jpg" alt="Product Image"></a><p>M MEEPO Box Cutter, 4-Pack Tough Folding Box Cutter for Heavy Duty Purpose, Razor Sharp Blade, Comfortable Handle, with Extra 10-Piece Blades, Can cut Drywall, Sheet Plastic, Linoleum, Boxes, Rope</p><p> -31% 0FF </p><p>$10.99 ($2.75 / Count)</p><a href="https://www.amazon.com/dp/B09JYJLQXF?tag=eloabder-20&linkCode=osi&th=1&psc=1">View Product</a></div><div class="product"><a href="https://www.amazon.com/dp/B09K7SJH6X?tag=eloabder-20&linkCode=osi&th=1&psc=1"><img src="https://m.media-amazon.com/images/I/41-bwfYeYRL._SL500_.jpg" alt="Product Image"></a><p>WORKPRO Folding Utility Knife with Stainless Steel Head, Quick-change Blade & Back Lock, Wood Handle Heavy Duty Box Cutter, 1PC Razor Knife with Extra 10PC SK5 Blades</p><p> -25% 0FF </p><p>$14.99</p><a href="https://www.amazon.com/dp/B09K7SJH6X?tag=eloabder-20&linkCode=osi&th=1&psc=1">View Product</a></div><div class="product"><a href="https://www.amazon.com/dp/B07DXTP9M9?tag=eloabder-20&linkCode=osi&th=1&psc=1"><img src="https://m.media-amazon.com/images/I/51DsWoOdb2L._SL500_.jpg" alt="Product Image"></a><p>REXBETI 12-Pack Utility Knife, Retractable Box Cutter for Cartons, Cardboard and Boxes, 18mm Wider Razor Sharp Blade, Smooth Mechanism, Perfect for Office and Home use</p><p> -60% 0FF </p><p>$9.99</p><a href="https://www.amazon.com/dp/B07DXTP9M9?tag=eloabder-20&linkCode=osi&th=1&psc=1">View Product</a></div>
<div class="product"><a href="https://www.amazon.com/dp/B07P6PH5SB?tag=eloabder-20&linkCode=osi&th=1&psc=1"><img src="https://m.media-amazon.com/images/I/41h9Fp94OLL._SL500_.jpg" alt="Product Image"></a><p>3M SecureFit Safety Helmet - Climbing Style Inspired Safety Helmet with 6 Point Suspension System, Non-Vented, White, X5001-ANSI, for Construction and Heavy Infrastructure</p><p> -39% 0FF </p><p>$64.83</p><a href="https://www.amazon.com/dp/B07P6PH5SB?tag=eloabder-20&linkCode=osi&th=1&psc=1">View Product</a></div><div class="product"><a href="https://www.amazon.com/dp/B0DCVQRJCJ?tag=eloabder-20&linkCode=osi&th=1&psc=1"><img src="https://m.media-amazon.com/images/I/41bpS1WjabL._SL500_.jpg" alt="Product Image"></a><p>QYZZRS Generator Interlock Kit Compatible with Eaton Cutler Hammer 100 Amp and 125 Amp Panels Breaker,for Safe Usage of Portable Power During Outage,Professional and Interlock Kit (1)</p><p> -16% 0FF </p><p>$27.59</p><a href="https://www.amazon.com/dp/B0DCVQRJCJ?tag=eloabder-20&linkCode=osi&th=1&psc=1">View Product</a></div><div class="product"><a href="https://www.amazon.com/dp/B00C01W6DG?tag=eloabder-20&linkCode=osi&th=1&psc=1"><img src="https://m.media-amazon.com/images/I/41ajsEzhqeL._SL500_.jpg" alt="Product Image"></a><p>ICC Cat6 Riser 1000ft - UTP 23AWG, 100% Solid Pure Copper, Unshielded CMR, Bulk Ethernet Cable, PoE++, 500MHz, Reelex Pull Box, UL Certified, RoHS and TAA Compliant, Blue</p><p> -9% 0FF </p><p>$142.39</p><a href="https://www.amazon.com/dp/B00C01W6DG?tag=eloabder-20&linkCode=osi&th=1&psc=1">View Product</a></div><div class="product"><a href="https://www.amazon.com/dp/B00QXTXSKQ?tag=eloabder-20&linkCode=osi&th=1&psc=1"><img src="https://m.media-amazon.com/images/I/31dvw-xXqDL._SL500_.jpg" alt="Product Image"></a><p>MSA 10048280 Calibration Cylinder, Aluminium Gas Bottle, 34 Liter, 1.45% CH4, 15% O2, 60 PPM CO, 20 PPM H2S, Galaxy GX2 System Test Stand Compatible, Multi-Use Air Tank</p><p> -11% 0FF </p><p>$364.02</p><a href="https://www.amazon.com/dp/B00QXTXSKQ?tag=eloabder-20&linkCode=osi&th=1&psc=1">View Product</a></div><div class="product"><a href="https://www.amazon.com/dp/B016N3609W?tag=eloabder-20&linkCode=osi&th=1&psc=1"><img src="https://m.media-amazon.com/images/I/31qfvZRAQaL._SL500_.jpg" alt="Product Image"></a><p>MSA 815641 Advantage Respirator Cartridge - Iodine Vapor/P100 (GMI), Quantity: 2 per Pack, Chemical and Combination Air-Purifying Respirator Cartridge</p><p> -38% 0FF </p><p>$22.72 ($11.36 / Count)</p><a href="https://www.amazon.com/dp/B016N3609W?tag=eloabder-20&linkCode=osi&th=1&psc=1">View Product</a></div>
<div class="product"><a href="https://www.amazon.com/dp/B00JKHFR2K?tag=eloabder-20&linkCode=osi&th=1&psc=1"><img src="https://m.media-amazon.com/images/I/31-VtYKPhLL._SL500_.jpg" alt="Product Image"></a><p>Childcraft Construction Paper, 9 x 12 Inches, Assorted Colors, 500 Sheets - 1465886</p><p> -12% 0FF </p><p>$14.02 ($0.03 / Count)</p><a href="https://www.amazon.com/dp/B00JKHFR2K?tag=eloabder-20&linkCode=osi&th=1&psc=1">View Product</a></div><div class="product"><a href="https://www.amazon.com/dp/B07BPWV83H?tag=eloabder-20&linkCode=osi&th=1&psc=1"><img src="https://m.media-amazon.com/images/I/51lp+IIfd7L._SL500_.jpg" alt="Product Image"></a><p>REXBETI Knee Pads for Work, Construction Gel Knee Pads Tools, Heavy Duty Comfortable Anti-slip Foam Knee Pads for Cleaning Flooring and Garden, Strong Stretchable Straps, 1 Pair</p><p> -28% 0FF </p><p>$25.99</p><a href="https://www.amazon.com/dp/B07BPWV83H?tag=eloabder-20&linkCode=osi&th=1&psc=1">View Product</a></div><div class="product"><a href="https://www.amazon.com/dp/B0CQ755FYH?tag=eloabder-20&linkCode=osi&th=1&psc=1"><img src="https://m.media-amazon.com/images/I/41lT80YapPL._SL500_.jpg" alt="Product Image"></a><p>Laser Level with Tripod, Huepar 98Ft Self Leveling Laser Level Green Line Laser Cross Line Laser Leveler Tool for Picture Hanging, Tile, Home Renovation, Indoor Project, Battery&Carrying Bag Included</p><p> -38% 0FF </p><p>$49.99</p><a href="https://www.amazon.com/dp/B0CQ755FYH?tag=eloabder-20&linkCode=osi&th=1&psc=1">View Product</a></div><div class="product"><a href="https://www.amazon.com/dp/B09W8LBWJH?tag=eloabder-20&linkCode=osi&th=1&psc=1"><img src="https://m.media-amazon.com/images/I/4115vnIiXsL._SL500_.jpg" alt="Product Image"></a><p>Deinyi Construction Toddler Utensils - Toddler Forks and Spoons - Kids Spoon and Fork Set - Suitable for Kids Utensils - Baby Utensils, Portable Utensils Set for 1 2 3 4 5 year old Toddlers, Yellow</p><p> -37% 0FF </p><p>$11.99</p><a href="https://www.amazon.com/dp/B09W8LBWJH?tag=eloabder-20&linkCode=osi&th=1&psc=1">View Product</a></div><div class="product"><a href="https://www.amazon.com/dp/B002LARR76?tag=eloabder-20&linkCode=osi&th=1&psc=1"><img src="https://m.media-amazon.com/images/I/31K2j809lBL._SL500_.jpg" alt="Product Image"></a><p>Prang (Formerly SunWorks) Construction Paper, Brown, 9" x 12", 100 Sheets</p><p> -11% 0FF </p><p>$4.27 ($0.04 / Count)</p><a href="https://www.amazon.com/dp/B002LARR76?tag=eloabder-20&linkCode=osi&th=1&psc=1">View Product</a></div>
<div class="product"><a href="https://www.amazon.com/dp/B08GFP7PSK?tag=eloabder-20&linkCode=osi&th=1&psc=1"><img src="https://m.media-amazon.com/images/I/41gooaY8RRL._SL500_.jpg" alt="Product Image"></a><p>BESTAMTOY 36 PCS Wooden Sorting Stacking Rocks Stones,Sensory Toddler Toys Learning Montessori Toys, Building Blocks Game for Kids 3 4 5 6 Years Boy and Girl Birthday Gifts for Kids</p><p> -36% 0FF </p><p>$23.19</p><a href="https://www.amazon.com/dp/B08GFP7PSK?tag=eloabder-20&linkCode=osi&th=1&psc=1">View Product</a></div><div class="product"><a href="https://www.amazon.com/dp/B0CWVT99MF?tag=eloabder-20&linkCode=osi&th=1&psc=1"><img src="https://m.media-amazon.com/images/I/31v6b-LC5ML._SL500_.jpg" alt="Product Image"></a><p>IRWIN Quick-Lift Construction Jack, Hand Lifting Jack Tool, Multifunctional, Lift up to 10" and Lift Capacity 330 lbs (IRHT83100)</p><p> -9% 0FF </p><p>$89.99</p><a href="https://www.amazon.com/dp/B0CWVT99MF?tag=eloabder-20&linkCode=osi&th=1&psc=1">View Product</a></div><div class="product"><a href="https://www.amazon.com/dp/B0BWY4444M?tag=eloabder-20&linkCode=osi&th=1&psc=1"><img src="https://m.media-amazon.com/images/I/51esMBM0unL._SL500_.jpg" alt="Product Image"></a><p>XClifes Labor Saving Handle 2 Pack,15 In Construction Jack, Wall Tile Locator, Multi-Function Height Adjustment Lifting Device, Door Panel Lifting Cabinet Jack,Raised 10 in,Dynamic Load 470 LB</p><p> -69% 0FF </p><p>$43.99</p><a href="https://www.amazon.com/dp/B0BWY4444M?tag=eloabder-20&linkCode=osi&th=1&psc=1">View Product</a></div><div class="product"><a href="https://www.amazon.com/dp/0021402442?tag=eloabder-20&linkCode=osi&th=1&psc=1"><img src="https://m.media-amazon.com/images/I/511QbiOnlIL._SL500_.jpg" alt="Product Image"></a><p>Glencoe Carpentry and Building Construction, Student Edition (CARPENTRY & BLDG CONSTRUCTION)</p><p> -47% 0FF </p><p>$59.50</p><a href="https://www.amazon.com/dp/0021402442?tag=eloabder-20&linkCode=osi&th=1&psc=1">View Product</a></div><div class="product"><a href="https://www.amazon.com/dp/B08R3TW6PD?tag=eloabder-20&linkCode=osi&th=1&psc=1"><img src="https://m.media-amazon.com/images/I/51Ca5qyFUyL._SL500_.jpg" alt="Product Image"></a><p>Coodoo Upgraded Magnetic Blocks Tough Tiles STEM Toys for 3+ Year Old Boys and Girls Learning by Playing Games for Toddlers Kids, Compatible with Major Brands Building Blocks - Starter Set</p><p> -9% 0FF </p><p>$19.99</p><a href="https://www.amazon.com/dp/B08R3TW6PD?tag=eloabder-20&linkCode=osi&th=1&psc=1">View Product</a></div><div class="product"><a href="https://www.amazon.com/dp/B0D17SV1WJ?tag=eloabder-20&linkCode=osi&th=1&psc=1"><img src="https://m.media-amazon.com/images/I/41GZRx1QfVL._SL500_.jpg" alt="Product Image"></a><p>10 Pcs Interlocking Deck Tiles 12" x 12", Patio Flooring Outdoor Waterproof, Acacia Wood Tiles All Weather, Floor Tiles for Balcony, Backyard, Indoor and Outdoor use‚Ä¶ (Espresso)</p><p> -15% 0FF </p><p>$38.99</p><a href="https://www.amazon.com/dp/B0D17SV1WJ?tag=eloabder-20&linkCode=osi&th=1&psc=1">View Product</a></div><div class="product"><a href="https://www.amazon.com/dp/B0CPCZ3V7C?tag=eloabder-20&linkCode=osi&th=1&psc=1"><img src="https://m.media-amazon.com/images/I/51zv+eT4kkL._SL500_.jpg" alt="Product Image"></a><p>Titrot Magnetic Blocks Kids Toys, Large Magnetic Building Sticks STEM Educational Sensory Toy Preschool Learning Montessori Toys for Toddlers Boys Girls Ages 3-8 with 1 Car</p><p> -17% 0FF </p><p>$24.99</p><a href="https://www.amazon.com/dp/B0CPCZ3V7C?tag=eloabder-20&linkCode=osi&th=1&psc=1">View Product</a></div>

<div class="product"><a href="https://www.amazon.com/dp/B0D676KYMV?tag=eloabder-20&linkCode=osi&th=1&psc=1"><img src="https://m.media-amazon.com/images/I/41dhQyG9XZL._SL500_.jpg" alt="Product Image"></a><p>Dimgogo Hexagon LED Garage Ceiling Lights,25 Pack 17280LM Super Bright LED car Lights for Warehouse Basement Workshop Gym Car Detailing Shop Wash Room</p><p> -21% 0FF </p><p>$69.99</p><a href="https://www.amazon.com/dp/B0D676KYMV?tag=eloabder-20&linkCode=osi&th=1&psc=1">View Product</a></div>
<div class="product"><a href="https://www.amazon.com/dp/B0C73SFP11?tag=eloabder-20&linkCode=osi&th=1&psc=1"><img src="https://m.media-amazon.com/images/I/31+p7lB1nDL._SL500_.jpg" alt="Product Image"></a><p>2 Pack, 9 Inch Clear Non-Skid Lazy Susan Organizers - Turntable Rack for Kitchen Cabinet, Pantry Organization and Storage, Fridge, Bathroom Closet, Vanity Countertop Makeup Organizing, Spice Rack</p><p> -32% 0FF </p><p>$12.98</p><a href="https://www.amazon.com/dp/B0C73SFP11?tag=eloabder-20&linkCode=osi&th=1&psc=1">View Product</a></div><div class="product"><a href="https://www.amazon.com/dp/B098991PPP?tag=eloabder-20&linkCode=osi&th=1&psc=1"><img src="https://m.media-amazon.com/images/I/41pFHdubflL._SL500_.jpg" alt="Product Image"></a><p>SpaceAid Heavy Duty Moving Bags, Extra Large Storage Totes W/Backpack Straps Strong Handles & Zippers, Alternative to Moving Boxes, Packing & Moving Supplies, Black (8 Pack)</p><p> -24% 0FF </p><p>$36.99 ($4.62 / Count)</p><a href="https://www.amazon.com/dp/B098991PPP?tag=eloabder-20&linkCode=osi&th=1&psc=1">View Product</a></div>
<div class="product"><a href="https://www.amazon.com/dp/B001JT1LCW?tag=eloabder-20&linkCode=osi&th=1&psc=1"><img src="https://m.media-amazon.com/images/I/41-NrbTtXOL._SL500_.jpg" alt="Product Image"></a><p>Logistic Ratchet Strap, 16ft x 2In, 1000lb</p><p> -37% 0FF </p><p>$11.13</p><a href="https://www.amazon.com/dp/B001JT1LCW?tag=eloabder-20&linkCode=osi&th=1&psc=1">View Product</a></div>
<div class="product"><a href="https://www.amazon.com/dp/B07MM6D6H8?tag=eloabder-20&linkCode=osi&th=1&psc=1"><img src="https://m.media-amazon.com/images/I/51-5i+GLJFL._SL500_.jpg" alt="Product Image"></a><p>edxeducation Transport Counters - Mini Jar - Set of 36 - Learn Counting, Colors, Sorting and Sequencing - Hands-on Math Manipulative for Kids</p><p> -6% 0FF </p><p>$12.66</p><a href="https://www.amazon.com/dp/B07MM6D6H8?tag=eloabder-20&linkCode=osi&th=1&psc=1">View Product</a></div><div class="product"><a href="https://www.amazon.com/dp/B0058ORV6Y?tag=eloabder-20&linkCode=osi&th=1&psc=1"><img src="https://m.media-amazon.com/images/I/415rpz1mnxL._SL500_.jpg" alt="Product Image"></a><p>Didax Educational Resources Transportation Counters, 72</p><p> -31% 0FF </p><p>$14.50</p><a href="https://www.amazon.com/dp/B0058ORV6Y?tag=eloabder-20&linkCode=osi&th=1&psc=1">View Product</a></div><div class="product"><a href="https://www.amazon.com/dp/B0BWNRKN6Y?tag=eloabder-20&linkCode=osi&th=1&psc=1"><img src="https://m.media-amazon.com/images/I/51Fau8rx1IL._SL500_.jpg" alt="Product Image"></a><p>Reusable Sticker Book for Kids, Vehicles Truck Stickers Educational Learning Toys Travel Stickers Activity Books for Toddler Girls Boys Age 3+ Birthday Gifts</p><p> -34% 0FF </p><p>$5.95</p><a href="https://www.amazon.com/dp/B0BWNRKN6Y?tag=eloabder-20&linkCode=osi&th=1&psc=1">View Product</a></div>
<div class="product"><a href="https://www.amazon.com/dp/B0BLTY38V7?tag=eloabder-20&linkCode=osi&th=1&psc=1"><img src="https://m.media-amazon.com/images/I/31zmVFnuy3L._SL500_.jpg" alt="Product Image"></a><p>SWEETAPRIL Slow Moving Vehicle Sign, Rust Free Aluminum Slow Moving Vehicle Triangle Signs, 14"X16", 40-Mil Thick Diamond Grade Reflective For Golf Cart, For Golf Cart, Tractor, Utv, Safety Signs</p><p> -47% 0FF </p><p>$9.99</p><a href="https://www.amazon.com/dp/B0BLTY38V7?tag=eloabder-20&linkCode=osi&th=1&psc=1">View Product</a></div><div class="product"><a href="https://www.amazon.com/dp/B0D9NXPMMR?tag=eloabder-20&linkCode=osi&th=1&psc=1"><img src="https://m.media-amazon.com/images/I/418RV63IwdL._SL500_.jpg" alt="Product Image"></a><p>Mini Car Trash Can Bin with Lid and One Roll Plastic Trash Bags, Small Car Garbage Can Leakproof Car Accessories Trash Bin Car Dustbin Organizer Container for Car, Vehicle, Office, Home</p><p> -16% 0FF </p><p>$9.98</p><a href="https://www.amazon.com/dp/B0D9NXPMMR?tag=eloabder-20&linkCode=osi&th=1&psc=1">View Product</a></div><div class="product"><a href="https://www.amazon.com/dp/B000UHP9EU?tag=eloabder-20&linkCode=osi&th=1&psc=1"><img src="https://m.media-amazon.com/images/I/31wK9xXH7wL._SL500_.jpg" alt="Product Image"></a><p>FIRST ALERT AUTOMAR10 Car and Marine Fire Extinguisher, FE10GR, UL RATED 10-B:C, White, 1-Pack</p><p> -32% 0FF </p><p>$26.44</p><a href="https://www.amazon.com/dp/B000UHP9EU?tag=eloabder-20&linkCode=osi&th=1&psc=1">View Product</a></div><div class="product"><a href="https://www.amazon.com/dp/B0CQSH2J4R?tag=eloabder-20&linkCode=osi&th=1&psc=1"><img src="https://m.media-amazon.com/images/I/41NenTedbdL._SL500_.jpg" alt="Product Image"></a><p>Yaocom 1 Set Slow Moving Vehicle Sign with Mounting Bracket 14 x 16 Inch Slow Moving Vehicle Triangle Signs Aluminum Slow Sign Warning Triangles for Vehicles Golf Cart Tractor Outdoor Accessories</p><p> -5% 0FF </p><p>$18.99</p><a href="https://www.amazon.com/dp/B0CQSH2J4R?tag=eloabder-20&linkCode=osi&th=1&psc=1">View Product</a></div><div class="product"><a href="https://www.amazon.com/dp/B000P0DPGQ?tag=eloabder-20&linkCode=osi&th=1&psc=1"><img src="https://m.media-amazon.com/images/I/41S75Iev+4L._SL500_.jpg" alt="Product Image"></a><p>FIRST ALERT AUTO5 Car Fire Extinguisher, FESA5, UL RATED 5-B:C, Red, 1-Pack</p><p> -39% 0FF </p><p>$23.77</p><a href="https://www.amazon.com/dp/B000P0DPGQ?tag=eloabder-20&linkCode=osi&th=1&psc=1">View Product</a></div><div class="product"><a href="https://www.amazon.com/dp/B00CGSF4F0?tag=eloabder-20&linkCode=osi&th=1&psc=1"><img src="https://m.media-amazon.com/images/I/41O8ARwr2cL._SL500_.jpg" alt="Product Image"></a><p>BAZIC 12 X 16 Inches Sale Sign, 2-Line (L-2)</p><p> -12% 0FF </p><p>$5.13</p><a href="https://www.amazon.com/dp/B00CGSF4F0?tag=eloabder-20&linkCode=osi&th=1&psc=1">View Product</a></div>
<div class="product"><a href="https://www.amazon.com/dp/B0829D1D7V?tag=eloabder-20&linkCode=osi&th=1&psc=1"><img src="https://m.media-amazon.com/images/I/51J7vVLjl6L._SL500_.jpg" alt="Product Image"></a><p>2-Pack Bubble Cushioning Nylon Wrap Rolls, 3/16" x 12" x 72' ft Total, Perforated Every 12", 20 Fragile Stickers for Packaging, Shipping, Mailing</p><p> -15% 0FF </p><p>$15.50 ($7.75 / Count)</p><a href="https://www.amazon.com/dp/B0829D1D7V?tag=eloabder-20&linkCode=osi&th=1&psc=1">View Product</a></div><div class="product"><a href="https://www.amazon.com/dp/B09GPNQCW4?tag=eloabder-20&linkCode=osi&th=1&psc=1"><img src="https://m.media-amazon.com/images/I/416VMuii7+L._SL500_.jpg" alt="Product Image"></a><p>Donyson Frosted T Shirt Bags 10x13, 100 Pack Clear Bags for Packaging, Package Bags, Packaging Bags for Small Business, Shipping Bags with Handle</p><p> -5% 0FF </p><p>$20.99 ($0.21 / Count)</p><a href="https://www.amazon.com/dp/B09GPNQCW4?tag=eloabder-20&linkCode=osi&th=1&psc=1">View Product</a></div><div class="product"><a href="https://www.amazon.com/dp/B000J07BRQ?tag=eloabder-20&linkCode=osi&th=1&psc=1"><img src="https://m.media-amazon.com/images/I/517ZAgVhtNL._SL500_.jpg" alt="Product Image"></a><p>Scotch Heavy Duty Shipping and Moving Packing Tape, Clear, Packing and Moving Supplies, 1.88 in. x 22.2 yd., 6 Tape Rolls with Dispensers</p><p> -31% 0FF </p><p>$13.88</p><a href="https://www.amazon.com/dp/B000J07BRQ?tag=eloabder-20&linkCode=osi&th=1&psc=1">View Product</a></div>

<div class="product"><a href="https://www.amazon.com/dp/B09ZV2364K?tag=eloabder-20&linkCode=osi&th=1&psc=1"><img src="https://m.media-amazon.com/images/I/41Ts3dr3u3L._SL500_.jpg" alt="Product Image"></a><p>DEKOPRO Submersible Water Pump 1/3 HP 2450GPH Utility Pump Thermoplastic Electric Portable Transfer Water Pump with 10-Foot Cord for Pool Tub Garden Pond Draining</p><p> -32% 0FF </p><p>$40.99</p><a href="https://www.amazon.com/dp/B09ZV2364K?tag=eloabder-20&linkCode=osi&th=1&psc=1">View Product</a></div><div class="product"><a href="https://www.amazon.com/dp/B0CRKY91RW?tag=eloabder-20&linkCode=osi&th=1&psc=1"><img src="https://m.media-amazon.com/images/I/31v5rVK5BPL._SL500_.jpg" alt="Product Image"></a><p>Sump Pump Submersible 1.4HP 4800GPH Water Pump Electric for Portable Transfer Water Pump Sump Pumps Utility Pump with 8 Accessories for Pool Draining Basement, 120 Voltage</p><p> -21% 0FF </p><p>$49.00</p><a href="https://www.amazon.com/dp/B0CRKY91RW?tag=eloabder-20&linkCode=osi&th=1&psc=1">View Product</a></div><div class="product"><a href="https://www.amazon.com/dp/B09Y918453?tag=eloabder-20&linkCode=osi&th=1&psc=1"><img src="https://m.media-amazon.com/images/I/41rSFmVH4hL._SL500_.jpg" alt="Product Image"></a><p>FOTING Sump Pump 1HP 3960 GPH for Clean/Dirty Water Use, Thermoplastic Submersible Water Pump Utility Electric Portable Transfer Pump for Swimming Pool Garden Pond Basement Window Wells with 25ft Cord</p><p> -14% 0FF </p><p>$66.99</p><a href="https://www.amazon.com/dp/B09Y918453?tag=eloabder-20&linkCode=osi&th=1&psc=1">View Product</a></div>
<div class="product"><a href="https://www.amazon.com/dp/B085RV5SRY?tag=eloabder-20&linkCode=osi&th=1&psc=1"><img src="https://m.media-amazon.com/images/I/41Irw5yYT4L._SL500_.jpg" alt="Product Image"></a><p>(Pack of 10) EFIELD 1/2 Inch Pex Crimp Brass Full Port Shut-off Ball Valve for Hot and Cold Water, UPC Certified</p><p> -35% 0FF </p><p>$29.95 ($3.00 / Count)</p><a href="https://www.amazon.com/dp/B085RV5SRY?tag=eloabder-20&linkCode=osi&th=1&psc=1">View Product</a></div>
<div class="product"><a href="https://www.amazon.com/dp/B07MTK9Y31?tag=eloabder-20&linkCode=osi&th=1&psc=1"><img src="https://m.media-amazon.com/images/I/41w52vo9Q9L._SL500_.jpg" alt="Product Image"></a><p>GeilSpace 6 Pack 3/4" √ó 12" Pre-Cut Black Metal Pipe, Industrial Steel Fits Standard Three Quarters Inch Black Threaded Pipes and Fittings - Vintage DIY Industrial Shelving (3/4" √ó 12", Black)</p><p> -19% 0FF </p><p>$21.99 ($3.66 / Count)</p><a href="https://www.amazon.com/dp/B07MTK9Y31?tag=eloabder-20&linkCode=osi&th=1&psc=1">View Product</a></div><div class="product"><a href="https://www.amazon.com/dp/B000OHANEM?tag=eloabder-20&linkCode=osi&th=1&psc=1"><img src="https://m.media-amazon.com/images/I/51G4C0ueewL._SL500_.jpg" alt="Product Image"></a><p>Flex-Drain 51710 Flexible/Expandable Solid Drainage Pipe, 3.37in (Inside Diameter) by 12ft</p><p> -16% 0FF </p><p>$14.27</p><a href="https://www.amazon.com/dp/B000OHANEM?tag=eloabder-20&linkCode=osi&th=1&psc=1">View Product</a></div><div class="product"><a href="https://www.amazon.com/dp/B0009PU9CK?tag=eloabder-20&linkCode=osi&th=1&psc=1"><img src="https://m.media-amazon.com/images/I/31NqDYLrlqL._SL500_.jpg" alt="Product Image"></a><p>Rectorseal 25790 1-3/4-Ounce Tube No.5 Pipe Thread Sealant</p><p> -20% 0FF </p><p>$4.63 ($2.63 / Ounce)</p><a href="https://www.amazon.com/dp/B0009PU9CK?tag=eloabder-20&linkCode=osi&th=1&psc=1">View Product</a></div><div class="product"><a href="https://www.amazon.com/dp/B06XDK78GQ?tag=eloabder-20&linkCode=osi&th=1&psc=1"><img src="https://m.media-amazon.com/images/I/41h6Lm9j-EL._SL500_.jpg" alt="Product Image"></a><p>Hiware Drinking Straw Cleaner Brush Kit - (3-Size) 9-Piece Extra Long Pipe Cleaners, Straw Cleaning Brush For Tumbler, Sippy Cup, Bottle and Tube</p><p> -38% 0FF </p><p>$4.99</p><a href="https://www.amazon.com/dp/B06XDK78GQ?tag=eloabder-20&linkCode=osi&th=1&psc=1">View Product</a></div><div class="product"><a href="https://www.amazon.com/dp/B0D75YFQYX?tag=eloabder-20&linkCode=osi&th=1&psc=1"><img src="https://m.media-amazon.com/images/I/31eJKO5QnML._SL500_.jpg" alt="Product Image"></a><p>3/4 inch Water Pipe Repair Clamp,Emergency Pipe Repair Kit for Plastic and Metal Pipes,Suitable for PE/PVC pipe repair,Steel Pipes,Iron Pipes(19mm-21mm)</p><p> -20% 0FF </p><p>$9.99</p><a href="https://www.amazon.com/dp/B0D75YFQYX?tag=eloabder-20&linkCode=osi&th=1&psc=1">View Product</a></div>
<div class="product"><a href="https://www.amazon.com/dp/B098LMBLNW?tag=eloabder-20&linkCode=osi&th=1&psc=1"><img src="https://m.media-amazon.com/images/I/51g1okYsY5L._SL500_.jpg" alt="Product Image"></a><p>1/2" Pex Fittings, SUNGATOR 45 PCS 1/2 Inch Pex Fittings Set, 15 Each Elbow Tee Coupling Pex Fittings for Pex Pipe, No Lead Brass, ASTM F1807</p><p> -8% 0FF </p><p>$33.99</p><a href="https://www.amazon.com/dp/B098LMBLNW?tag=eloabder-20&linkCode=osi&th=1&psc=1">View Product</a></div><div class="product"><a href="https://www.amazon.com/dp/B0C3HBKCBY?tag=eloabder-20&linkCode=osi&th=1&psc=1"><img src="https://m.media-amazon.com/images/I/51PQ+3I4XiL._SL500_.jpg" alt="Product Image"></a><p>KOOTANS 66pcs Brass Pipe Fittings Assortment NPT Adapter Fitting, Reducer Bushing, Hex Nipple, Reducing Hex Coupling, Pipe Head Brass Plug Kit</p><p> -13% 0FF </p><p>$69.99</p><a href="https://www.amazon.com/dp/B0C3HBKCBY?tag=eloabder-20&linkCode=osi&th=1&psc=1">View Product</a></div>
<div class="product"><a href="https://www.amazon.com/dp/B08G1B6Z73?tag=eloabder-20&linkCode=osi&th=1&psc=1"><img src="https://m.media-amazon.com/images/I/41fPrg-ewYS._SL500_.jpg" alt="Product Image"></a><p>SANFU Polyurethane Recoil Air Compressor Hose 1/4"ID x 25FT Long Tail with Bend Restrictor,1/4‚Äù MNPT Fittings Brass Quick Coupler and Plug, Blue(25')</p><p> -50% 0FF </p><p>$8.99 ($0.36 / Foot)</p><a href="https://www.amazon.com/dp/B08G1B6Z73?tag=eloabder-20&linkCode=osi&th=1&psc=1">View Product</a></div><div class="product"><a href="https://www.amazon.com/dp/B0D227WPF7?tag=eloabder-20&linkCode=osi&th=1&psc=1"><img src="https://m.media-amazon.com/images/I/41YwBSYYHuL._SL500_.jpg" alt="Product Image"></a><p>SANFU Polyurethane(PU) Air Hose 1/4-Inch x 100ft Reinforced, lightweight, Flexible, 300PSI With 1/4‚Äù Swivel Aluminum Universal 3IN1 Coupler and Plug, 1PCS Safery Coupler, Bend Restrictor</p><p> -50% 0FF </p><p>$25.99 ($0.26 / Foot)</p><a href="https://www.amazon.com/dp/B0D227WPF7?tag=eloabder-20&linkCode=osi&th=1&psc=1">View Product</a></div><div class="product"><a href="https://www.amazon.com/dp/B09W4KSB5X?tag=eloabder-20&linkCode=osi&th=1&psc=1"><img src="https://m.media-amazon.com/images/I/51w1yQMw7aL._SL500_.jpg" alt="Product Image"></a><p>DAVCO 1/2" ID x 25 ft PVC Reinforced Tubing With Spiral Steel Wire, High Pressure Flexible Vinyl Hose Heavy Duty Clear Suction Tube,Non-Toxic, Vacuum Dust Collection Pipe</p><p> -50% 0FF </p><p>$16.99 ($0.68 / Foot)</p><a href="https://www.amazon.com/dp/B09W4KSB5X?tag=eloabder-20&linkCode=osi&th=1&psc=1">View Product</a></div>

<div class="product"><a href="https://www.amazon.com/dp/B0CYYYZRV9?tag=eloabder-20&linkCode=osi&th=1&psc=1"><img src="https://m.media-amazon.com/images/I/41glXO+YSbL._SL500_.jpg" alt="Product Image"></a><p>YAMASO 20 Pcs 608 2RS Ball Bearings ‚Äì Bearing Steel and Double Rubber Sealed Miniature Deep Groove Ball Bearings (8mm x 22mm x 7mm)</p><p> -8% 0FF </p><p>$5.49</p><a href="https://www.amazon.com/dp/B0CYYYZRV9?tag=eloabder-20&linkCode=osi&th=1&psc=1">View Product</a></div><div class="product"><a href="https://www.amazon.com/dp/B09PKD8QZZ?tag=eloabder-20&linkCode=osi&th=1&psc=1"><img src="https://m.media-amazon.com/images/I/41BYfJNmMoL._SL500_.jpg" alt="Product Image"></a><p>SHKI 20 Pcs 608 2RS Ball Bearings ‚Äì Bearing Steel and Double Rubber Sealed Miniature Deep Groove Ball Bearings (8mm x 22mm x 7mm) (608 2RS)</p><p> -40% 0FF </p><p>$5.99 ($0.30 / Count)</p><a href="https://www.amazon.com/dp/B09PKD8QZZ?tag=eloabder-20&linkCode=osi&th=1&psc=1">View Product</a></div><div class="product"><a href="https://www.amazon.com/dp/B073ST742Z?tag=eloabder-20&linkCode=osi&th=1&psc=1"><img src="https://m.media-amazon.com/images/I/51dWjQm393L._SL500_.jpg" alt="Product Image"></a><p>100 Pack 608-2RS Skateboard Bearing, Rolling Bearings, 8x22x7mm 608rs Bearing</p><p> -11% 0FF </p><p>$17.79</p><a href="https://www.amazon.com/dp/B073ST742Z?tag=eloabder-20&linkCode=osi&th=1&psc=1">View Product</a></div><div class="product"><a href="https://www.amazon.com/dp/B07216D1SZ?tag=eloabder-20&linkCode=osi&th=1&psc=1"><img src="https://m.media-amazon.com/images/I/41P6KPblNDL._SL500_.jpg" alt="Product Image"></a><p>Sackorange 608 ZZ Skateboard Bearings, Double Shielded,8x22x7 Miniature Ball BearingsÔºàPack of 20)</p><p> -29% 0FF </p><p>$7.79</p><a href="https://www.amazon.com/dp/B07216D1SZ?tag=eloabder-20&linkCode=osi&th=1&psc=1">View Product</a></div>
<div class="product"><a href="https://www.amazon.com/dp/B09KRGTLVM?tag=eloabder-20&linkCode=osi&th=1&psc=1"><img src="https://m.media-amazon.com/images/I/41zMlgeopqL._SL500_.jpg" alt="Product Image"></a><p>Vevitts Small Brushed Permanent Magnet Electric Motor for E Scooter Drive Speed Control 24V 350W 3000RPM</p><p> -20% 0FF </p><p>$39.98</p><a href="https://www.amazon.com/dp/B09KRGTLVM?tag=eloabder-20&linkCode=osi&th=1&psc=1">View Product</a></div><div class="product"><a href="https://www.amazon.com/dp/B01M58POHF?tag=eloabder-20&linkCode=osi&th=1&psc=1"><img src="https://m.media-amazon.com/images/I/41dQTChYsBL._SL500_.jpg" alt="Product Image"></a><p>AUTOTOOLHOME 6-12V Mini DC Motor High Torque Gear for Traxxas R/C and Power Wheels PCB DIY Electric Drill</p><p> -23% 0FF </p><p>$6.89</p><a href="https://www.amazon.com/dp/B01M58POHF?tag=eloabder-20&linkCode=osi&th=1&psc=1">View Product</a></div><div class="product"><a href="https://www.amazon.com/dp/B072R5G5GR?tag=eloabder-20&linkCode=osi&th=1&psc=1"><img src="https://m.media-amazon.com/images/I/41Z6ru+wWIL._SL500_.jpg" alt="Product Image"></a><p>Greartisan DC 12V 550RPM Gear Motor High Torque Electric Micro Speed Reduction Geared Motor Centric Output Shaft 37mm Diameter Gearbox</p><p> -6% 0FF </p><p>$14.99</p><a href="https://www.amazon.com/dp/B072R5G5GR?tag=eloabder-20&linkCode=osi&th=1&psc=1">View Product</a></div><div class="product"><a href="https://www.amazon.com/dp/B0CZVH445F?tag=eloabder-20&linkCode=osi&th=1&psc=1"><img src="https://m.media-amazon.com/images/I/51cTdXLKa7L._SL500_.jpg" alt="Product Image"></a><p>6Pcs 280 Micro DC Motors 3V-12V 13500RPM 0.5A with 2.8mm Insulated Connector & 6inch 20AWG Wire for RC Boat, DIY Airplane, Model Toys, 12V DC Motor Compatible</p><p> -23% 0FF </p><p>$9.99</p><a href="https://www.amazon.com/dp/B0CZVH445F?tag=eloabder-20&linkCode=osi&th=1&psc=1">View Product</a></div>
<div class="product"><a href="https://www.amazon.com/dp/B07L7XCSDW?tag=eloabder-20&linkCode=osi&th=1&psc=1"><img src="https://m.media-amazon.com/images/I/31lErudRYvL._SL500_.jpg" alt="Product Image"></a><p>DC HOUSE 12 Inch 12" High Speed 14mm/s Linear Actuator Motor 1000N DC12V with Mounting Brackets</p><p> -7% 0FF </p><p>$39.98</p><a href="https://www.amazon.com/dp/B07L7XCSDW?tag=eloabder-20&linkCode=osi&th=1&psc=1">View Product</a></div><div class="product"><a href="https://www.amazon.com/dp/B07X3Z68GV?tag=eloabder-20&linkCode=osi&th=1&psc=1"><img src="https://m.media-amazon.com/images/I/41j8dmqKsnS._SL500_.jpg" alt="Product Image"></a><p>Electric Micro Linear Actuator 12V - 1.2" Stroke, 64N/14.4lb, Speed 0.6inch/s Mini Waterproof Motion Actuator Small 12 V DC, w/Mounting Brackets, for Sofa Robotic TV Table Cabinet Window Opener Lift</p><p> -16% 0FF </p><p>$30.99 ($19.37 / oz)</p><a href="https://www.amazon.com/dp/B07X3Z68GV?tag=eloabder-20&linkCode=osi&th=1&psc=1">View Product</a></div><div class="product"><a href="https://www.amazon.com/dp/B0CRV927YC?tag=eloabder-20&linkCode=osi&th=1&psc=1"><img src="https://m.media-amazon.com/images/I/41dEUHSH6sL._SL500_.jpg" alt="Product Image"></a><p>ECO-WORTHY Linear Actuator Heavy Duty 3000N/660lbs with Mounting Brackets Multi-Function (12V, 12")</p><p> -18% 0FF </p><p>$59.99</p><a href="https://www.amazon.com/dp/B0CRV927YC?tag=eloabder-20&linkCode=osi&th=1&psc=1">View Product</a></div>
<div class="product"><a href="https://www.amazon.com/dp/B07H8GL44M?tag=eloabder-20&linkCode=osi&th=1&psc=1"><img src="https://m.media-amazon.com/images/I/41TaGFITM0L._SL500_.jpg" alt="Product Image"></a><p>FAERSI 22680-7S000 AF10141 for 2003-2014 Altima & 2006-14 Maxima & 07-13 Sentra & 05-15 Xterra & 2003-2015 Murano | Infiniti 08-13 G37 & 05-08 G35 & More MAF Mass Air Flow Sensor</p><p> -30% 0FF </p><p>$21.68</p><a href="https://www.amazon.com/dp/B07H8GL44M?tag=eloabder-20&linkCode=osi&th=1&psc=1">View Product</a></div><div class="product"><a href="https://www.amazon.com/dp/B08TRKL94H?tag=eloabder-20&linkCode=osi&th=1&psc=1"><img src="https://m.media-amazon.com/images/I/314giu3g36L._SL500_.jpg" alt="Product Image"></a><p>Carbon Monoxide Detector,CO Gas Monitor Alarm Detector,CO Sensor with LED Digital Display for Home,Depot,Battery Powered</p><p> -5% 0FF </p><p>$11.99</p><a href="https://www.amazon.com/dp/B08TRKL94H?tag=eloabder-20&linkCode=osi&th=1&psc=1">View Product</a></div><div class="product"><a href="https://www.amazon.com/dp/B092HK5NJB?tag=eloabder-20&linkCode=osi&th=1&psc=1"><img src="https://m.media-amazon.com/images/I/41RyuQ28lQS._SL500_.jpg" alt="Product Image"></a><p>Marsflex TPMS Sensor, 13598772 for GM 315Mhz, Tire Pressure Monitoring Sensor Compatible with Buick Chevy Cadillac GMC, Tire Pressure Sensor Replacement 13586335,13598771 4 Pack</p><p> -21% 0FF </p><p>$23.81</p><a href="https://www.amazon.com/dp/B092HK5NJB?tag=eloabder-20&linkCode=osi&th=1&psc=1">View Product</a></div><div class="product"><a href="https://www.amazon.com/dp/B0DCBDS359?tag=eloabder-20&linkCode=osi&th=1&psc=1"><img src="https://m.media-amazon.com/images/I/519A7-IMkBL._SL500_.jpg" alt="Product Image"></a><p>Dual Knock Sensors with Wiring Harness and Intake Manifold Gasket Kit | for Chevy Silverado Avalanche Tahoe, GMC Sierra Yukon, Cadillac Hummer & More GM Vehicles | Replace# 12601822,213-3521,89060413</p><p> -6% 0FF </p><p>$33.99</p><a href="https://www.amazon.com/dp/B0DCBDS359?tag=eloabder-20&linkCode=osi&th=1&psc=1">View Product</a></div><div class="product"><a href="https://www.amazon.com/dp/B0CZP2DRW1?tag=eloabder-20&linkCode=osi&th=1&psc=1"><img src="https://m.media-amazon.com/images/I/31CtLXOX-tL._SL500_.jpg" alt="Product Image"></a><p>Mass Air Flow Sensor MAF Fit for 2007-2009 Avalanche Yukon Tahoe Sierra Silverado Suburban 1500 2500 3500 Replace 2451149 MA198 7410146 5S8048 15900023</p><p> -5% 0FF </p><p>$40.99</p><a href="https://www.amazon.com/dp/B0CZP2DRW1?tag=eloabder-20&linkCode=osi&th=1&psc=1">View Product</a></div>
<div class="product"><a href="https://www.amazon.com/dp/B0002YXE7K?tag=eloabder-20&linkCode=osi&th=1&psc=1"><img src="https://m.media-amazon.com/images/I/41hV+B-cOEL._SL500_.jpg" alt="Product Image"></a><p>Titebond, 8 oz, 8 Fl Oz</p><p> -46% 0FF </p><p>$6.51 ($0.81 / Fl Oz)</p><a href="https://www.amazon.com/dp/B0002YXE7K?tag=eloabder-20&linkCode=osi&th=1&psc=1">View Product</a></div><div class="product"><a href="https://www.amazon.com/dp/B077Z6LF91?tag=eloabder-20&linkCode=osi&th=1&psc=1"><img src="https://m.media-amazon.com/images/I/41IeFkWcsyL._SL500_.jpg" alt="Product Image"></a><p>APERA INSTRUMENTS AI209-T Value Series PH20 pH Tester Combo Kit, including the Maintenance Set, and a CalPod Solution Holder for Easy Calibration</p><p> -25% 0FF </p><p>$79.13</p><a href="https://www.amazon.com/dp/B077Z6LF91?tag=eloabder-20&linkCode=osi&th=1&psc=1">View Product</a></div><div class="product"><a href="https://www.amazon.com/dp/B09JV7Y9SZ?tag=eloabder-20&linkCode=osi&th=1&psc=1"><img src="https://m.media-amazon.com/images/I/31TckTV+diL._SL500_.jpg" alt="Product Image"></a><p>Dental Code Rings Instrument 100pcs Dental Color Code Rings Non‚Äë Silicone Dental Color Code Rings Accessory Supplies(02)</p><p> -32% 0FF </p><p>$4.29 ($4.29 / Count)</p><a href="https://www.amazon.com/dp/B09JV7Y9SZ?tag=eloabder-20&linkCode=osi&th=1&psc=1">View Product</a></div>
<div class="product"><a href="https://www.amazon.com/dp/B01NASZ0UM?tag=eloabder-20&linkCode=osi&th=1&psc=1"><img src="https://m.media-amazon.com/images/I/31MgtNuzDdL._SL500_.jpg" alt="Product Image"></a><p>BN-LINK Wireless Remote Control Electrical Outlet Switch for Lights, Fans, Christmas Lights, Small Appliance, Long Range White (Learning Code, 3Rx-1Tx) 1200W/10A</p><p> -43% 0FF </p><p>$16.99</p><a href="https://www.amazon.com/dp/B01NASZ0UM?tag=eloabder-20&linkCode=osi&th=1&psc=1">View Product</a></div><div class="product"><a href="https://www.amazon.com/dp/B0CTH8XDKW?tag=eloabder-20&linkCode=osi&th=1&psc=1"><img src="https://m.media-amazon.com/images/I/31-PaaCxdfL._SL500_.jpg" alt="Product Image"></a><p>DEWENWILS Indoor Remote Control Outlet, Wireless Remote Outlets Switch, 200FT Range, Remote Light Switch for Lights, Fans, Christmas Lights, 15A/1800WÔºåFCC & ETL Listed (5 Outlets + 2 Remotes)</p><p> -19% 0FF </p><p>$23.39</p><a href="https://www.amazon.com/dp/B0CTH8XDKW?tag=eloabder-20&linkCode=osi&th=1&psc=1">View Product</a></div><div class="product"><a href="https://www.amazon.com/dp/B072F9DGRL?tag=eloabder-20&linkCode=osi&th=1&psc=1"><img src="https://m.media-amazon.com/images/I/417lNJFodCS._SL500_.jpg" alt="Product Image"></a><p>Fosmon WavePoint Wireless Remote Control Outdoor Electrical Outlet Switch Weatherproof Heavy Duty 3-Prong Plug-in ETL Listed (Battery Included) 1 Pack</p><p> -50% 0FF </p><p>$11.08</p><a href="https://www.amazon.com/dp/B072F9DGRL?tag=eloabder-20&linkCode=osi&th=1&psc=1">View Product</a></div><div class="product"><a href="https://www.amazon.com/dp/B09X2W2TRT?tag=eloabder-20&linkCode=osi&th=1&psc=1"><img src="https://m.media-amazon.com/images/I/31PoJZqeG-L._SL500_.jpg" alt="Product Image"></a><p>DEWENWILS Indoor Remote Control Outlet, Wireless Remote Light Switch, No Interference Remote Outlet Switch, No Wiring, 15A/1875W, 100ft RF Range, Compact Design, Programmable</p><p> -11% 0FF </p><p>$12.99</p><a href="https://www.amazon.com/dp/B09X2W2TRT?tag=eloabder-20&linkCode=osi&th=1&psc=1">View Product</a></div><div class="product"><a href="https://www.amazon.com/dp/B07CYKNDC2?tag=eloabder-20&linkCode=osi&th=1&psc=1"><img src="https://m.media-amazon.com/images/I/31Fu9a5ikOL._SL500_.jpg" alt="Product Image"></a><p>BN-LINK Mini Wireless Remote Control Outlet Switch Power Plug In for Household Appliances, Wireless Remote Light Switch, LED Light Bulbs, White (1 Remote + 3 Outlet) 1250W/10A</p><p> -11% 0FF </p><p>$15.99</p><a href="https://www.amazon.com/dp/B07CYKNDC2?tag=eloabder-20&linkCode=osi&th=1&psc=1">View Product</a></div>
<div class="product"><a href="https://www.amazon.com/dp/B01AKGRTUM?tag=eloabder-20&linkCode=osi&th=1&psc=1"><img src="https://m.media-amazon.com/images/I/41UKqiyvz6L._SL500_.jpg" alt="Product Image"></a><p>Oral-B Pro 1000 Rechargeable Electric Toothbrush, Black</p><p> -29% 0FF </p><p>$49.94</p><a href="https://www.amazon.com/dp/B01AKGRTUM?tag=eloabder-20&linkCode=osi&th=1&psc=1">View Product</a></div><div class="product"><a href="https://www.amazon.com/dp/B0D6Y9PJJ3?tag=eloabder-20&linkCode=osi&th=1&psc=1"><img src="https://m.media-amazon.com/images/I/31CUz26rR-L._SL500_.jpg" alt="Product Image"></a><p>3Pack Car Carplay Cable for iPhone 16 15 Pro Max 15 Plus Car Charger, USB to USB C Cable 3FT for Car Charger Adapter, Carplay USB C Cord Accessories Charging for iPad 10th Gen/iPad Pro Air 5th-White</p><p> -30% 0FF </p><p>$13.99</p><a href="https://www.amazon.com/dp/B0D6Y9PJJ3?tag=eloabder-20&linkCode=osi&th=1&psc=1">View Product</a></div><div class="product"><a href="https://www.amazon.com/dp/B07DFFYCXS?tag=eloabder-20&linkCode=osi&th=1&psc=1"><img src="https://m.media-amazon.com/images/I/41NIsYLJG1L._SL500_.jpg" alt="Product Image"></a><p>Digital Caliper, Adoric 0-6" Calipers Measuring Tool - Electronic Micrometer Caliper with Large LCD Screen, Auto-Off Feature, Inch and Millimeter Conversion</p><p> -42% 0FF </p><p>$6.99</p><a href="https://www.amazon.com/dp/B07DFFYCXS?tag=eloabder-20&linkCode=osi&th=1&psc=1">View Product</a></div><div class="product"><a href="https://www.amazon.com/dp/B0CR3S4Y5V?tag=eloabder-20&linkCode=osi&th=1&psc=1"><img src="https://m.media-amazon.com/images/I/417gCCQxz9L._SL500_.jpg" alt="Product Image"></a><p>iPhone Charger 3Pack 10FT Apple MFi Certified Lightning Cable Fast Charging iPhone Charger Cord Compatible with iPhone 14 13 12 11 Pro Max XR XS X 8 7 6 Plus SE and More - Colorful</p><p> -64% 0FF </p><p>$9.99</p><a href="https://www.amazon.com/dp/B0CR3S4Y5V?tag=eloabder-20&linkCode=osi&th=1&psc=1">View Product</a></div><div class="product"><a href="https://www.amazon.com/dp/B0DBHTZ6CD?tag=eloabder-20&linkCode=osi&th=1&psc=1"><img src="https://m.media-amazon.com/images/I/41-NMv8UKZL._SL500_.jpg" alt="Product Image"></a><p>iPhone Charger 3pack 10FT Apple MFi Certified Long Lightning Cable Fast Charging Nylon Braided USB Charging Cable High Speed Transfer Cord for iPhone 14 13/12/11 Pro Max/XS MAX/XR/XS/X/8/7/Plus/6S</p><p> -30% 0FF </p><p>$6.99</p><a href="https://www.amazon.com/dp/B0DBHTZ6CD?tag=eloabder-20&linkCode=osi&th=1&psc=1">View Product</a></div>
<div class="product"><a href="https://www.amazon.com/dp/B09YSJQWRG?tag=eloabder-20&linkCode=osi&th=1&psc=1"><img src="https://m.media-amazon.com/images/I/413B1lBD-hL._SL500_.jpg" alt="Product Image"></a><p>Jesverty DC Power Supply Variable, 0-30V 0-10A Adjustable Switching DC Regulated Bench Power Supply with High Precision 4-Digit LED Display, 5V/2A USB Port, Coarse and Fine Adjustment SPS-3010</p><p> -9% 0FF </p><p>$59.99</p><a href="https://www.amazon.com/dp/B09YSJQWRG?tag=eloabder-20&linkCode=osi&th=1&psc=1">View Product</a></div><div class="product"><a href="https://www.amazon.com/dp/B0C17NLZNH?tag=eloabder-20&linkCode=osi&th=1&psc=1"><img src="https://m.media-amazon.com/images/I/41zjhhWu9lL._SL500_.jpg" alt="Product Image"></a><p>DC Power Supply Variable, 32V 10A Bench Power Supply with Encoder Knob, 4-Digits Display, Adjustable Regulated lab Power Supply with 5V 3.6A USB & Type-C Quick-Charge, Output Switch</p><p> -30% 0FF </p><p>$59.99</p><a href="https://www.amazon.com/dp/B0C17NLZNH?tag=eloabder-20&linkCode=osi&th=1&psc=1">View Product</a></div><div class="product"><a href="https://www.amazon.com/dp/B09BFCF13Y?tag=eloabder-20&linkCode=osi&th=1&psc=1"><img src="https://m.media-amazon.com/images/I/51J2ypqHaML._SL500_.jpg" alt="Product Image"></a><p>DC Power Supply Variable, Bench Power Supply with Encoder Adjustment Knob, Output Enable/Disable Button, Adjustable Power Supply with USB Quick-Charge, Short Circuit Alam (30V 10A Black)</p><p> -43% 0FF </p><p>$39.99</p><a href="https://www.amazon.com/dp/B09BFCF13Y?tag=eloabder-20&linkCode=osi&th=1&psc=1">View Product</a></div><div class="product"><a href="https://www.amazon.com/dp/B0CLY9B5XL?tag=eloabder-20&linkCode=osi&th=1&psc=1"><img src="https://m.media-amazon.com/images/I/41Z-aOJT4pL._SL500_.jpg" alt="Product Image"></a><p>Jesverty DC Power Supply Variable, 0-30V 0-10A Adjustable Switching DC Regulated Bench Power Supply with 20W USB & Type-C Quick-Charge, Encoder Knob, 4-Digit LED Display, Preset Memory - SPS-3010X</p><p> -39% 0FF </p><p>$39.99</p><a href="https://www.amazon.com/dp/B0CLY9B5XL?tag=eloabder-20&linkCode=osi&th=1&psc=1">View Product</a></div><div class="product"><a href="https://www.amazon.com/dp/B00R5CI1W0?tag=eloabder-20&linkCode=osi&th=1&psc=1"><img src="https://m.media-amazon.com/images/I/41ffWbR+GVL._SL500_.jpg" alt="Product Image"></a><p>MEAN WELL NDR-120-24 Single Output Industrial DIN Rail Power Supply, 24 Volts 5 Amps 120 Watts</p><p> -19% 0FF </p><p>$27.00</p><a href="https://www.amazon.com/dp/B00R5CI1W0?tag=eloabder-20&linkCode=osi&th=1&psc=1">View Product</a></div><div class="product"><a href="https://www.amazon.com/dp/B07512KQDW?tag=eloabder-20&linkCode=osi&th=1&psc=1"><img src="https://m.media-amazon.com/images/I/41Z+0wP-6xL._SL500_.jpg" alt="Product Image"></a><p>DC Power Supply Variable,0-30 V / 0-10 A LW-K3010D Adjustable Switching Regulated Power Supply Digital,with Alligator Leads US Power Cord Used for Spectrophotometer and lab Equipment Repair</p><p> -9% 0FF </p><p>$38.99</p><a href="https://www.amazon.com/dp/B07512KQDW?tag=eloabder-20&linkCode=osi&th=1&psc=1">View Product</a></div><div class="product"><a href="https://www.amazon.com/dp/B0CGX39NMK?tag=eloabder-20&linkCode=osi&th=1&psc=1"><img src="https://m.media-amazon.com/images/I/41IyjEYE7iL._SL500_.jpg" alt="Product Image"></a><p>Abestop AT6301 DC Power Supply Variable, 60V/10A/300W Adjustable Bench Power Supply with 10mV / 1mA High Resolution 4-Digits 2.8 inch LCD Display, 5V/1A USB Output</p><p> -11% 0FF </p><p>$129.99</p><a href="https://www.amazon.com/dp/B0CGX39NMK?tag=eloabder-20&linkCode=osi&th=1&psc=1">View Product</a></div>
<div class="product"><a href="https://www.amazon.com/dp/B0BD772SK3?tag=eloabder-20&linkCode=osi&th=1&psc=1"><img src="https://m.media-amazon.com/images/I/516CGhpMaUL._SL500_.jpg" alt="Product Image"></a><p>LED Garage Lights Bulb 2 Pack 180W 18000LM 6500K Led Shop Light with 6 Plus 1 Deformable Panels Basement Barn Ceiling Lights E26 and E27</p><p> -13% 0FF </p><p>$25.99 ($13.00 / Count)</p><a href="https://www.amazon.com/dp/B0BD772SK3?tag=eloabder-20&linkCode=osi&th=1&psc=1">View Product</a></div><div class="product"><a href="https://www.amazon.com/dp/B087JDFH4K?tag=eloabder-20&linkCode=osi&th=1&psc=1"><img src="https://m.media-amazon.com/images/I/310SxRkxkfL._SL500_.jpg" alt="Product Image"></a><p>Amico 6 Pack 6 Inch 5CCT Ultra-Thin LED Recessed Ceiling Light with Junction Box, 2700K/3000K/3500K/4000K/5000K Selectable, 12W Eqv 110W 1050LM Brightness Dimmable Canless Wafer Downlight, ETL & FCC</p><p> -29% 0FF </p><p>$49.99 ($8.33 / Count)</p><a href="https://www.amazon.com/dp/B087JDFH4K?tag=eloabder-20&linkCode=osi&th=1&psc=1">View Product</a></div><div class="product"><a href="https://www.amazon.com/dp/B0BZJ9MTST?tag=eloabder-20&linkCode=osi&th=1&psc=1"><img src="https://m.media-amazon.com/images/I/41nTB2ouhZL._SL500_.jpg" alt="Product Image"></a><p>Amico 36 Pack 6 Inch 5CCT Ultra-Thin LED Recessed Ceiling Light with Junction Box, 2700K/3000K/3500K/4000K/5000K Selectable, 12W Eqv 110W, Dimmable Can-Killer Downlight, 1050LM Brightness - ETL&FCC</p><p> -22% 0FF </p><p>$179.99 ($5.00 / Count)</p><a href="https://www.amazon.com/dp/B0BZJ9MTST?tag=eloabder-20&linkCode=osi&th=1&psc=1">View Product</a></div><div class="product"><a href="https://www.amazon.com/dp/B0B8MJV3HN?tag=eloabder-20&linkCode=osi&th=1&psc=1"><img src="https://m.media-amazon.com/images/I/51J2PJDbNgL._SL500_.jpg" alt="Product Image"></a><p>Ensenior 24 Pack 6 Inch LED Recessed Ceiling Light, Dimmable, 2700K-5000K 5CCT, 1050LM 12W 120V, High Brightness Canless Wafer Downlight - ETL&FCC&IC</p><p> -14% 0FF </p><p>$162.48 ($6.77 / Count)</p><a href="https://www.amazon.com/dp/B0B8MJV3HN?tag=eloabder-20&linkCode=osi&th=1&psc=1">View Product</a></div><div class="product"><a href="https://www.amazon.com/dp/B09QHSY5CP?tag=eloabder-20&linkCode=osi&th=1&psc=1"><img src="https://m.media-amazon.com/images/I/514QSD+bYiL._SL500_.jpg" alt="Product Image"></a><p>2 Pack LED Garage Light, 200W 20000LM 6500K LED Shop Lights, Garage Lights Ceiling Led with 6+1 Deformable Panels, Screw in E26/E27 Socket Bulb for Warehouse, Workshop, Basement, Barn, Garage Lighting</p><p> -18% 0FF </p><p>$26.99 ($13.50 / Count)</p><a href="https://www.amazon.com/dp/B09QHSY5CP?tag=eloabder-20&linkCode=osi&th=1&psc=1">View Product</a></div><div class="product"><a href="https://www.amazon.com/dp/B085SZQCL7?tag=eloabder-20&linkCode=osi&th=1&psc=1"><img src="https://m.media-amazon.com/images/I/41is51nuuHL._SL500_.jpg" alt="Product Image"></a><p>6 Pack 4FT Linkable LED Shop Light, Utility Shop Light Fixture, 4400lm, 42W [250W Equivalent], 5000K Daylight Shop Lights for Garage, Hanging or Surface Mount, with Power Cord, ETL, Black</p><p> -29% 0FF </p><p>$49.69 ($24.84 / Count)</p><a href="https://www.amazon.com/dp/B085SZQCL7?tag=eloabder-20&linkCode=osi&th=1&psc=1">View Product</a></div>
<div class="product"><a href="https://www.amazon.com/dp/B00075M1T6?tag=eloabder-20&linkCode=osi&th=1&psc=1"><img src="https://m.media-amazon.com/images/I/31Qodi9u+XL._SL500_.jpg" alt="Product Image"></a><p>Sunbeam¬Æ Heating Pad Standard Size</p><p> -28% 0FF </p><p>$17.99</p><a href="https://www.amazon.com/dp/B00075M1T6?tag=eloabder-20&linkCode=osi&th=1&psc=1">View Product</a></div><div class="product"><a href="https://www.amazon.com/dp/B08MV3Z3GK?tag=eloabder-20&linkCode=osi&th=1&psc=1"><img src="https://m.media-amazon.com/images/I/51D3Ss7U1DL._SL500_.jpg" alt="Product Image"></a><p>GENIANI King Size Heating Pad for Back Pain & Cramps Relief, FSA HSA Eligible, Auto Shut Off, Machine Washable, Moist Heat Pad for Neck & Shoulder, Knee, Leg, Heat Patches 12'‚Äò√ó24‚Äô‚Äô(Aqua Blue)</p><p> -38% 0FF </p><p>$24.97</p><a href="https://www.amazon.com/dp/B08MV3Z3GK?tag=eloabder-20&linkCode=osi&th=1&psc=1">View Product</a></div><div class="product"><a href="https://www.amazon.com/dp/B0B3MBQC57?tag=eloabder-20&linkCode=osi&th=1&psc=1"><img src="https://m.media-amazon.com/images/I/51nlW3dSxQL._SL500_.jpg" alt="Product Image"></a><p>Heating Pad for Back Pain Relief, Extra Large 33 x 17, Portable Heating Pad for Shoulder, Neck, Cramp, Menstrual Pain, with Upgraded 6 Timer & 6 Temperature Controller</p><p> -56% 0FF </p><p>$39.99 ($1.28 / Ounce)</p><a href="https://www.amazon.com/dp/B0B3MBQC57?tag=eloabder-20&linkCode=osi&th=1&psc=1">View Product</a></div><div class="product"><a href="https://www.amazon.com/dp/B00LX5CR0M?tag=eloabder-20&linkCode=osi&th=1&psc=1"><img src="https://m.media-amazon.com/images/I/51OIEWerJUL._SL500_.jpg" alt="Product Image"></a><p>Sunbeam Heating Pad for Neck & Shoulder Pain Relief, XL Renue, 4 Heat Settings with Auto-Off, Blue, 25-Inch x 25-Inch, Sapphire</p><p> -8% 0FF </p><p>$59.99</p><a href="https://www.amazon.com/dp/B00LX5CR0M?tag=eloabder-20&linkCode=osi&th=1&psc=1">View Product</a></div>
<div class="product"><a href="https://www.amazon.com/dp/B00L2LTYDK?tag=eloabder-20&linkCode=osi&th=1&psc=1"><img src="https://m.media-amazon.com/images/I/418TOAEPGxL._SL500_.jpg" alt="Product Image"></a><p>Ergodyne Chill Its 6602 Cooling Towel, Long Lasting Cooling Relief, Gray 29.50" x 13.00"</p><p> -88% 0FF </p><p>$6.23</p><a href="https://www.amazon.com/dp/B00L2LTYDK?tag=eloabder-20&linkCode=osi&th=1&psc=1">View Product</a></div><div class="product"><a href="https://www.amazon.com/dp/B08SHJ47JL?tag=eloabder-20&linkCode=osi&th=1&psc=1"><img src="https://m.media-amazon.com/images/I/41wR--y8NxL._SL500_.jpg" alt="Product Image"></a><p>Arctic Air Freedom Personal Air Cooler - Portable 3-Speed Neck Fan, Hands-Free Wearable Design, Lightweight, Cordless And Rechargeable</p><p> -34% 0FF </p><p>$19.65</p><a href="https://www.amazon.com/dp/B08SHJ47JL?tag=eloabder-20&linkCode=osi&th=1&psc=1">View Product</a></div><div class="product"><a href="https://www.amazon.com/dp/B003FO2B5U?tag=eloabder-20&linkCode=osi&th=1&psc=1"><img src="https://m.media-amazon.com/images/I/41fgkBDrkxL._SL500_.jpg" alt="Product Image"></a><p>Cool Coolers by Fit + Fresh, 4 Pack Slim Ice Packs, Space Saving Reusable Ice Packs for Lunch Boxes or Coolers, Blue, Single Pack</p><p> -6% 0FF </p><p>$9.44</p><a href="https://www.amazon.com/dp/B003FO2B5U?tag=eloabder-20&linkCode=osi&th=1&psc=1">View Product</a></div><div class="product"><a href="https://www.amazon.com/dp/B008A6M34C?tag=eloabder-20&linkCode=osi&th=1&psc=1"><img src="https://m.media-amazon.com/images/I/41ytzrZrLcL._SL500_.jpg" alt="Product Image"></a><p>FlexiKold Gel Soft Flexible Ice Packs for Injuries - Reusable Freezer Cold Pack, Cold Compress & Cooling Gel Pad for Face, Shoulder, Hip, Leg, Arm, Ankle & Foot Injury - Medium - 7.5‚Äù x 11.5‚Äù</p><p> -56% 0FF </p><p>$10.99 ($10.99 / Count)</p><a href="https://www.amazon.com/dp/B008A6M34C?tag=eloabder-20&linkCode=osi&th=1&psc=1">View Product</a></div><div class="product"><a href="https://www.amazon.com/dp/B00GAU74IK?tag=eloabder-20&linkCode=osi&th=1&psc=1"><img src="https://m.media-amazon.com/images/I/41n1pSkwTeL._SL500_.jpg" alt="Product Image"></a><p>BEKOOOL Soft Gel Sheets for Kids for Cooling Relief from Fever discomfort | 4 Count</p><p> -33% 0FF </p><p>$3.99 ($1.00 / Count)</p><a href="https://www.amazon.com/dp/B00GAU74IK?tag=eloabder-20&linkCode=osi&th=1&psc=1">View Product</a></div><div class="product"><a href="https://www.amazon.com/dp/B0CMJMB9J2?tag=eloabder-20&linkCode=osi&th=1&psc=1"><img src="https://m.media-amazon.com/images/I/41t6as6YB8L._SL500_.jpg" alt="Product Image"></a><p>TheraICE Shoulder Ice Pack Wrap/Reusable Ice Pack for Rotator Cuff & Shoulder Pain Relief Cold Therapy Compression/FocusZone Technology with Extra Cooling Support for Targeted Pain Relief</p><p> -33% 0FF </p><p>$39.95 ($39.95 / Count)</p><a href="https://www.amazon.com/dp/B0CMJMB9J2?tag=eloabder-20&linkCode=osi&th=1&psc=1">View Product</a></div>
<div class="product"><a href="https://www.amazon.com/dp/B07SHB2WF9?tag=eloabder-20&linkCode=osi&th=1&psc=1"><img src="https://m.media-amazon.com/images/I/51jQaLCBOvL._SL500_.jpg" alt="Product Image"></a><p>VIVOSUN 4 Inch 190 CFM Inline Fan with Speed Controller, 4 Inch Carbon Filter and 8 Feet of Ducting, Temperature Humidity Monitor for Grow Tent Ventilation</p><p> -16% 0FF </p><p>$129.99</p><a href="https://www.amazon.com/dp/B07SHB2WF9?tag=eloabder-20&linkCode=osi&th=1&psc=1">View Product</a></div><div class="product"><a href="https://www.amazon.com/dp/B01C82SYZ0?tag=eloabder-20&linkCode=osi&th=1&psc=1"><img src="https://m.media-amazon.com/images/I/412vSql4EpL._SL500_.jpg" alt="Product Image"></a><p>VIVOSUN 4 Inch Inline Duct Fan 100 CFM, HVAC Exhaust Ventilation Fan with Low Noise for Basements, Bathrooms, Kitchens and Attics, Silver</p><p> -8% 0FF </p><p>$22.99</p><a href="https://www.amazon.com/dp/B01C82SYZ0?tag=eloabder-20&linkCode=osi&th=1&psc=1">View Product</a></div><div class="product"><a href="https://www.amazon.com/dp/B0D2P8ZHLD?tag=eloabder-20&linkCode=osi&th=1&psc=1"><img src="https://m.media-amazon.com/images/I/41Y+uClljFL._SL500_.jpg" alt="Product Image"></a><p>Multifunctional 3D Printer Enclosure w/Adjustable Ventilation Kit Eliminate Odors Tent Cover Compatible with Anycubic Photon Mono, Elegoo Saturn/Mars 3/4 & Creality Halot Series Resin 3D Printer</p><p> -6% 0FF </p><p>$65.88</p><a href="https://www.amazon.com/dp/B0D2P8ZHLD?tag=eloabder-20&linkCode=osi&th=1&psc=1">View Product</a></div><div class="product"><a href="https://www.amazon.com/dp/B0CS6K1TM4?tag=eloabder-20&linkCode=osi&th=1&psc=1"><img src="https://m.media-amazon.com/images/I/51Xfkoo1eTL._SL500_.jpg" alt="Product Image"></a><p>HOCENWAY Upgrade 3-Layers Filter System Smoke Exhaust Kit with 5000RPM Fan and Speed Control Power Adapter for All Laser Engraver 3D Printer Enclosure Tent Cover DIY (Ventilation Kit)</p><p> -8% 0FF </p><p>$27.48</p><a href="https://www.amazon.com/dp/B0CS6K1TM4?tag=eloabder-20&linkCode=osi&th=1&psc=1">View Product</a></div>
<div class="product"><a href="https://www.amazon.com/dp/B086QNLBB4?tag=eloabder-20&linkCode=osi&th=1&psc=1"><img src="https://m.media-amazon.com/images/I/41qiFymeklL._SL500_.jpg" alt="Product Image"></a><p>Waterdrop Gravity Water Filter Straw, Camping Water Filtration System, Water Purifier Survival for Travel, Backpacking and Emergency Preparedness, 1.5 gal Bag, 0.1 Micron, 5 Stage Filtration</p><p> -7% 0FF </p><p>$39.99</p><a href="https://www.amazon.com/dp/B086QNLBB4?tag=eloabder-20&linkCode=osi&th=1&psc=1">View Product</a></div><div class="product"><a href="https://www.amazon.com/dp/B0BBQNZK7Y?tag=eloabder-20&linkCode=osi&th=1&psc=1"><img src="https://m.media-amazon.com/images/I/41uwbKvNw5L._SL500_.jpg" alt="Product Image"></a><p>SimPure V7 Under Sink Water Filter, 5-Stage Stainless Steel Water Filtration System Direct Connect to Kitchen Faucet, Reduces 99% Lead, Chlorine, Bad Taste, 20K Gallons (No Drilling Required)</p><p> -18% 0FF </p><p>$65.99 ($30.00 / kg)</p><a href="https://www.amazon.com/dp/B0BBQNZK7Y?tag=eloabder-20&linkCode=osi&th=1&psc=1">View Product</a></div><div class="product"><a href="https://www.amazon.com/dp/B07CHXVRS5?tag=eloabder-20&linkCode=osi&th=1&psc=1"><img src="https://m.media-amazon.com/images/I/41KdIPuSgRL._SL500_.jpg" alt="Product Image"></a><p>iSpring US31 Classic 3-Stage Under Sink Water Filtration System for Drinking, Tankless, High Capacity, Sediment + Carbon + Carbon (Newest Version)</p><p> -26% 0FF </p><p>$101.16</p><a href="https://www.amazon.com/dp/B07CHXVRS5?tag=eloabder-20&linkCode=osi&th=1&psc=1">View Product</a></div><div class="product"><a href="https://www.amazon.com/dp/B00QFXGSIY?tag=eloabder-20&linkCode=osi&th=1&psc=1"><img src="https://m.media-amazon.com/images/I/31c5SLHf3GL._SL500_.jpg" alt="Product Image"></a><p>Survivor Filter PRO - Hand Pump Camping Water Filtration System Survival - Water Purifier Survival</p><p> -20% 0FF </p><p>$55.96</p><a href="https://www.amazon.com/dp/B00QFXGSIY?tag=eloabder-20&linkCode=osi&th=1&psc=1">View Product</a></div>
<div class="product"><a href="https://www.amazon.com/dp/B0D8NXKXBK?tag=eloabder-20&linkCode=osi&th=1&psc=1"><img src="https://m.media-amazon.com/images/I/31sV17bo3CL._SL500_.jpg" alt="Product Image"></a><p>Pro Electric Water Purifier Survival w/Hand Pump, Portable Water Filter Camping Backpacking Hiking Outdoor Travel Emergency, Water Filtration System Survival, Water Purification Tablets Alternative</p><p> -20% 0FF </p><p>$79.99</p><a href="https://www.amazon.com/dp/B0D8NXKXBK?tag=eloabder-20&linkCode=osi&th=1&psc=1">View Product</a></div><div class="product"><a href="https://www.amazon.com/dp/B07PZBY7RL?tag=eloabder-20&linkCode=osi&th=1&psc=1"><img src="https://m.media-amazon.com/images/I/41YJFTk3wDL._SL500_.jpg" alt="Product Image"></a><p>Invigorated Water Alkaline Water Purification Unit, White, Plastic, pH001 Filter Included, Convenient Anti-Slip Design</p><p> -36% 0FF </p><p>$50.00</p><a href="https://www.amazon.com/dp/B07PZBY7RL?tag=eloabder-20&linkCode=osi&th=1&psc=1">View Product</a></div>
<div class="product"><a href="https://www.amazon.com/dp/B0CJ1B6D6S?tag=eloabder-20&linkCode=osi&th=1&psc=1"><img src="https://m.media-amazon.com/images/I/41Upf8lJ6ML._SL500_.jpg" alt="Product Image"></a><p>Scrub Daddy Scrub Mommy Sponges - Dish Scrubber + Non-Scratch Cleaning Sponges Kitchen, Bathroom + Multi-Surface Safe - Dual-Sided Dish Sponges for Scrubbing - Online Exclusive (3 Count)</p><p> -7% 0FF </p><p>$13.00 ($4.33 / Count)</p><a href="https://www.amazon.com/dp/B0CJ1B6D6S?tag=eloabder-20&linkCode=osi&th=1&psc=1">View Product</a></div><div class="product"><a href="https://www.amazon.com/dp/B07HF1GTYN?tag=eloabder-20&linkCode=osi&th=1&psc=1"><img src="https://m.media-amazon.com/images/I/61pFb41tDhL._SL500_.jpg" alt="Product Image"></a><p>Tamicy Mop Slippers Shoes 5 Pairs (10 Pieces) - Microfiber Cleaning House Mop Slippers Floor Cleaning Tools Shoe Cover Soft Washable Reusable Microfiber Foot Socks Floor Cleaning Tools Shoe Cover</p><p> -58% 0FF </p><p>$9.98 ($2.00 / Count)</p><a href="https://www.amazon.com/dp/B07HF1GTYN?tag=eloabder-20&linkCode=osi&th=1&psc=1">View Product</a></div><div class="product"><a href="https://www.amazon.com/dp/B07F268WY8?tag=eloabder-20&linkCode=osi&th=1&psc=1"><img src="https://m.media-amazon.com/images/I/51hKjGZILAL._SL500_.jpg" alt="Product Image"></a><p>Holikme 2 Pack Dryer Vent Cleaner Kit Clothes Dryer Lint Brush Vent Trap Cleaner Home Essentials Long Flexible Vacuum Brush</p><p> -50% 0FF </p><p>$7.99 ($4.00 / Count)</p><a href="https://www.amazon.com/dp/B07F268WY8?tag=eloabder-20&linkCode=osi&th=1&psc=1">View Product</a></div>


<div class="product"><a href="https://www.amazon.com/dp/B06XJ17JVD?tag=eloabder-20&linkCode=osi&th=1&psc=1"><img src="https://m.media-amazon.com/images/I/51OoCqwxbrL._SL500_.jpg" alt="Product Image"></a><p>Rust-Oleum 293513 Rocksolid Polycuramine Garage Oil Floor Coating, 2.5 Car Kit, Gray, 180 Fl Oz (Pack of 1)</p><p> -35% 0FF </p><p>$240.00 ($1.33 / Fl Oz)</p><a href="https://www.amazon.com/dp/B06XJ17JVD?tag=eloabder-20&linkCode=osi&th=1&psc=1">View Product</a></div><div class="product"><a href="https://www.amazon.com/dp/B099SFV2MB?tag=eloabder-20&linkCode=osi&th=1&psc=1"><img src="https://m.media-amazon.com/images/I/41SuYdUgtXL._SL500_.jpg" alt="Product Image"></a><p>Adam's Polishes Advanced Graphene Ceramic Coating - 10H Graphene Coating for Auto Detailing, 9+ Years of Car Protection & Patented UV Technology, Apply After Car Wash & Paint Correction</p><p> -15% 0FF </p><p>$138.54</p><a href="https://www.amazon.com/dp/B099SFV2MB?tag=eloabder-20&linkCode=osi&th=1&psc=1">View Product</a></div><div class="product"><a href="https://www.amazon.com/dp/B07B8RY7M6?tag=eloabder-20&linkCode=osi&th=1&psc=1"><img src="https://m.media-amazon.com/images/I/31G91iuk9RL._SL500_.jpg" alt="Product Image"></a><p>MG Chemicals - 419D-55ML 419D Premium Acrylic Conformal Coating, 55 mL Bottle, IPC 830, UL 94V-0 (File # E203094), Clear, 1.86 Fl Oz (Pack of 1)</p><p> -17% 0FF </p><p>$15.95 ($8.62 / Fl Oz)</p><a href="https://www.amazon.com/dp/B07B8RY7M6?tag=eloabder-20&linkCode=osi&th=1&psc=1">View Product</a></div>
<div class="product"><a href="https://www.amazon.com/dp/B005E9KJYE?tag=eloabder-20&linkCode=osi&th=1&psc=1"><img src="https://m.media-amazon.com/images/I/517PNa1vQiL._SL500_.jpg" alt="Product Image"></a><p>Colorations - SWT16 Simply Washable Tempera Paints, 16 fl oz, Set of 11 Colors, Non Toxic, Vibrant, Bold, Kids Paint, Craft, Hobby, Arts & Crafts, Fun, Art Supplies</p><p> -15% 0FF </p><p>$45.89 ($0.26 / Fl Oz)</p><a href="https://www.amazon.com/dp/B005E9KJYE?tag=eloabder-20&linkCode=osi&th=1&psc=1">View Product</a></div><div class="product"><a href="https://www.amazon.com/dp/B01HZP45BM?tag=eloabder-20&linkCode=osi&th=1&psc=1"><img src="https://m.media-amazon.com/images/I/51qsgeT-koL._SL500_.jpg" alt="Product Image"></a><p>Colorations Washable Tempera Paint, Set of 6 Colors, 8oz Each, Non Toxic Paint, Vibrant Paint, Craft Paint Children, Art Supplies, Homeschool, Home School Use</p><p> -15% 0FF </p><p>$16.99 ($0.35 / Fl Oz)</p><a href="https://www.amazon.com/dp/B01HZP45BM?tag=eloabder-20&linkCode=osi&th=1&psc=1">View Product</a></div><div class="product"><a href="https://www.amazon.com/dp/B01HZP4IFA?tag=eloabder-20&linkCode=osi&th=1&psc=1"><img src="https://m.media-amazon.com/images/I/41tdzr9-azL._SL500_.jpg" alt="Product Image"></a><p>Colorations - LWPACK Liquid Watercolor Paint, 4 fl oz, Set of 6, Non-Toxic, Painting, Kids, Craft, Hobby, Fun, Water Color, Posters, Cool Effects, Versatile, Gift</p><p> -10% 0FF </p><p>$18.89 ($0.79 / Fl Oz)</p><a href="https://www.amazon.com/dp/B01HZP4IFA?tag=eloabder-20&linkCode=osi&th=1&psc=1">View Product</a></div><div class="product"><a href="https://www.amazon.com/dp/B000PIK1YC?tag=eloabder-20&linkCode=osi&th=1&psc=1"><img src="https://m.media-amazon.com/images/I/31-jP8tO9yL._SL500_.jpg" alt="Product Image"></a><p>Rust-Oleum 7579838 Professional High Performance Enamel Spray Paint, 15 Oz, Gloss Black</p><p> -9% 0FF </p><p>$9.98 ($0.67 / Ounce)</p><a href="https://www.amazon.com/dp/B000PIK1YC?tag=eloabder-20&linkCode=osi&th=1&psc=1">View Product</a></div>


<div class="product"><a href="https://www.amazon.com/dp/B002SG7PPC?tag=eloabder-20&linkCode=osi&th=1&psc=1"><img src="https://m.media-amazon.com/images/I/31YVD0b4-1L._SL500_.jpg" alt="Product Image"></a><p>Mitutoyo 050101, Edge Finder, 3/8" Dia. Shank, .200" Dia. Tip</p><p> -21% 0FF </p><p>$16.55</p><a href="https://www.amazon.com/dp/B002SG7PPC?tag=eloabder-20&linkCode=osi&th=1&psc=1">View Product</a></div><div class="product"><a href="https://www.amazon.com/dp/1259827445?tag=eloabder-20&linkCode=osi&th=1&psc=1"><img src="https://m.media-amazon.com/images/I/41+0n7UFhrL._SL500_.jpg" alt="Product Image"></a><p>Machining and CNC Technology</p><p> -42% 0FF </p><p>$199.97</p><a href="https://www.amazon.com/dp/1259827445?tag=eloabder-20&linkCode=osi&th=1&psc=1">View Product</a></div><div class="product"><a href="https://www.amazon.com/dp/B07RM1D6WD?tag=eloabder-20&linkCode=osi&th=1&psc=1"><img src="https://m.media-amazon.com/images/I/41WW3tVXkmL._SL500_.jpg" alt="Product Image"></a><p>AFA Tooling - Deburring Tool with 11 High Speed Steel Swivel Blades - Works on Metal, Resin, PVC Pipes, Copper, Plastic and 3D Printed Edges - Plumbing & 3D Printing Burr Removal Reamer Tool</p><p> -20% 0FF </p><p>$15.95 ($9.11 / 100 g)</p><a href="https://www.amazon.com/dp/B07RM1D6WD?tag=eloabder-20&linkCode=osi&th=1&psc=1">View Product</a></div>
<div class="product"><a href="https://www.amazon.com/dp/B08VHYX96W?tag=eloabder-20&linkCode=osi&th=1&psc=1"><img src="https://m.media-amazon.com/images/I/518vzX0FwcL._SL500_.jpg" alt="Product Image"></a><p>HARDELL Mini Cordless Rotary Tool Kit, 5-Speed and USB Charging with 61 Accessories, Multi-Purpose 3.7V Power Rotary Tool for Sanding, Polishing, Drilling, Etching, Engraving, DIY Crafts</p><p> -17% 0FF </p><p>$24.99</p><a href="https://www.amazon.com/dp/B08VHYX96W?tag=eloabder-20&linkCode=osi&th=1&psc=1">View Product</a></div><div class="product"><a href="https://www.amazon.com/dp/B093229VY9?tag=eloabder-20&linkCode=osi&th=1&psc=1"><img src="https://m.media-amazon.com/images/I/51Wby41ESCL._SL500_.jpg" alt="Product Image"></a><p>KATA 4-PACK Folding Utility Knife, Heavy Duty Box Cutter with 20pcs SK5 Quick Change Blades, Safety Lock Back Design, Used for Cutting Cartons, Cardboards and Boxes</p><p> -23% 0FF </p><p>$9.99 ($2.50 / Count)</p><a href="https://www.amazon.com/dp/B093229VY9?tag=eloabder-20&linkCode=osi&th=1&psc=1">View Product</a></div><div class="product"><a href="https://www.amazon.com/dp/B09QXBC6XL?tag=eloabder-20&linkCode=osi&th=1&psc=1"><img src="https://m.media-amazon.com/images/I/41JcpPv9cXL._SL500_.jpg" alt="Product Image"></a><p>180W Rotary Tool Kit, 1.5-Amp PHALANX 6 Variable Speed with Flex Shaft, 8000-32000RPM Multi-Tool& 139pcs Accessories Kit, Power Multiuse Set Prefect for Crafting Projects and DIY Creations‚Ä¶</p><p> -23% 0FF </p><p>$39.99</p><a href="https://www.amazon.com/dp/B09QXBC6XL?tag=eloabder-20&linkCode=osi&th=1&psc=1">View Product</a></div><div class="product"><a href="https://www.amazon.com/dp/B07GR7QF63?tag=eloabder-20&linkCode=osi&th=1&psc=1"><img src="https://m.media-amazon.com/images/I/319qwqAeKXL._SL500_.jpg" alt="Product Image"></a><p>IGAN-170 Wire Cutters, Precision Electronics Flush Cutter, One of the Strongest and Sharpest Side Cutting pliers with an Opening Spring, Ideal for Ultra-fine Cutting Needs.</p><p> -24% 0FF </p><p>$6.97</p><a href="https://www.amazon.com/dp/B07GR7QF63?tag=eloabder-20&linkCode=osi&th=1&psc=1">View Product</a></div>

<div class="product"><a href="https://www.amazon.com/dp/B01LRVX4AS?tag=eloabder-20&linkCode=osi&th=1&psc=1"><img src="https://m.media-amazon.com/images/I/41eRX8GkL8L._SL500_.jpg" alt="Product Image"></a><p>JKSafety 9 Pockets Class 2 High Visibility Zipper Front Safety Vest With Reflective Strips,Meets ANSI/ISEA Standard (Large, 150-Yellow)</p><p> -10% 0FF </p><p>$8.99</p><a href="https://www.amazon.com/dp/B01LRVX4AS?tag=eloabder-20&linkCode=osi&th=1&psc=1">View Product</a></div><div class="product"><a href="https://www.amazon.com/dp/B01LDPHX7S?tag=eloabder-20&linkCode=osi&th=1&psc=1"><img src="https://m.media-amazon.com/images/I/41pcC4hFanL._SL500_.jpg" alt="Product Image"></a><p>Ergodyne GloWear 8377 Type R Class 3 Lime Quilted Bomber Jacket, High Visibility Reflective Insulation, X-Large</p><p> -17% 0FF </p><p>$34.99</p><a href="https://www.amazon.com/dp/B01LDPHX7S?tag=eloabder-20&linkCode=osi&th=1&psc=1">View Product</a></div><div class="product"><a href="https://www.amazon.com/dp/B0CRV7G3WW?tag=eloabder-20&linkCode=osi&th=1&psc=1"><img src="https://m.media-amazon.com/images/I/41KOsJq8HTL._SL500_.jpg" alt="Product Image"></a><p>Bilymate LED Reflective Vest Running Gear,High Visibility with usb Rechargeable Light Up safety Vest for Walking Running Cycling,Adjustable for Men Women Kids Flourence Green</p><p> -50% 0FF </p><p>$6.45</p><a href="https://www.amazon.com/dp/B0CRV7G3WW?tag=eloabder-20&linkCode=osi&th=1&psc=1">View Product</a></div>
<div class="product"><a href="https://www.amazon.com/dp/B01N2ZTB7M?tag=eloabder-20&linkCode=osi&th=1&psc=1"><img src="https://m.media-amazon.com/images/I/419b0AGprhL._SL500_.jpg" alt="Product Image"></a><p>Sellstrom Advantage Face Shield - Lightweight Mask with Crown & Ratchet Headgear, for Work, Grinding, Cutting - ANSI Z87.1 - Clear Uncoated Polycarbonate Window</p><p> -8% 0FF </p><p>$14.39</p><a href="https://www.amazon.com/dp/B01N2ZTB7M?tag=eloabder-20&linkCode=osi&th=1&psc=1">View Product</a></div><div class="product"><a href="https://www.amazon.com/dp/B008MCUZZS?tag=eloabder-20&linkCode=osi&th=1&psc=1"><img src="https://m.media-amazon.com/images/I/51FPpkx4CEL._SL500_.jpg" alt="Product Image"></a><p>3M 8210 Particulate Respirator, N95, Pack of 20 Disposable Respirator, Two-Strap Cup Style Design, Lightweight with Cushioning Nose Foam, NIOSH Approved</p><p> -45% 0FF </p><p>$15.49 ($0.77 / Count)</p><a href="https://www.amazon.com/dp/B008MCUZZS?tag=eloabder-20&linkCode=osi&th=1&psc=1">View Product</a></div><div class="product"><a href="https://www.amazon.com/dp/B08GBRY816?tag=eloabder-20&linkCode=osi&th=1&psc=1"><img src="https://m.media-amazon.com/images/I/51Z0iPJV4uL._SL500_.jpg" alt="Product Image"></a><p>NEIKO 53880A Forestry Helmet for Safety with Shield and Earmuffs, Chainsaw Helmet with Face Shield, Hard Hat Safety Gear Equipment, Protective Face Shield and Mesh Shield for Face Protection</p><p> -18% 0FF </p><p>$27.16</p><a href="https://www.amazon.com/dp/B08GBRY816?tag=eloabder-20&linkCode=osi&th=1&psc=1">View Product</a></div><div class="product"><a href="https://www.amazon.com/dp/B0BLF15Y9Q?tag=eloabder-20&linkCode=osi&th=1&psc=1"><img src="https://m.media-amazon.com/images/I/51+GJrSaWPL._SL500_.jpg" alt="Product Image"></a><p>Tanden Skating Protective Gear Adult Knee and Elbow Pads Wrist Guards for Roller Skating Skateboarding, Skate Pads Adult Knee Pads for Men Women Black</p><p> -6% 0FF </p><p>$26.99</p><a href="https://www.amazon.com/dp/B0BLF15Y9Q?tag=eloabder-20&linkCode=osi&th=1&psc=1">View Product</a></div>
<div class="product"><a href="https://www.amazon.com/dp/B0C9SBFGZR?tag=eloabder-20&linkCode=osi&th=1&psc=1"><img src="https://m.media-amazon.com/images/I/51yTPVBbEUL._SL500_.jpg" alt="Product Image"></a><p>Supmedic Nitrile Exam Glove, 3.5 mil Disposable Medical Gloves Powder-Free Latex-Free, Box of 100 pcs (Blue) (Medium)</p><p> -16% 0FF </p><p>$8.42</p><a href="https://www.amazon.com/dp/B0C9SBFGZR?tag=eloabder-20&linkCode=osi&th=1&psc=1">View Product</a></div><div class="product"><a href="https://www.amazon.com/dp/B07KYWVCP6?tag=eloabder-20&linkCode=osi&th=1&psc=1"><img src="https://m.media-amazon.com/images/I/41q59vUJw6L._SL500_.jpg" alt="Product Image"></a><p>MED PRIDE Medical Vinyl Examination Gloves (Large, 100-Count) Latex & Rubber Free, Ultra-Strong, Clear Disposable Powder-Free Gloves for Healthcare & Food Handling Use</p><p> -11% 0FF </p><p>$7.99 ($0.08 / Count)</p><a href="https://www.amazon.com/dp/B07KYWVCP6?tag=eloabder-20&linkCode=osi&th=1&psc=1">View Product</a></div><div class="product"><a href="https://www.amazon.com/dp/B09KTQMMCM?tag=eloabder-20&linkCode=osi&th=1&psc=1"><img src="https://m.media-amazon.com/images/I/41mQ4yEa-wL._SL500_.jpg" alt="Product Image"></a><p>Schneider Black Vinyl Exam Gloves, 4mil, Disposable Latex-Free, Plastic Gloves for Medical, Cooking, Cleaning, and Food Prep, Sizes Medium</p><p> -20% 0FF </p><p>$7.99</p><a href="https://www.amazon.com/dp/B09KTQMMCM?tag=eloabder-20&linkCode=osi&th=1&psc=1">View Product</a></div><div class="product"><a href="https://www.amazon.com/dp/B09KRT18KC?tag=eloabder-20&linkCode=osi&th=1&psc=1"><img src="https://m.media-amazon.com/images/I/415qb2LeE6L._SL500_.jpg" alt="Product Image"></a><p>Schneider Clear Vinyl Exam Gloves, 4-mil, Medium 100-ct Box, Latex-Free, Rubber Disposable Gloves For Medical, Cleaning , Food Prep, Food Safe, Powder-Free, Non-Sterile</p><p> -20% 0FF </p><p>$7.97 ($0.08 / Count)</p><a href="https://www.amazon.com/dp/B09KRT18KC?tag=eloabder-20&linkCode=osi&th=1&psc=1">View Product</a></div><div class="product"><a href="https://www.amazon.com/dp/B08WJQR2CR?tag=eloabder-20&linkCode=osi&th=1&psc=1"><img src="https://m.media-amazon.com/images/I/414Y7CgkL2L._SL500_.jpg" alt="Product Image"></a><p>FifthPulse Black Vinyl Disposable Gloves Large 50 Pack - Latex Free, Powder Free Medical Exam Gloves - Surgical, Home, Cleaning, and Food Gloves - 3 Mil Thickness</p><p> -60% 0FF </p><p>$5.59</p><a href="https://www.amazon.com/dp/B08WJQR2CR?tag=eloabder-20&linkCode=osi&th=1&psc=1">View Product</a></div><div class="product"><a href="https://www.amazon.com/dp/B0C9MZRBR7?tag=eloabder-20&linkCode=osi&th=1&psc=1"><img src="https://m.media-amazon.com/images/I/41STIBt58JL._SL500_.jpg" alt="Product Image"></a><p>Caring Nitrile Exam Gloves (100ct), Powder Free and Not Made with Natural Rubber Latex, Gloves for Medical Use, Cleaning, Food Prep and More, Large</p><p> -13% 0FF </p><p>$6.99</p><a href="https://www.amazon.com/dp/B0C9MZRBR7?tag=eloabder-20&linkCode=osi&th=1&psc=1">View Product</a></div><div class="product"><a href="https://www.amazon.com/dp/B087LXWY99?tag=eloabder-20&linkCode=osi&th=1&psc=1"><img src="https://m.media-amazon.com/images/I/51ILZr2xj3L._SL500_.jpg" alt="Product Image"></a><p>Basic Medical Blue Nitrile Exam Gloves - Latex-Free & Powder-Free - NGPF-7002 (Case of 1,000), Medium</p><p> -16% 0FF </p><p>$32.82 ($0.03 / Count)</p><a href="https://www.amazon.com/dp/B087LXWY99?tag=eloabder-20&linkCode=osi&th=1&psc=1">View Product</a></div>
<div class="product"><a href="https://www.amazon.com/dp/B09P4DBZHY?tag=eloabder-20&linkCode=osi&th=1&psc=1"><img src="https://m.media-amazon.com/images/I/31YZa5T8JCL._SL500_.jpg" alt="Product Image"></a><p>3M Hard Hat SecureFit H-701SFR-UV, White, Non-Vented Cap Style Safety Helmet with Uvicator Sensor, 4-Point Pressure Diffusion Ratchet Suspension, ANSI Z87.1</p><p> -12% 0FF </p><p>$16.25</p><a href="https://www.amazon.com/dp/B09P4DBZHY?tag=eloabder-20&linkCode=osi&th=1&psc=1">View Product</a></div><div class="product"><a href="https://www.amazon.com/dp/B09VBV3T78?tag=eloabder-20&linkCode=osi&th=1&psc=1"><img src="https://m.media-amazon.com/images/I/31BEt7CIKkL._SL500_.jpg" alt="Product Image"></a><p>UNINOVA Vented Hard Hat with Visor OSHA Construction Safety Helmet 6 pt. Ratchet Suspension Cascos De Construccion ANSI Z89.1 Type I Class C Hardhats(S1 White Smoked)</p><p> -46% 0FF </p><p>$29.99</p><a href="https://www.amazon.com/dp/B09VBV3T78?tag=eloabder-20&linkCode=osi&th=1&psc=1">View Product</a></div>
<div class="product"><a href="https://www.amazon.com/dp/B08C7HDF1F?tag=eloabder-20&linkCode=osi&th=1&psc=1"><img src="https://m.media-amazon.com/images/I/51v5EoPjf3L._SL500_.jpg" alt="Product Image"></a><p>NNPCBT 100PCS 3 Ply Black Disposable Face Mask Filter Protection Face Masks</p><p> -33% 0FF </p><p>$9.98 ($0.10 / Count)</p><a href="https://www.amazon.com/dp/B08C7HDF1F?tag=eloabder-20&linkCode=osi&th=1&psc=1">View Product</a></div><div class="product"><a href="https://www.amazon.com/dp/B09GNXYWDQ?tag=eloabder-20&linkCode=osi&th=1&psc=1"><img src="https://m.media-amazon.com/images/I/41VrygLbB9L._SL500_.jpg" alt="Product Image"></a><p>Gleeporte [Pack Of 100] Black Disposable Face Mask, 3-Ply Adult Masks, Facial Cover with Elastic Earloops For Home, Office, School, and Outdoors</p><p> -22% 0FF </p><p>$6.99 ($0.07 / Count)</p><a href="https://www.amazon.com/dp/B09GNXYWDQ?tag=eloabder-20&linkCode=osi&th=1&psc=1">View Product</a></div><div class="product"><a href="https://www.amazon.com/dp/B08Y8NVW6Y?tag=eloabder-20&linkCode=osi&th=1&psc=1"><img src="https://m.media-amazon.com/images/I/51-zA01VM0L._SL500_.jpg" alt="Product Image"></a><p>LEMENT 50pcs KN95 Face Mask Black 5 Layer Cup Dust Safety Masks Filter Efficiency‚â•95% Breathable Elastic Ear Loops Black Masks</p><p> -33% 0FF </p><p>$19.99 ($0.40 / Count)</p><a href="https://www.amazon.com/dp/B08Y8NVW6Y?tag=eloabder-20&linkCode=osi&th=1&psc=1">View Product</a></div><div class="product"><a href="https://www.amazon.com/dp/B089TX3BPY?tag=eloabder-20&linkCode=osi&th=1&psc=1"><img src="https://m.media-amazon.com/images/I/41qr1sidczL._SL500_.jpg" alt="Product Image"></a><p>Hygenix 3ply Disposable Face Masks PFE 99% Filter Quality Tested by a US lab (Pack of 50 Pcs)</p><p> -13% 0FF </p><p>$12.99 ($0.26 / Count)</p><a href="https://www.amazon.com/dp/B089TX3BPY?tag=eloabder-20&linkCode=osi&th=1&psc=1">View Product</a></div><div class="product"><a href="https://www.amazon.com/dp/B09GLY1S79?tag=eloabder-20&linkCode=osi&th=1&psc=1"><img src="https://m.media-amazon.com/images/I/511vKreiG-L._SL500_.jpg" alt="Product Image"></a><p>Funight KN95 Face Masks 50 Pack 5-Ply Breathable Filter Disposable Face Masks Black</p><p> -50% 0FF </p><p>$19.99 ($0.40 / Count)</p><a href="https://www.amazon.com/dp/B09GLY1S79?tag=eloabder-20&linkCode=osi&th=1&psc=1">View Product</a></div>
<div class="product"><a href="https://www.amazon.com/dp/B07MNZ7C1M?tag=eloabder-20&linkCode=osi&th=1&psc=1"><img src="https://m.media-amazon.com/images/I/41qn5bUxuzL._SL500_.jpg" alt="Product Image"></a><p>ProCase Noise Reduction Ear Muffs, SNR 34dB Noise Cancelling Headphones for Adults Kids Autism, Adjustable Sound Proof Ear Protection for Shooting Mowing Construction -Red</p><p> -21% 0FF </p><p>$14.99</p><a href="https://www.amazon.com/dp/B07MNZ7C1M?tag=eloabder-20&linkCode=osi&th=1&psc=1">View Product</a></div><div class="product"><a href="https://www.amazon.com/dp/B0C5SMT3TX?tag=eloabder-20&linkCode=osi&th=1&psc=1"><img src="https://m.media-amazon.com/images/I/31TGEeMQNBL._SL500_.jpg" alt="Product Image"></a><p>ZOHAN 012 Hearing Protection Earmuffs for Noise Reduction - NRR 28dB Adjustable Safety Ear Muffs for Mowing, Autism, Sporting Events, Outdoor Work, Construction - Purple</p><p> -50% 0FF </p><p>$7.99</p><a href="https://www.amazon.com/dp/B0C5SMT3TX?tag=eloabder-20&linkCode=osi&th=1&psc=1">View Product</a></div><div class="product"><a href="https://www.amazon.com/dp/B01MXYJ2QP?tag=eloabder-20&linkCode=osi&th=1&psc=1"><img src="https://m.media-amazon.com/images/I/412QOjQpaKL._SL500_.jpg" alt="Product Image"></a><p>3M Pro-Grade Earmuff, Noise Reduction Rating (NRR) 30 dB, Lightweight & Adjustable Ear Muffs, Reduce Pressure Points For All-Day Comfort, Steel Wire Headband With Rubber Overmold Design (90565-4DC-PS)</p><p> -19% 0FF </p><p>$27.49</p><a href="https://www.amazon.com/dp/B01MXYJ2QP?tag=eloabder-20&linkCode=osi&th=1&psc=1">View Product</a></div><div class="product"><a href="https://www.amazon.com/dp/B01N7LMH5K?tag=eloabder-20&linkCode=osi&th=1&psc=1"><img src="https://m.media-amazon.com/images/I/516EUUjXKUL._SL500_.jpg" alt="Product Image"></a><p>10 Pair Corded Reusable Ear Plugs for Shooting Range Ear Protection for Gun Range - Hunting Ear Plugs for Construction Firearm Ear Protection Shooting Gun Hearing Protection Ear Plugs Corded</p><p> -13% 0FF </p><p>$6.95 ($0.70 / Count)</p><a href="https://www.amazon.com/dp/B01N7LMH5K?tag=eloabder-20&linkCode=osi&th=1&psc=1">View Product</a></div>
<div class="product"><a href="https://www.amazon.com/dp/B09G8FJNRT?tag=eloabder-20&linkCode=osi&th=1&psc=1"><img src="https://m.media-amazon.com/images/I/414WbTnlb1L._SL500_.jpg" alt="Product Image"></a><p>Aqulius 2 Pack Stylish Safety Glasses Goggles Anti Fog, Scratch Resistant, Safety Glasses for Women, Blue Light, Glasses for Nurses</p><p> -18% 0FF </p><p>$13.99</p><a href="https://www.amazon.com/dp/B09G8FJNRT?tag=eloabder-20&linkCode=osi&th=1&psc=1">View Product</a></div><div class="product"><a href="https://www.amazon.com/dp/B0833VW43J?tag=eloabder-20&linkCode=osi&th=1&psc=1"><img src="https://m.media-amazon.com/images/I/41iY6mE3j6L._SL500_.jpg" alt="Product Image"></a><p>amoolo Clear Safety Glasses Bulk of 24, Protective Eyewear for Men Women, ANSI Z87.1 Impact Resistant Eye Protection for Work, Lab, Construction</p><p> -18% 0FF </p><p>$24.69 ($1.03 / Count)</p><a href="https://www.amazon.com/dp/B0833VW43J?tag=eloabder-20&linkCode=osi&th=1&psc=1">View Product</a></div><div class="product"><a href="https://www.amazon.com/dp/B07YLVH342?tag=eloabder-20&linkCode=osi&th=1&psc=1"><img src="https://m.media-amazon.com/images/I/41bR3jQbKXL._SL500_.jpg" alt="Product Image"></a><p>SolidWork Safety Glasses Clear Lens with Side Shields, Anti Fog, Anti Scratch, Anti-Glare, Protective Eyewear for Men & Women</p><p> -11% 0FF </p><p>$9.99</p><a href="https://www.amazon.com/dp/B07YLVH342?tag=eloabder-20&linkCode=osi&th=1&psc=1">View Product</a></div>

<div class="product"><a href="https://www.amazon.com/dp/B078JGY2MJ?tag=eloabder-20&linkCode=osi&th=1&psc=1"><img src="https://m.media-amazon.com/images/I/41V4pUwXteL._SL500_.jpg" alt="Product Image"></a><p>Cherokee Scrubs for Men Workwear Professionals V-Neck Four-Pocket Scrub Top WW695, L, Navy</p><p> -23% 0FF </p><p>$24.99</p><a href="https://www.amazon.com/dp/B078JGY2MJ?tag=eloabder-20&linkCode=osi&th=1&psc=1">View Product</a></div><div class="product"><a href="https://www.amazon.com/dp/B0721NWRKT?tag=eloabder-20&linkCode=osi&th=1&psc=1"><img src="https://m.media-amazon.com/images/I/41Qw3a-DoWL._SL500_.jpg" alt="Product Image"></a><p>Cherokee Women's V-Neck Top, Navy, X-Large</p><p> -15% 0FF </p><p>$23.99</p><a href="https://www.amazon.com/dp/B0721NWRKT?tag=eloabder-20&linkCode=osi&th=1&psc=1">View Product</a></div><div class="product"><a href="https://www.amazon.com/dp/B012H3JOOK?tag=eloabder-20&linkCode=osi&th=1&psc=1"><img src="https://m.media-amazon.com/images/I/41GrV-dIDYL._SL500_.jpg" alt="Product Image"></a><p>Workwear Women Underscrubs Long Sleeve Knit Tee 4881, L, Caribbean Blue</p><p> -19% 0FF </p><p>$10.47</p><a href="https://www.amazon.com/dp/B012H3JOOK?tag=eloabder-20&linkCode=osi&th=1&psc=1">View Product</a></div>
<div class="product"><a href="https://www.amazon.com/dp/B010QWNDX2?tag=eloabder-20&linkCode=osi&th=1&psc=1"><img src="https://m.media-amazon.com/images/I/31V3r0a9C1L._SL500_.jpg" alt="Product Image"></a><p>Just Love Women's Scrub Sets Six Pocket Medical Scrubs (V-Neck With Cargo Pant), Navy, Medium</p><p> -16% 0FF </p><p>$19.99</p><a href="https://www.amazon.com/dp/B010QWNDX2?tag=eloabder-20&linkCode=osi&th=1&psc=1">View Product</a></div><div class="product"><a href="https://www.amazon.com/dp/B0985Y2RB4?tag=eloabder-20&linkCode=osi&th=1&psc=1"><img src="https://m.media-amazon.com/images/I/3176BjqvasS._SL500_.jpg" alt="Product Image"></a><p>Natural Uniforms Women's Cool Stretch V-Neck Top and Cargo Pant Set (True Navy Blue, Large)</p><p> -17% 0FF </p><p>$24.99</p><a href="https://www.amazon.com/dp/B0985Y2RB4?tag=eloabder-20&linkCode=osi&th=1&psc=1">View Product</a></div><div class="product"><a href="https://www.amazon.com/dp/B0CBNDXYJT?tag=eloabder-20&linkCode=osi&th=1&psc=1"><img src="https://m.media-amazon.com/images/I/31DhOD5-BwL._SL500_.jpg" alt="Product Image"></a><p>MONARCH UNIFORMS Stretchy Scrubs Women's Jogger Scrub Set In Regular and Petite Jogger Scrubs with Tuck-In Top for Women(Navy-L)</p><p> -6% 0FF </p><p>$46.95</p><a href="https://www.amazon.com/dp/B0CBNDXYJT?tag=eloabder-20&linkCode=osi&th=1&psc=1">View Product</a></div><div class="product"><a href="https://www.amazon.com/dp/B0D1TL84LR?tag=eloabder-20&linkCode=osi&th=1&psc=1"><img src="https://m.media-amazon.com/images/I/51iGPF-PnRL._SL500_.jpg" alt="Product Image"></a><p>Electric Warming Trays for Food and Hot Plates, Large and Uniform Surface Heating, Foldable, Durable, 3 Temperature Levels, Can Be On for 12 Hours, Silicone Food Warmer for Gatherings (Beige)</p><p> -8% 0FF </p><p>$36.99</p><a href="https://www.amazon.com/dp/B0D1TL84LR?tag=eloabder-20&linkCode=osi&th=1&psc=1">View Product</a></div><div class="product"><a href="https://www.amazon.com/dp/B09MM2LG84?tag=eloabder-20&linkCode=osi&th=1&psc=1"><img src="https://m.media-amazon.com/images/I/31B25JsiYTL._SL500_.jpg" alt="Product Image"></a><p>Scrubs Set for Women Joggers V-Neck Pocket Top Uniforms (Pink, L)</p><p> -10% 0FF </p><p>$25.99</p><a href="https://www.amazon.com/dp/B09MM2LG84?tag=eloabder-20&linkCode=osi&th=1&psc=1">View Product</a></div>
<div class="product"><a href="https://www.amazon.com/dp/B07K8M42Q5?tag=eloabder-20&linkCode=osi&th=1&psc=1"><img src="https://m.media-amazon.com/images/I/41UMPYXm6lS._SL500_.jpg" alt="Product Image"></a><p>Insulated Thermal Bib Overalls, High Visibility, Weather-Resistant, Large, Ergodyne GloWear 8928,Lime</p><p> -33% 0FF </p><p>$74.69</p><a href="https://www.amazon.com/dp/B07K8M42Q5?tag=eloabder-20&linkCode=osi&th=1&psc=1">View Product</a></div><div class="product"><a href="https://www.amazon.com/dp/B07SB2Z38J?tag=eloabder-20&linkCode=osi&th=1&psc=1"><img src="https://m.media-amazon.com/images/I/31gv4F1tgnL._SL500_.jpg" alt="Product Image"></a><p>Pioneer Hi Vis Ripstop Waterproof Bib Pants/Overalls for Men - Reflective Safety Work Rain Pants - High Visibility Yellow</p><p> -11% 0FF </p><p>$51.72</p><a href="https://www.amazon.com/dp/B07SB2Z38J?tag=eloabder-20&linkCode=osi&th=1&psc=1">View Product</a></div>
<div class="product"><a href="https://www.amazon.com/dp/B000BQRGFU?tag=eloabder-20&linkCode=osi&th=1&psc=1"><img src="https://m.media-amazon.com/images/I/51gnFiaxIAS._SL500_.jpg" alt="Product Image"></a><p>Trimaco SuperTuff Polypropylene Coverall, Medium</p><p> -51% 0FF </p><p>$4.90</p><a href="https://www.amazon.com/dp/B000BQRGFU?tag=eloabder-20&linkCode=osi&th=1&psc=1">View Product</a></div><div class="product"><a href="https://www.amazon.com/dp/B01JOWAOEG?tag=eloabder-20&linkCode=osi&th=1&psc=1"><img src="https://m.media-amazon.com/images/I/31jcH7zLurL._SL500_.jpg" alt="Product Image"></a><p>DuPont unisex-adult TY122S-XL-EACH Disposable Elastic Wrist, Bootie and Hood Tyvek Coverall Suit 1414, X-Large, White</p><p> -16% 0FF </p><p>$9.77</p><a href="https://www.amazon.com/dp/B01JOWAOEG?tag=eloabder-20&linkCode=osi&th=1&psc=1">View Product</a></div>
<div class="product"><a href="https://www.amazon.com/dp/B07D8G82G8?tag=eloabder-20&linkCode=osi&th=1&psc=1"><img src="https://m.media-amazon.com/images/I/317xFAdHZWL._SL500_.jpg" alt="Product Image"></a><p>VOGRYE Professional Lab Coat for Men Women Long Sleeve, White, Unisex</p><p> -12% 0FF </p><p>$14.99</p><a href="https://www.amazon.com/dp/B07D8G82G8?tag=eloabder-20&linkCode=osi&th=1&psc=1">View Product</a></div><div class="product"><a href="https://www.amazon.com/dp/B07HBL83B4?tag=eloabder-20&linkCode=osi&th=1&psc=1"><img src="https://m.media-amazon.com/images/I/31TG2roZU-L._SL500_.jpg" alt="Product Image"></a><p>VOGRYE Professional Lab Coat for Women Men Long Sleeve, White, Unisex (Small, White)</p><p> -32% 0FF </p><p>$16.99</p><a href="https://www.amazon.com/dp/B07HBL83B4?tag=eloabder-20&linkCode=osi&th=1&psc=1">View Product</a></div><div class="product"><a href="https://www.amazon.com/dp/B08VDZ6KCT?tag=eloabder-20&linkCode=osi&th=1&psc=1"><img src="https://m.media-amazon.com/images/I/31ERfg1k-nL._SL500_.jpg" alt="Product Image"></a><p>NY Threads Professional Lab Coat for Men Long Sleeve Poly Cotton Medical Coat 1 Pack, Medium, White</p><p> -11% 0FF </p><p>$16.99</p><a href="https://www.amazon.com/dp/B08VDZ6KCT?tag=eloabder-20&linkCode=osi&th=1&psc=1">View Product</a></div><div class="product"><a href="https://www.amazon.com/dp/B097NS2MHG?tag=eloabder-20&linkCode=osi&th=1&psc=1"><img src="https://m.media-amazon.com/images/I/31jtnrdiCcL._SL500_.jpg" alt="Product Image"></a><p>NY Threads Professional Lab Coat for Women, Long Sleeve Poly Cotton Medical Coat 1 Pack, Medium, White</p><p> -10% 0FF </p><p>$17.99</p><a href="https://www.amazon.com/dp/B097NS2MHG?tag=eloabder-20&linkCode=osi&th=1&psc=1">View Product</a></div>
<div class="product"><a href="https://www.amazon.com/dp/B08LSQFJCL?tag=eloabder-20&linkCode=osi&th=1&psc=1"><img src="https://m.media-amazon.com/images/I/410PoD7Tw+L._SL500_.jpg" alt="Product Image"></a><p>Walking Boot Fracture Boot for Broken Foot, Sprained Ankle-Medium</p><p> -25% 0FF </p><p>$39.85</p><a href="https://www.amazon.com/dp/B08LSQFJCL?tag=eloabder-20&linkCode=osi&th=1&psc=1">View Product</a></div><div class="product"><a href="https://www.amazon.com/dp/B09YPT42D5?tag=eloabder-20&linkCode=osi&th=1&psc=1"><img src="https://m.media-amazon.com/images/I/418-GYTrMOL._SL500_.jpg" alt="Product Image"></a><p>Jewlri Air Walking Boot Fracture Boot Short Walker Protective Boot Fits Left or Right Foot Ankle for Injuries Fractures Sprains Black M</p><p> -13% 0FF </p><p>$39.15</p><a href="https://www.amazon.com/dp/B09YPT42D5?tag=eloabder-20&linkCode=osi&th=1&psc=1">View Product</a></div><div class="product"><a href="https://www.amazon.com/dp/B019T9EHME?tag=eloabder-20&linkCode=osi&th=1&psc=1"><img src="https://m.media-amazon.com/images/I/41vMjfPsvUL._SL500_.jpg" alt="Product Image"></a><p>WOLVERINE Men's Floorhand Waterproof Steeltoe 6" Work Boot, Dark Brown, 9M</p><p> -23% 0FF </p><p>$92.90</p><a href="https://www.amazon.com/dp/B019T9EHME?tag=eloabder-20&linkCode=osi&th=1&psc=1">View Product</a></div>
<div class="product"><a href="https://www.amazon.com/dp/B073WH3WDR?tag=eloabder-20&linkCode=osi&th=1&psc=1"><img src="https://m.media-amazon.com/images/I/31s4J9BNC5L._SL500_.jpg" alt="Product Image"></a><p>Skechers Women's Squad SR Shoe, Black, 8.5</p><p> -63% 0FF </p><p>$25.00</p><a href="https://www.amazon.com/dp/B073WH3WDR?tag=eloabder-20&linkCode=osi&th=1&psc=1">View Product</a></div><div class="product"><a href="https://www.amazon.com/dp/B0C73MZF8M?tag=eloabder-20&linkCode=osi&th=1&psc=1"><img src="https://m.media-amazon.com/images/I/41yuAR+ADmL._SL500_.jpg" alt="Product Image"></a><p>LARNMERN Men Shoes Non Slip Work Sneakers Plantar Fasciitis Food Service Zapatos Trabajo Antideslizantes Orthopedic Walking Shoes Water Resistant Slip-on, Black 10.5</p><p> -15% 0FF </p><p>$42.42</p><a href="https://www.amazon.com/dp/B0C73MZF8M?tag=eloabder-20&linkCode=osi&th=1&psc=1">View Product</a></div><div class="product"><a href="https://www.amazon.com/dp/B0CJ8ZXF49?tag=eloabder-20&linkCode=osi&th=1&psc=1"><img src="https://m.media-amazon.com/images/I/41FQGDRzYhL._SL500_.jpg" alt="Product Image"></a><p>Bruno Marc Men's Non Slip Shoes, Lightweight Mens Work Shoes & Restaurant or Food Service Sneakers,Size 12,Black,SBWO2302M</p><p> -18% 0FF </p><p>$40.99</p><a href="https://www.amazon.com/dp/B0CJ8ZXF49?tag=eloabder-20&linkCode=osi&th=1&psc=1">View Product</a></div><div class="product"><a href="https://www.amazon.com/dp/B08XK8NZ82?tag=eloabder-20&linkCode=osi&th=1&psc=1"><img src="https://m.media-amazon.com/images/I/41VlYm6BhQL._SL500_.jpg" alt="Product Image"></a><p>Shoes for Crews Everlight Mens Non Slip Work Shoes - Men's Work & Safety Footwear, Lace-Up Breathable Work Shoes for Men, Zapato de Trabajo para Hombre, Size 10 Black</p><p> -14% 0FF </p><p>$59.98</p><a href="https://www.amazon.com/dp/B08XK8NZ82?tag=eloabder-20&linkCode=osi&th=1&psc=1">View Product</a></div><div class="product"><a href="https://www.amazon.com/dp/B01N2ZIDHO?tag=eloabder-20&linkCode=osi&th=1&psc=1"><img src="https://m.media-amazon.com/images/I/41TB3tRdI3L._SL500_.jpg" alt="Product Image"></a><p>Skechers Men's Flex Advantage Bendon Work Shoe, Black, 9.5 Wide</p><p> -25% 0FF </p><p>$63.73</p><a href="https://www.amazon.com/dp/B01N2ZIDHO?tag=eloabder-20&linkCode=osi&th=1&psc=1">View Product</a></div><div class="product"><a href="https://www.amazon.com/dp/B0D95RCCV4?tag=eloabder-20&linkCode=osi&th=1&psc=1"><img src="https://m.media-amazon.com/images/I/414THsyORKL._SL500_.jpg" alt="Product Image"></a><p>Bruno Marc Men's Hands Free Non Slip Work Shoes, Water Resistance Restaurant Slip on Food Service Sneakers,Size 11,Black,SNIC2410M</p><p> -15% 0FF </p><p>$33.14</p><a href="https://www.amazon.com/dp/B0D95RCCV4?tag=eloabder-20&linkCode=osi&th=1&psc=1">View Product</a></div><div class="product"><a href="https://www.amazon.com/dp/B08XLPHX2K?tag=eloabder-20&linkCode=osi&th=1&psc=1"><img src="https://m.media-amazon.com/images/I/41hIoqZEa+L._SL500_.jpg" alt="Product Image"></a><p>Shoes for Crews Everlight, Women's Slip Resistant Work Shoes, Water Resistant, Black, Size 9</p><p> -14% 0FF </p><p>$59.98</p><a href="https://www.amazon.com/dp/B08XLPHX2K?tag=eloabder-20&linkCode=osi&th=1&psc=1">View Product</a></div>

<div class="product"><a href="https://www.amazon.com/dp/B0CP3Q6CCG?tag=eloabder-20&linkCode=osi&th=1&psc=1"><img src="https://m.media-amazon.com/images/I/41sFYNo44HL._SL500_.jpg" alt="Product Image"></a><p>SAFETOE Welding Boots for Men Composite Toe Safety Boots Fire Resistant Welding Boot 300‚ÑÉHeat Resistant Welder Working Boots</p><p> -20% 0FF </p><p>$71.99</p><a href="https://www.amazon.com/dp/B0CP3Q6CCG?tag=eloabder-20&linkCode=osi&th=1&psc=1">View Product</a></div><div class="product"><a href="https://www.amazon.com/dp/B08L6HJJ7C?tag=eloabder-20&linkCode=osi&th=1&psc=1"><img src="https://m.media-amazon.com/images/I/41RzvjdVq0S._SL500_.jpg" alt="Product Image"></a><p>TOSAFZXY Work Safety Boots for Men Durable Crazy-Horse Leather Indestructible Steel Toe Waterproof and Non-Slip Better Warmth Men Work Shoes Black 13</p><p> -21% 0FF </p><p>$76.99</p><a href="https://www.amazon.com/dp/B08L6HJJ7C?tag=eloabder-20&linkCode=osi&th=1&psc=1">View Product</a></div><div class="product"><a href="https://www.amazon.com/dp/B01E7T2S7M?tag=eloabder-20&linkCode=osi&th=1&psc=1"><img src="https://m.media-amazon.com/images/I/41h2ZazEbDL._SL500_.jpg" alt="Product Image"></a><p>Timberland PRO Men's Powertrain Sport Alloy Safety Toe Industrial Athletic Work Shoe AL, Black/Grey, 11</p><p> -15% 0FF </p><p>$93.45</p><a href="https://www.amazon.com/dp/B01E7T2S7M?tag=eloabder-20&linkCode=osi&th=1&psc=1">View Product</a></div>

<div class="product"><a href="https://www.amazon.com/dp/B08G5DNWPH?tag=eloabder-20&linkCode=osi&th=1&psc=1"><img src="https://m.media-amazon.com/images/I/51z+-4Ne7OS._SL500_.jpg" alt="Product Image"></a><p>Palmer Safety Safety Harness w/Detachable 6 ft Lanyard I Single Leg Lanyard w/Internal Shock Absorbing & Snap Hook I OSHA/ANSI Fall Arrest Kit</p><p> -19% 0FF </p><p>$41.80</p><a href="https://www.amazon.com/dp/B08G5DNWPH?tag=eloabder-20&linkCode=osi&th=1&psc=1">View Product</a></div>
<div class="product"><a href="https://www.amazon.com/dp/B07MPC2DL1?tag=eloabder-20&linkCode=osi&th=1&psc=1"><img src="https://m.media-amazon.com/images/I/414lPL-+oSL._SL500_.jpg" alt="Product Image"></a><p>SHINKODA Black Glasses Strap, Sports Sunglasses & Eyeglasses Holder Straps for Men Women, String Holder, Neck Lanyard Cord, Adjustable Rope Eyewear Keeper Strap, Pack of 6</p><p> -30% 0FF </p><p>$6.99</p><a href="https://www.amazon.com/dp/B07MPC2DL1?tag=eloabder-20&linkCode=osi&th=1&psc=1">View Product</a></div>

<div class="product"><a href="https://www.amazon.com/dp/B07N42HH5R?tag=eloabder-20&linkCode=osi&th=1&psc=1"><img src="https://m.media-amazon.com/images/I/41ckLVLEd2L._SL500_.jpg" alt="Product Image"></a><p>X MONSTER HMPE Synthetic Winch Rope 3/8" x 90' Off Road for UTV/ATV Winch Line Cable Rope with Black Protecting Sleeve 18,000 lbs, Orange</p><p> -50% 0FF </p><p>$39.99 ($0.44 / Foot)</p><a href="https://www.amazon.com/dp/B07N42HH5R?tag=eloabder-20&linkCode=osi&th=1&psc=1">View Product</a></div><div class="product"><a href="https://www.amazon.com/dp/B08GC5NMY2?tag=eloabder-20&linkCode=osi&th=1&psc=1"><img src="https://m.media-amazon.com/images/I/41DLu2HOubL._SL500_.jpg" alt="Product Image"></a><p>AuInn Pack of 2 Velvet Stanchion Ropes, 4.9 Feet Stanchion Queue Barrier Rope Velvet Rope, Crowd Control Rope Barrier, with Mirror Polished Hooks (Red)</p><p> -50% 0FF </p><p>$8.24</p><a href="https://www.amazon.com/dp/B08GC5NMY2?tag=eloabder-20&linkCode=osi&th=1&psc=1">View Product</a></div><div class="product"><a href="https://www.amazon.com/dp/B004XAD2IU?tag=eloabder-20&linkCode=osi&th=1&psc=1"><img src="https://m.media-amazon.com/images/I/41OMk7JUdRL._SL500_.jpg" alt="Product Image"></a><p>SeaSense Rope Cutting Gun for Fishing, Boating & Camping ‚Äì 4‚Äô Cord, 1.5 Lbs, 120 V, 100 W & 1.5 A ‚Äì Lightweight Electric Cutter Tool for Synthetic Rope or Line</p><p> -17% 0FF </p><p>$34.49</p><a href="https://www.amazon.com/dp/B004XAD2IU?tag=eloabder-20&linkCode=osi&th=1&psc=1">View Product</a></div><div class="product"><a href="https://www.amazon.com/dp/B000KA4NZI?tag=eloabder-20&linkCode=osi&th=1&psc=1"><img src="https://m.media-amazon.com/images/I/41dG6S68MnL._SL500_.jpg" alt="Product Image"></a><p>Champion Sports DD Series Double Dutch Licorice Jump Ropes - Pink, 16-Feet (Set)</p><p> -37% 0FF </p><p>$10.10</p><a href="https://www.amazon.com/dp/B000KA4NZI?tag=eloabder-20&linkCode=osi&th=1&psc=1">View Product</a></div><div class="product"><a href="https://www.amazon.com/dp/B0BMVK163Z?tag=eloabder-20&linkCode=osi&th=1&psc=1"><img src="https://m.media-amazon.com/images/I/41lSc76CkEL._SL500_.jpg" alt="Product Image"></a><p>FVIEXE 6 Pack Red Velvet Stanchion Rope, 5 Feet Crowd Control Velvet Ropes with Gold Clasps, Foam Core Red Rope Queue Safety Sarriers Stanchion Post Rope for Party Event and Red Carpet</p><p> -6% 0FF </p><p>$32.99</p><a href="https://www.amazon.com/dp/B0BMVK163Z?tag=eloabder-20&linkCode=osi&th=1&psc=1">View Product</a></div>


<div class="product"><a href="https://www.amazon.com/dp/B06X9CYNJF?tag=eloabder-20&linkCode=osi&th=1&psc=1"><img src="https://m.media-amazon.com/images/I/51ZZNuuD3RL._SL500_.jpg" alt="Product Image"></a><p>VIVOHOME Motorcycle Lift Scissor Jack Steel Wide Deck Hoist Crank Center Stand 1100 LBS Capacity for Motorcycles, ATVs, Dirt Bikes Red</p><p> -20% 0FF </p><p>$79.99</p><a href="https://www.amazon.com/dp/B06X9CYNJF?tag=eloabder-20&linkCode=osi&th=1&psc=1">View Product</a></div><div class="product"><a href="https://www.amazon.com/dp/B0B19LHQG9?tag=eloabder-20&linkCode=osi&th=1&psc=1"><img src="https://m.media-amazon.com/images/I/41KGf+arU0L._SL500_.jpg" alt="Product Image"></a><p>EnryKuo Labor Saving Arm Jack 2 Pack,15.5 Inch Multifunctional Furniture Lifter Jacks for Installing Cabinets and Wall Tile Height Adjuster Handheld Tool</p><p> -42% 0FF </p><p>$28.99</p><a href="https://www.amazon.com/dp/B0B19LHQG9?tag=eloabder-20&linkCode=osi&th=1&psc=1">View Product</a></div><div class="product"><a href="https://www.amazon.com/dp/B002671WFC?tag=eloabder-20&linkCode=osi&th=1&psc=1"><img src="https://m.media-amazon.com/images/I/41SUknvQFBL._SL500_.jpg" alt="Product Image"></a><p>Lumex Stand Assist Patient Lift - Safely Sit, Stand, Transfer & Transport - LF1600</p><p> -11% 0FF </p><p>$648.29</p><a href="https://www.amazon.com/dp/B002671WFC?tag=eloabder-20&linkCode=osi&th=1&psc=1">View Product</a></div><div class="product"><a href="https://www.amazon.com/dp/B00022749Q?tag=eloabder-20&linkCode=osi&th=1&psc=1"><img src="https://m.media-amazon.com/images/I/41yCiXKQqmL._SL500_.jpg" alt="Product Image"></a><p>Shoulder Dolly Moving Straps - Lifting Strap for 2 Movers - Move, Lift, Carry, And Secure Furniture, Appliances, Heavy, Bulky Objects Safely, Efficiently, More Easily Like The Pros - LD1000</p><p> -11% 0FF </p><p>$39.99</p><a href="https://www.amazon.com/dp/B00022749Q?tag=eloabder-20&linkCode=osi&th=1&psc=1">View Product</a></div>
<div class="product"><a href="https://www.amazon.com/dp/B01MT1C80C?tag=eloabder-20&linkCode=osi&th=1&psc=1"><img src="https://m.media-amazon.com/images/I/41lL1b8gXCL._SL500_.jpg" alt="Product Image"></a><p>Happybuy Belt Conveyor 59 x 7.8 inch Conveyor Table Heavy Duty Stainless Steel Motorized Belt Conveyor for Inkjet Coding Applications Powered Rubber PVC Belt Anti Static (One Guardrail)</p><p> -30% 0FF </p><p>$249.99</p><a href="https://www.amazon.com/dp/B01MT1C80C?tag=eloabder-20&linkCode=osi&th=1&psc=1">View Product</a></div><div class="product"><a href="https://www.amazon.com/dp/B0C1PBQT7R?tag=eloabder-20&linkCode=osi&th=1&psc=1"><img src="https://m.media-amazon.com/images/I/41qlOkZESjL._SL500_.jpg" alt="Product Image"></a><p>Winco ECT-300 Commercial Conveyor Toaster, 300 Slices/Hour</p><p> -6% 0FF </p><p>$387.41</p><a href="https://www.amazon.com/dp/B0C1PBQT7R?tag=eloabder-20&linkCode=osi&th=1&psc=1">View Product</a></div>

<div class="product"><a href="https://www.amazon.com/dp/B018ANYYJG?tag=eloabder-20&linkCode=osi&th=1&psc=1"><img src="https://m.media-amazon.com/images/I/416JDvu6ogL._SL500_.jpg" alt="Product Image"></a><p>Global Industrial Pallet Jack Truck, 6600 Lb. Capacity, 27 x 48</p><p> -9% 0FF </p><p>$569.73</p><a href="https://www.amazon.com/dp/B018ANYYJG?tag=eloabder-20&linkCode=osi&th=1&psc=1">View Product</a></div>
<div class="product"><a href="https://www.amazon.com/dp/B0D6FZH97Y?tag=eloabder-20&linkCode=osi&th=1&psc=1"><img src="https://m.media-amazon.com/images/I/31pz8LhlttL._SL500_.jpg" alt="Product Image"></a><p>Golpart 6 Tier Adjustable Storage Shelves,Narrow Mesh Gaps Metal Utility Shelf,Wire Shelving Unit Organizer Rack for Home,Kitchen,Office,Bathroom,Pantry Room,10" D x 16" W x 60" H,Black</p><p> -28% 0FF </p><p>$42.99</p><a href="https://www.amazon.com/dp/B0D6FZH97Y?tag=eloabder-20&linkCode=osi&th=1&psc=1">View Product</a></div>

<div class="product"><a href="https://www.amazon.com/dp/B0000AXNO5?tag=eloabder-20&linkCode=osi&th=1&psc=1"><img src="https://m.media-amazon.com/images/I/411lu8hpsTL._SL500_.jpg" alt="Product Image"></a><p>SIMPLE GREEN ndustrial Cleaner and Degreaser, 1 US GALLON</p><p> -49% 0FF </p><p>$12.79 ($0.10 / Fl Oz)</p><a href="https://www.amazon.com/dp/B0000AXNO5?tag=eloabder-20&linkCode=osi&th=1&psc=1">View Product</a></div><div class="product"><a href="https://www.amazon.com/dp/B0B6HNYPD1?tag=eloabder-20&linkCode=osi&th=1&psc=1"><img src="https://m.media-amazon.com/images/I/51EInWKBX1L._SL500_.jpg" alt="Product Image"></a><p>String Mop for Floor Cleaning - Heavy Duty Industrial Commercial Mop with Extra Replacement Mop Head , 59inch Mop Handle, Wet Mop for Home,Garage,Office, Workshop, Warehouse Floor Cleaning</p><p> -22% 0FF </p><p>$28.98</p><a href="https://www.amazon.com/dp/B0B6HNYPD1?tag=eloabder-20&linkCode=osi&th=1&psc=1">View Product</a></div><div class="product"><a href="https://www.amazon.com/dp/B09V5FV7H8?tag=eloabder-20&linkCode=osi&th=1&psc=1"><img src="https://m.media-amazon.com/images/I/41GFVuDbcUL._SL500_.jpg" alt="Product Image"></a><p>VELCRO Brand Industrial Strength Fasteners | Extreme Outdoor Weather Conditions | Heavy Duty Strength Holds up to 15 lbs | 4 x 2 inch Strips, 3 Sets, Black (VEL-30758-USA)</p><p> -30% 0FF </p><p>$5.27</p><a href="https://www.amazon.com/dp/B09V5FV7H8?tag=eloabder-20&linkCode=osi&th=1&psc=1">View Product</a></div><div class="product"><a href="https://www.amazon.com/dp/B00006RSP1?tag=eloabder-20&linkCode=osi&th=1&psc=1"><img src="https://m.media-amazon.com/images/I/41oE--c0W-L._SL500_.jpg" alt="Product Image"></a><p>VELCRO Brand Heavy Duty Tape with Adhesive | 15 Ft x 2 In | Holds 10 lbs, Black | Industrial Strength Roll, Cut Strips to Length | Strong Hold for Indoor or Outdoor Use, 15ft x 2in</p><p> -50% 0FF </p><p>$20.24</p><a href="https://www.amazon.com/dp/B00006RSP1?tag=eloabder-20&linkCode=osi&th=1&psc=1">View Product</a></div><div class="product"><a href="https://www.amazon.com/dp/B0BDLFSZR4?tag=eloabder-20&linkCode=osi&th=1&psc=1"><img src="https://m.media-amazon.com/images/I/41tLbo5s0BL._SL500_.jpg" alt="Product Image"></a><p>KeFanta Commercial Mop Heavy Duty Industrial Mop with Long Handle,60" Looped-End String Wet Cotton Mops for Floor Cleaning,Home,Kitchen,Office,Garage and Concrete/Tile Floor</p><p> -5% 0FF </p><p>$19.97</p><a href="https://www.amazon.com/dp/B0BDLFSZR4?tag=eloabder-20&linkCode=osi&th=1&psc=1">View Product</a></div>
<div class="product"><a href="https://www.amazon.com/dp/B0CTJ4Y52T?tag=eloabder-20&linkCode=osi&th=1&psc=1"><img src="https://m.media-amazon.com/images/I/410DrBVMpwL._SL500_.jpg" alt="Product Image"></a><p>Ernst Manufacturing Wrench Pro Wrench Storage for 20 Wrenches - Hi-Viz</p><p> -5% 0FF </p><p>$16.10</p><a href="https://www.amazon.com/dp/B0CTJ4Y52T?tag=eloabder-20&linkCode=osi&th=1&psc=1">View Product</a></div><div class="product"><a href="https://www.amazon.com/dp/B011BDWS5Y?tag=eloabder-20&linkCode=osi&th=1&psc=1"><img src="https://m.media-amazon.com/images/I/31vzNsRYhkL._SL500_.jpg" alt="Product Image"></a><p>Tower Manufacturing 30434009 Auto-Reset 15 AMP Right Angle GFCI Plug, Black</p><p> -6% 0FF </p><p>$16.96</p><a href="https://www.amazon.com/dp/B011BDWS5Y?tag=eloabder-20&linkCode=osi&th=1&psc=1">View Product</a></div><div class="product"><a href="https://www.amazon.com/dp/B0CTJ78V81?tag=eloabder-20&linkCode=osi&th=1&psc=1"><img src="https://m.media-amazon.com/images/I/41NufwoDLiL._SL500_.jpg" alt="Product Image"></a><p>Ernst Manufacturing Wrench Pro - Modular Wrench Organizer for 40 Tools with Magnetic Base (Hi-Viz) - Made in the USA</p><p> -5% 0FF </p><p>$37.95</p><a href="https://www.amazon.com/dp/B0CTJ78V81?tag=eloabder-20&linkCode=osi&th=1&psc=1">View Product</a></div><div class="product"><a href="https://www.amazon.com/dp/B075XZPMHX?tag=eloabder-20&linkCode=osi&th=1&psc=1"><img src="https://m.media-amazon.com/images/I/41YihmHjGFL._SL500_.jpg" alt="Product Image"></a><p>PURELL Brand CLEAN RELEASE Technology (CRT) HEALTHY SOAP Naturally Clean Foam, Fragrance Free, 1200 mL Refill for PURELL ES6 Automatic Soap Dispenser (Pack of 2) - 6470-02-Manufactured by GOJO, Inc.</p><p> -14% 0FF </p><p>$51.86 ($1.28 / Fl Oz)</p><a href="https://www.amazon.com/dp/B075XZPMHX?tag=eloabder-20&linkCode=osi&th=1&psc=1">View Product</a></div><div class="product"><a href="https://www.amazon.com/dp/B012IMWAXW?tag=eloabder-20&linkCode=osi&th=1&psc=1"><img src="https://m.media-amazon.com/images/I/41jdAol8VML._SL500_.jpg" alt="Product Image"></a><p>Schaeffer Manufacturing Co. 0191-012S Micron Moly Racing Engine Oil 20W-50, 1-Quart Bottle</p><p> -8% 0FF </p><p>$10.48</p><a href="https://www.amazon.com/dp/B012IMWAXW?tag=eloabder-20&linkCode=osi&th=1&psc=1">View Product</a></div><div class="product"><a href="https://www.amazon.com/dp/B09F8CM69J?tag=eloabder-20&linkCode=osi&th=1&psc=1"><img src="https://m.media-amazon.com/images/I/41Ok3l4S+nL._SL500_.jpg" alt="Product Image"></a><p>Boka Fluoride Free Toothpaste- Nano Hydroxyapatite, Remineralizing, Sensitive Teeth, Whitening - Dentist Recommended for Adult, Kids Oral Care- Lemon Lavender Flavor, 4 Fl Oz 1Pk US Manufactured</p><p> -19% 0FF </p><p>$12.99 ($3.25 / Ounce)</p><a href="https://www.amazon.com/dp/B09F8CM69J?tag=eloabder-20&linkCode=osi&th=1&psc=1">View Product</a></div><div class="product"><a href="https://www.amazon.com/dp/B0060BFYHM?tag=eloabder-20&linkCode=osi&th=1&psc=1"><img src="https://m.media-amazon.com/images/I/41oFKMzBXIL._SL500_.jpg" alt="Product Image"></a><p>Ernst Manufacturing 3/8-Inch Dura-Pro Twist Lock Socket Clips, 15-Pack, Black - 8441</p><p> -25% 0FF </p><p>$7.99</p><a href="https://www.amazon.com/dp/B0060BFYHM?tag=eloabder-20&linkCode=osi&th=1&psc=1">View Product</a></div>
<div class="product"><a href="https://www.amazon.com/dp/B0094KPK70?tag=eloabder-20&linkCode=osi&th=1&psc=1"><img src="https://m.media-amazon.com/images/I/31gFDiqADHL._SL500_.jpg" alt="Product Image"></a><p>Miss Jessie's Pillow Soft Curls Unisex Lotion 8.5 oz</p><p> -11% 0FF </p><p>$21.97 ($2.58 / Fl Oz)</p><a href="https://www.amazon.com/dp/B0094KPK70?tag=eloabder-20&linkCode=osi&th=1&psc=1">View Product</a></div><div class="product"><a href="https://www.amazon.com/dp/B000052YCL?tag=eloabder-20&linkCode=osi&th=1&psc=1"><img src="https://m.media-amazon.com/images/I/41LCxmzicBL._SL500_.jpg" alt="Product Image"></a><p>biot√®ne Oral Rinse Mouthwash for Dry Mouth, Breath Freshener and Dry Mouth Treatment, Fresh Mint, 16 fl oz</p><p> -15% 0FF </p><p>$6.79 ($0.42 / Fl Oz)</p><a href="https://www.amazon.com/dp/B000052YCL?tag=eloabder-20&linkCode=osi&th=1&psc=1">View Product</a></div><div class="product"><a href="https://www.amazon.com/dp/B006ZUW070?tag=eloabder-20&linkCode=osi&th=1&psc=1"><img src="https://m.media-amazon.com/images/I/311iQ7u1zvS._SL500_.jpg" alt="Product Image"></a><p>Method Antibacterial Toilet Bowl Cleaner, Spearmint, Kills 99.9% of Household Germs, 24 Fl Oz</p><p> -58% 0FF </p><p>$4.39 ($0.18 / Fl Oz)</p><a href="https://www.amazon.com/dp/B006ZUW070?tag=eloabder-20&linkCode=osi&th=1&psc=1">View Product</a></div><div class="product"><a href="https://www.amazon.com/dp/B002KAOAZ4?tag=eloabder-20&linkCode=osi&th=1&psc=1"><img src="https://m.media-amazon.com/images/I/41MXc4FkUXL._SL500_.jpg" alt="Product Image"></a><p>biot√®ne Oral Rinse Mouthwash for Dry Mouth, Breath Freshener and Dry Mouth Treatment, Fresh Mint - 33.8 fl oz</p><p> -22% 0FF </p><p>$10.98 ($0.32 / Fl Oz)</p><a href="https://www.amazon.com/dp/B002KAOAZ4?tag=eloabder-20&linkCode=osi&th=1&psc=1">View Product</a></div><div class="product"><a href="https://www.amazon.com/dp/B002L13EK4?tag=eloabder-20&linkCode=osi&th=1&psc=1"><img src="https://m.media-amazon.com/images/I/41WL7dl9L-L._SL500_.jpg" alt="Product Image"></a><p>Core Products Soft Comfort CorPak, No Frost Hot and Cold Therapy Pack - 10" x 13", Made in The USA</p><p> -17% 0FF </p><p>$14.98 ($14.98 / Count)</p><a href="https://www.amazon.com/dp/B002L13EK4?tag=eloabder-20&linkCode=osi&th=1&psc=1">View Product</a></div>
<div class="product"><a href="https://www.amazon.com/dp/B0CRNSYY12?tag=eloabder-20&linkCode=osi&th=1&psc=1"><img src="https://m.media-amazon.com/images/I/41CCImE12+L._SL500_.jpg" alt="Product Image"></a><p>Pvilub UFO LED High Bay Light 200W 2 Pack, 5000K Dimmable High Bay LED Light Fixture with US Plug 5' Cable, 28000LM IP65 Waterproof High Bay Lights for Workshop Factory Barn Warehouse</p><p> -50% 0FF </p><p>$44.99 ($22.50 / Count)</p><a href="https://www.amazon.com/dp/B0CRNSYY12?tag=eloabder-20&linkCode=osi&th=1&psc=1">View Product</a></div><div class="product"><a href="https://www.amazon.com/dp/B0CXX9R85C?tag=eloabder-20&linkCode=osi&th=1&psc=1"><img src="https://m.media-amazon.com/images/I/415nSzRaRzL._SL500_.jpg" alt="Product Image"></a><p>Sud Factory Dissolve X2 Upgraded Paint Hard Water Spot & Stain Remover for Cars, Trucks, Boats, Motorcycle, RVs, Homes & More - 16oz</p><p> -5% 0FF </p><p>$31.32 ($1.96 / Fl Oz)</p><a href="https://www.amazon.com/dp/B0CXX9R85C?tag=eloabder-20&linkCode=osi&th=1&psc=1">View Product</a></div><div class="product"><a href="https://www.amazon.com/dp/B0CYQ6YG8V?tag=eloabder-20&linkCode=osi&th=1&psc=1"><img src="https://m.media-amazon.com/images/I/415R2W7EePL._SL500_.jpg" alt="Product Image"></a><p>4-Pack UFO LED High Bay Light 200W, High Bay LED Shop Lights 6500K 30000LM Daylight UL Listed with US Plug 5' Cable, Hanging Hook, LED UFO High Bay Lights for Warehouse Workshop Garage Factory Barn</p><p> -32% 0FF </p><p>$129.99</p><a href="https://www.amazon.com/dp/B0CYQ6YG8V?tag=eloabder-20&linkCode=osi&th=1&psc=1">View Product</a></div><div class="product"><a href="https://www.amazon.com/dp/B00T3Z6VG0?tag=eloabder-20&linkCode=osi&th=1&psc=1"><img src="https://m.media-amazon.com/images/I/41HMtL8drLL._SL500_.jpg" alt="Product Image"></a><p>Lifefactory 20-Ounce Indoor/Outdoor Protective Silicone Sleeve Beverage Glass, 4 Count (Pack of 1), Orange, Grass Green, Cobalt, Huckleberry</p><p> -20% 0FF </p><p>$39.99 ($10.00 / Count)</p><a href="https://www.amazon.com/dp/B00T3Z6VG0?tag=eloabder-20&linkCode=osi&th=1&psc=1">View Product</a></div><div class="product"><a href="https://www.amazon.com/dp/B0CYQ2W7YR?tag=eloabder-20&linkCode=osi&th=1&psc=1"><img src="https://m.media-amazon.com/images/I/41zMwlG6vaL._SL500_.jpg" alt="Product Image"></a><p>6 Packs UFO LED High Bay Light - 200W High Bay LED Shop Lights, 6500K 30000LM UFO Lights with US Plug 5ft Cable, Hanging Hook, Commercial Bay Lighting Daylight for Warehouse Factory Shop - UL Listed</p><p> -36% 0FF </p><p>$179.99 ($30.00 / Count)</p><a href="https://www.amazon.com/dp/B0CYQ2W7YR?tag=eloabder-20&linkCode=osi&th=1&psc=1">View Product</a></div><div class="product"><a href="https://www.amazon.com/dp/B08Y2J4C4C?tag=eloabder-20&linkCode=osi&th=1&psc=1"><img src="https://m.media-amazon.com/images/I/41T83Y3drrL._SL500_.jpg" alt="Product Image"></a><p>Factory Direct Partners 10368-BK 16" School Stack Chair, Stacking Student Seat with Chromed Steel Legs and Nylon Swivel Glides for in-Home Learning or Classroom - Black (6-Pack)</p><p> -21% 0FF </p><p>$240.05 ($40.01 / Count)</p><a href="https://www.amazon.com/dp/B08Y2J4C4C?tag=eloabder-20&linkCode=osi&th=1&psc=1">View Product</a></div><div class="product"><a href="https://www.amazon.com/dp/B0D6X64LWH?tag=eloabder-20&linkCode=osi&th=1&psc=1"><img src="https://m.media-amazon.com/images/I/41MQiiwVEsL._SL500_.jpg" alt="Product Image"></a><p>White Knight M12x1.25 Lug Nuts for Select Nissan and Infiniti, Factory Style Chrome Med Mag with Washer - 5306-20AM (20 Pack)</p><p> -16% 0FF </p><p>$20.88</p><a href="https://www.amazon.com/dp/B0D6X64LWH?tag=eloabder-20&linkCode=osi&th=1&psc=1">View Product</a></div>
<div class="product"><a href="https://www.amazon.com/dp/B0CKWZTJTL?tag=eloabder-20&linkCode=osi&th=1&psc=1"><img src="https://m.media-amazon.com/images/I/51x2qwWd-3L._SL500_.jpg" alt="Product Image"></a><p>VEVOR 4pcs Machinery Mover, 8T Machinery Skate Dolly, 17637lbs Machinery Moving Skate, Machinery Mover Skate w/ 360¬∞ Rotation Cap and 4 Rollers, Heavy Duty Industrial Moving Equipment, Yellow</p><p> -5% 0FF </p><p>$142.49</p><a href="https://www.amazon.com/dp/B0CKWZTJTL?tag=eloabder-20&linkCode=osi&th=1&psc=1">View Product</a></div><div class="product"><a href="https://www.amazon.com/dp/B0CB8VNTLN?tag=eloabder-20&linkCode=osi&th=1&psc=1"><img src="https://m.media-amazon.com/images/I/41PG7e4nerL._SL500_.jpg" alt="Product Image"></a><p>VEVOR Machinery Skate Dolly, 13,200 LBS/6T Industrial Machinery Mover, Heavy Duty Carbon Steel Machinery Moving Skate with 4 PU Wheels and 360¬∞ Rotation Non-Slip Cap for Warehouse, Workshop, Factory</p><p> -26% 0FF </p><p>$29.69</p><a href="https://www.amazon.com/dp/B0CB8VNTLN?tag=eloabder-20&linkCode=osi&th=1&psc=1">View Product</a></div><div class="product"><a href="https://www.amazon.com/dp/B0BG5HT6VK?tag=eloabder-20&linkCode=osi&th=1&psc=1"><img src="https://m.media-amazon.com/images/I/419hHIpihrL._SL500_.jpg" alt="Product Image"></a><p>VEVOR Machinery Skate Dolly, 6614 LBS/3T Industrial Machinery Mover with Handle, Carbon Steel Machinery Moving Skate with 3 360¬∞ Swivel PU Wheels, 360¬∞ Rotation Non-Slip Cap for Warehouse, Workshop</p><p> -9% 0FF </p><p>$99.99</p><a href="https://www.amazon.com/dp/B0BG5HT6VK?tag=eloabder-20&linkCode=osi&th=1&psc=1">View Product</a></div>
<div class="product"><a href="https://www.amazon.com/dp/B07R71PYPH?tag=eloabder-20&linkCode=osi&th=1&psc=1"><img src="https://m.media-amazon.com/images/I/51xY0A0dj6L._SL500_.jpg" alt="Product Image"></a><p>NEENCA Professional Knee Brace for Pain Relief, Medical Knee Support with Patella Pad & Side Stabilizers, Compression Knee Sleeve for Meniscus Tear, ACL, Joint Pain, Runner, Workout - FSA/HSA Eligible</p><p> -15% 0FF </p><p>$22.07</p><a href="https://www.amazon.com/dp/B07R71PYPH?tag=eloabder-20&linkCode=osi&th=1&psc=1">View Product</a></div><div class="product"><a href="https://www.amazon.com/dp/B0D8KQ4349?tag=eloabder-20&linkCode=osi&th=1&psc=1"><img src="https://m.media-amazon.com/images/I/41E0E-DrOiL._SL500_.jpg" alt="Product Image"></a><p>Rechargeable EMF Meter, 5 Level LED Portable Handheld Magnetic Field Detector for Ghost Hunting and Inspections in Home, Electromagnetic Paranormal Equipment Tester Up to 20 + MG</p><p> -17% 0FF </p><p>$14.99</p><a href="https://www.amazon.com/dp/B0D8KQ4349?tag=eloabder-20&linkCode=osi&th=1&psc=1">View Product</a></div><div class="product"><a href="https://www.amazon.com/dp/B08R6XRYVD?tag=eloabder-20&linkCode=osi&th=1&psc=1"><img src="https://m.media-amazon.com/images/I/31Oss0Gr+fL._SL500_.jpg" alt="Product Image"></a><p>99.9% Copper Dowsing Rods - 2PCS Divining Rods - for Ghost Hunting Tools, Divining Water, Treasure, Buried Items Etc</p><p> -30% 0FF </p><p>$13.99</p><a href="https://www.amazon.com/dp/B08R6XRYVD?tag=eloabder-20&linkCode=osi&th=1&psc=1">View Product</a></div>
<div class="product"><a href="https://www.amazon.com/dp/B0723914V1?tag=eloabder-20&linkCode=osi&th=1&psc=1"><img src="https://m.media-amazon.com/images/I/51A+d87r2aL._SL500_.jpg" alt="Product Image"></a><p>DEKOPRO 228 Piece Socket Wrench Auto Repair Tool Combination Package Mixed Tool Set Hand Tool Kit with Plastic Toolbox Storage Case</p><p> -20% 0FF </p><p>$79.99</p><a href="https://www.amazon.com/dp/B0723914V1?tag=eloabder-20&linkCode=osi&th=1&psc=1">View Product</a></div><div class="product"><a href="https://www.amazon.com/dp/B0105SSMRO?tag=eloabder-20&linkCode=osi&th=1&psc=1"><img src="https://m.media-amazon.com/images/I/313ovohBnZL._SL500_.jpg" alt="Product Image"></a><p>7-piece Workpro Pliers Set with Groove Joint, Long Nose, Slip Joint, Linesman, and Diagonal Pliers for DIY & Home Use</p><p> -20% 0FF </p><p>$19.99</p><a href="https://www.amazon.com/dp/B0105SSMRO?tag=eloabder-20&linkCode=osi&th=1&psc=1">View Product</a></div><div class="product"><a href="https://www.amazon.com/dp/B0BR8B8XKJ?tag=eloabder-20&linkCode=osi&th=1&psc=1"><img src="https://m.media-amazon.com/images/I/41fSDIgwWCL._SL500_.jpg" alt="Product Image"></a><p>2Pcs Heavy Duty Automatic Center Punch, 5'' Premium Steel Spring Loaded Center Hole Punch, Adjustable Spring Impact Center Marker Scriber Tool for Metel, Plastics, Wood, Glass by karmiero</p><p> -20% 0FF </p><p>$3.99</p><a href="https://www.amazon.com/dp/B0BR8B8XKJ?tag=eloabder-20&linkCode=osi&th=1&psc=1">View Product</a></div><div class="product"><a href="https://www.amazon.com/dp/B08YRLZCPJ?tag=eloabder-20&linkCode=osi&th=1&psc=1"><img src="https://m.media-amazon.com/images/I/51LIpo1iBZS._SL500_.jpg" alt="Product Image"></a><p>Egofine 46 Pieces 1/4 inch Drive Socket Ratchet Wrench Set, with Bit Socket Set Metric and Extension Bar for Auto Repairing and Household, with Storage Case</p><p> -23% 0FF </p><p>$19.87</p><a href="https://www.amazon.com/dp/B08YRLZCPJ?tag=eloabder-20&linkCode=osi&th=1&psc=1">View Product</a></div><div class="product"><a href="https://www.amazon.com/dp/B07WP4165D?tag=eloabder-20&linkCode=osi&th=1&psc=1"><img src="https://m.media-amazon.com/images/I/51TA+8eP4zL._SL500_.jpg" alt="Product Image"></a><p>Laser Level Line Tool, Multipurpose Laser Level Kit Standard Cross Line Laser leveler Beam Tool with Metric Rulers 8ft/2.5M for Picture Hanging cabinets Tile Walls by AikTryee.</p><p> -48% 0FF </p><p>$9.95</p><a href="https://www.amazon.com/dp/B07WP4165D?tag=eloabder-20&linkCode=osi&th=1&psc=1">View Product</a></div><div class="product"><a href="https://www.amazon.com/dp/B09TB7M842?tag=eloabder-20&linkCode=osi&th=1&psc=1"><img src="https://m.media-amazon.com/images/I/412U9M3sOcL._SL500_.jpg" alt="Product Image"></a><p>DEWALT 20V MAX XR Cut Off Tool, Brushless and Compact, Bare Tool Only (DCS438B)</p><p> -37% 0FF </p><p>$125.90</p><a href="https://www.amazon.com/dp/B09TB7M842?tag=eloabder-20&linkCode=osi&th=1&psc=1">View Product</a></div><div class="product"><a href="https://www.amazon.com/dp/B0BRPVRC77?tag=eloabder-20&linkCode=osi&th=1&psc=1"><img src="https://m.media-amazon.com/images/I/51DFLa11vEL._SL500_.jpg" alt="Product Image"></a><p>HORUSDY 16-Piece Punch and Chisel Set, Including Taper Punch, Cold Chisels, Pin Punch, Center Punch</p><p> -22% 0FF </p><p>$20.99</p><a href="https://www.amazon.com/dp/B0BRPVRC77?tag=eloabder-20&linkCode=osi&th=1&psc=1">View Product</a></div>
<div class="product"><a href="https://www.amazon.com/dp/B088M48Z3G?tag=eloabder-20&linkCode=osi&th=1&psc=1"><img src="https://m.media-amazon.com/images/I/51MV5+juS8L._SL500_.jpg" alt="Product Image"></a><p>anezus Self Healing Sewing Mat, 12inch x 18inch Rotary Cutting Mat Double Sided 5-Ply Craft Cutting Board for Sewing Crafts Hobby Fabric Precision Scrapbooking Project</p><p> -44% 0FF </p><p>$8.99</p><a href="https://www.amazon.com/dp/B088M48Z3G?tag=eloabder-20&linkCode=osi&th=1&psc=1">View Product</a></div><div class="product"><a href="https://www.amazon.com/dp/B0BX2BN5KQ?tag=eloabder-20&linkCode=osi&th=1&psc=1"><img src="https://m.media-amazon.com/images/I/31VTaTFWBXL._SL500_.jpg" alt="Product Image"></a><p>12 * 12 inch Packing Paper for Moving 100 Sheets Protecting Fragile China and Glasses,Small Wrapping Paper for Shipping and Moving Box Filler</p><p> -20% 0FF </p><p>$6.99 ($0.07 / Count)</p><a href="https://www.amazon.com/dp/B0BX2BN5KQ?tag=eloabder-20&linkCode=osi&th=1&psc=1">View Product</a></div>
<div class="product"><a href="https://www.amazon.com/dp/B0CMZZGXPX?tag=eloabder-20&linkCode=osi&th=1&psc=1"><img src="https://m.media-amazon.com/images/I/31YMA2qw31L._SL500_.jpg" alt="Product Image"></a><p>CREGEAR ABS Plastic Sheet 1/8 Inch Thick - 12" x 12", Black Plastic Sheet Rigid Thermoplastic Sheet, ABS Plastic Board for Sign, Craft, DIY Project, 2 Different Surfaces - Texture & Smooth, 1 Pack</p><p> -11% 0FF </p><p>$7.97</p><a href="https://www.amazon.com/dp/B0CMZZGXPX?tag=eloabder-20&linkCode=osi&th=1&psc=1">View Product</a></div>
<div class="product"><a href="https://www.amazon.com/dp/B0B293QNWQ?tag=eloabder-20&linkCode=osi&th=1&psc=1"><img src="https://m.media-amazon.com/images/I/41+feq08GCL._SL500_.jpg" alt="Product Image"></a><p>Metal Ice Scoop 6 OzÔºåKitchen Ice Scooper for Ice Maker, Small Food Scoops for Bar Party Wedding Pet Dog Food, Stainless Steel Silver</p><p> -30% 0FF </p><p>$6.99</p><a href="https://www.amazon.com/dp/B0B293QNWQ?tag=eloabder-20&linkCode=osi&th=1&psc=1">View Product</a></div><div class="product"><a href="https://www.amazon.com/dp/B07PXLJ9MP?tag=eloabder-20&linkCode=osi&th=1&psc=1"><img src="https://m.media-amazon.com/images/I/41YOR10YvIL._SL500_.jpg" alt="Product Image"></a><p>Fayleeko Wire Coat Hangers 40 Pack Strong Heavy Duty Stainless Steel Metal Ultra Thin Space Saving Clothes Hangers 16.5 Inch</p><p> -38% 0FF </p><p>$24.88 ($0.62 / Count)</p><a href="https://www.amazon.com/dp/B07PXLJ9MP?tag=eloabder-20&linkCode=osi&th=1&psc=1">View Product</a></div><div class="product"><a href="https://www.amazon.com/dp/B000H5W3PI?tag=eloabder-20&linkCode=osi&th=1&psc=1"><img src="https://m.media-amazon.com/images/I/21FCToLy5VL._SL500_.jpg" alt="Product Image"></a><p>K&S Sheet Metal Stock, Made in The USA,Stainless Steel/Silver</p><p> -14% 0FF </p><p>$6.47</p><a href="https://www.amazon.com/dp/B000H5W3PI?tag=eloabder-20&linkCode=osi&th=1&psc=1">View Product</a></div><div class="product"><a href="https://www.amazon.com/dp/B07GDDF5JB?tag=eloabder-20&linkCode=osi&th=1&psc=1"><img src="https://m.media-amazon.com/images/I/31dFxe1Df0L._SL500_.jpg" alt="Product Image"></a><p>HURRICANE 10 Inch Aviation Tin Snips, Heavy Duty Metal Cutter Shears for Cutting Sheet Metal, Straight Cut, Chrome Vanadium Steel</p><p> -30% 0FF </p><p>$13.99</p><a href="https://www.amazon.com/dp/B07GDDF5JB?tag=eloabder-20&linkCode=osi&th=1&psc=1">View Product</a></div>
<div class="product"><a href="https://www.amazon.com/dp/B0D95L6W5J?tag=eloabder-20&linkCode=osi&th=1&psc=1"><img src="https://m.media-amazon.com/images/I/41tbedSgDfL._SL500_.jpg" alt="Product Image"></a><p>Tandefio 40 Sticks Brazing Rods Bcup-5 Solder Phos Copper Brazing Alloys Flat Welding Rods Industry 0.050"x1/8"x10" for Air Conditioning Refrigerator Cold Storage HVAC Units (Phosphor Copper)</p><p> -5% 0FF </p><p>$20.99</p><a href="https://www.amazon.com/dp/B0D95L6W5J?tag=eloabder-20&linkCode=osi&th=1&psc=1">View Product</a></div>
<div class="product"><a href="https://www.amazon.com/dp/B0053KMAMI?tag=eloabder-20&linkCode=osi&th=1&psc=1"><img src="https://m.media-amazon.com/images/I/41f4ot2fnZL._SL500_.jpg" alt="Product Image"></a><p>Party Dimensions Plastic 300 Count Cutlery Combo Box, Clear, Combo Box, Clear 300 Count</p><p> -25% 0FF </p><p>$14.99</p><a href="https://www.amazon.com/dp/B0053KMAMI?tag=eloabder-20&linkCode=osi&th=1&psc=1">View Product</a></div><div class="product"><a href="https://www.amazon.com/dp/B0CCMNPWGW?tag=eloabder-20&linkCode=osi&th=1&psc=1"><img src="https://m.media-amazon.com/images/I/41k5QSXXF8L._SL500_.jpg" alt="Product Image"></a><p>6 Pack Black Plastic Sheets 8x12x0.04 in Flexible High Tensile Plastic Sheets,Plastic Sheet Hard Plastic Sheet Black Plastic Panel for DIY Materials Handicrafts Home Decoration</p><p> -22% 0FF </p><p>$6.99</p><a href="https://www.amazon.com/dp/B0CCMNPWGW?tag=eloabder-20&linkCode=osi&th=1&psc=1">View Product</a></div><div class="product"><a href="https://www.amazon.com/dp/B085T6685R?tag=eloabder-20&linkCode=osi&th=1&psc=1"><img src="https://m.media-amazon.com/images/I/41RbX0YJ2PL._SL500_.jpg" alt="Product Image"></a><p>POSATE Heavy Weight Plastic Forks, Clear Disposable, 100 Count</p><p> -47% 0FF </p><p>$13.80</p><a href="https://www.amazon.com/dp/B085T6685R?tag=eloabder-20&linkCode=osi&th=1&psc=1">View Product</a></div><div class="product"><a href="https://www.amazon.com/dp/B0C1JMKHL4?tag=eloabder-20&linkCode=osi&th=1&psc=1"><img src="https://m.media-amazon.com/images/I/51vGnsuo0GL._SL500_.jpg" alt="Product Image"></a><p>MOACOCK 200 Count Plastic Silverware, Heavy Weight Plastic Forks Spoons Disposable Utensils Cutlery Set for Wedding Party Supplies Everyday Use</p><p> -7% 0FF </p><p>$12.99</p><a href="https://www.amazon.com/dp/B0C1JMKHL4?tag=eloabder-20&linkCode=osi&th=1&psc=1">View Product</a></div><div class="product"><a href="https://www.amazon.com/dp/B0CZHZ4VYY?tag=eloabder-20&linkCode=osi&th=1&psc=1"><img src="https://m.media-amazon.com/images/I/41NCRYSzzPL._SL500_.jpg" alt="Product Image"></a><p>Dealusy 100 Count Extra Heavy Duty Clear Plastic Knives Disposable, BPA-Free, Heat Resistant, Solid and Durable Disposable Knives Bulk, Premium Plastic Knives heavy duty for Party Supply</p><p> -31% 0FF </p><p>$8.99</p><a href="https://www.amazon.com/dp/B0CZHZ4VYY?tag=eloabder-20&linkCode=osi&th=1&psc=1">View Product</a></div><div class="product"><a href="https://www.amazon.com/dp/B00I9J3ACY?tag=eloabder-20&linkCode=osi&th=1&psc=1"><img src="https://m.media-amazon.com/images/I/51W96ohIwyL._SL500_.jpg" alt="Product Image"></a><p>Hefty Party On Disposable Plastic Cups, Red, 18 Ounce, 50 Count</p><p> -27% 0FF </p><p>$5.84 ($0.12 / Count)</p><a href="https://www.amazon.com/dp/B00I9J3ACY?tag=eloabder-20&linkCode=osi&th=1&psc=1">View Product</a></div>
<div class="product"><a href="https://www.amazon.com/dp/B08ZX4PNGL?tag=eloabder-20&linkCode=osi&th=1&psc=1"><img src="https://m.media-amazon.com/images/I/41qtw-wXhWL._SL500_.jpg" alt="Product Image"></a><p>Soil Moist SAP Water Storing Crystals Polymer Small Granular_20-100 mesh (1), White</p><p> -18% 0FF </p><p>$12.99 ($0.81 / Ounce)</p><a href="https://www.amazon.com/dp/B08ZX4PNGL?tag=eloabder-20&linkCode=osi&th=1&psc=1">View Product</a></div><div class="product"><a href="https://www.amazon.com/dp/B099KS2PDW?tag=eloabder-20&linkCode=osi&th=1&psc=1"><img src="https://m.media-amazon.com/images/I/51JgOs5PnML._SL500_.jpg" alt="Product Image"></a><p>Polymaker PLA PRO Filament 1.75mm, Tough & High Rigidity Black PLA Filament 1.75mm 1kg Cardboard Spool - PolyLite PLA PRO 3D Printer Filament 1.75mm, Print with Most 3D Printers Using 3D Filament</p><p> -14% 0FF </p><p>$24.99 ($0.71 / Ounce)</p><a href="https://www.amazon.com/dp/B099KS2PDW?tag=eloabder-20&linkCode=osi&th=1&psc=1">View Product</a></div><div class="product"><a href="https://www.amazon.com/dp/B0CK9D7FYJ?tag=eloabder-20&linkCode=osi&th=1&psc=1"><img src="https://m.media-amazon.com/images/I/51lrOOPPi4L._SL500_.jpg" alt="Product Image"></a><p>Scrub Daddy Color Sponge - Scratch-Free Multipurpose Dish Sponge Color Variety Pack - BPA Free & Made with Polymer Foam - Stain & Odor Resistant Kitchen Sponge (3 Count, 2 Pack)</p><p> -12% 0FF </p><p>$19.30 ($3.22 / Count)</p><a href="https://www.amazon.com/dp/B0CK9D7FYJ?tag=eloabder-20&linkCode=osi&th=1&psc=1">View Product</a></div><div class="product"><a href="https://www.amazon.com/dp/B00XXOFV2M?tag=eloabder-20&linkCode=osi&th=1&psc=1"><img src="https://m.media-amazon.com/images/I/31DpBHBqqxL._SL500_.jpg" alt="Product Image"></a><p>Intertape Polymer Group K2525P293 Central 260 Medium Duty Reinforced Water Activated Tape, 3" Width, 450' Length, FRAGILE, Pack of 10</p><p> -12% 0FF </p><p>$89.16 ($8.92 / Count)</p><a href="https://www.amazon.com/dp/B00XXOFV2M?tag=eloabder-20&linkCode=osi&th=1&psc=1">View Product</a></div><div class="product"><a href="https://www.amazon.com/dp/B0C6DNQF1H?tag=eloabder-20&linkCode=osi&th=1&psc=1"><img src="https://m.media-amazon.com/images/I/51lbJOfwjFL._SL500_.jpg" alt="Product Image"></a><p>DIYMAG Ceramic Round Magnets for Crafts 35 Packs with Adhesive Backing. 0.98Inch (25mm) Small Magnets Perfect for Fridge, DIY, Building, Scientific, Craft, and Office.Ôºà0.98 * 0.2Inch-35pÔºâ</p><p> -13% 0FF </p><p>$6.99 ($0.20 / Count)</p><a href="https://www.amazon.com/dp/B0C6DNQF1H?tag=eloabder-20&linkCode=osi&th=1&psc=1">View Product</a></div>
<div class="product"><a href="https://www.amazon.com/dp/B001TK0DSY?tag=eloabder-20&linkCode=osi&th=1&psc=1"><img src="https://m.media-amazon.com/images/I/41sY5CJF40L._SL500_.jpg" alt="Product Image"></a><p>Chemical Guys CWS_301_16 Citrus Wash & Gloss Foaming Car Wash Soap (Works with Foam Cannons, Foam Guns or Bucket Washes) Safe for Cars, Trucks, Motorcycles, RVs & More, 16 fl oz, Citrus Scent</p><p> -17% 0FF </p><p>$9.97 ($0.62 / Fl Oz)</p><a href="https://www.amazon.com/dp/B001TK0DSY?tag=eloabder-20&linkCode=osi&th=1&psc=1">View Product</a></div><div class="product"><a href="https://www.amazon.com/dp/B00HK95ZZY?tag=eloabder-20&linkCode=osi&th=1&psc=1"><img src="https://m.media-amazon.com/images/I/41ztWGvZpCL._SL500_.jpg" alt="Product Image"></a><p>SmartSign - U9-1214-NA_7x10 "Danger - Chemical Storage Area, Authorized Personnel Only" Sign | 7" x 10" Aluminum Black/Red on White</p><p> -16% 0FF </p><p>$10.93</p><a href="https://www.amazon.com/dp/B00HK95ZZY?tag=eloabder-20&linkCode=osi&th=1&psc=1">View Product</a></div>
<div class="product"><a href="https://www.amazon.com/dp/B0916KZ598?tag=eloabder-20&linkCode=osi&th=1&psc=1"><img src="https://m.media-amazon.com/images/I/510bNE6qm3L._SL500_.jpg" alt="Product Image"></a><p>Gorilla Max Strength Clear Construction Adhesive, 2.5 Ounce Squeeze Tube, Clear, (Pack of 1)</p><p> -11% 0FF </p><p>$7.97 ($3.19 / Fl Oz)</p><a href="https://www.amazon.com/dp/B0916KZ598?tag=eloabder-20&linkCode=osi&th=1&psc=1">View Product</a></div><div class="product"><a href="https://www.amazon.com/dp/B0BM27YSBB?tag=eloabder-20&linkCode=osi&th=1&psc=1"><img src="https://m.media-amazon.com/images/I/41j2z0sRK8L._SL500_.jpg" alt="Product Image"></a><p>Gorilla Heavy Duty Construction Adhesive, 7 Ounce Squeeze Tube, White, (Pack of 1)</p><p> -5% 0FF </p><p>$9.47 ($1.35 / Fl Oz)</p><a href="https://www.amazon.com/dp/B0BM27YSBB?tag=eloabder-20&linkCode=osi&th=1&psc=1">View Product</a></div><div class="product"><a href="https://www.amazon.com/dp/B07VNSXY31?tag=eloabder-20&linkCode=osi&th=1&psc=1"><img src="https://m.media-amazon.com/images/I/31AwF4uloCL._SL500_.jpg" alt="Product Image"></a><p>EZlifego Double Sided Tape Heavy Duty, Extra Large Nano Double Sided Adhesive Tape, Clear Mounting Tape Picture Hanging Adhesive Strips,Removable Wall Tape Sticky Poster Tape Decor Carpet Tape(9.85FT)</p><p> -20% 0FF </p><p>$11.99</p><a href="https://www.amazon.com/dp/B07VNSXY31?tag=eloabder-20&linkCode=osi&th=1&psc=1">View Product</a></div><div class="product"><a href="https://www.amazon.com/dp/B0006HUJCQ?tag=eloabder-20&linkCode=osi&th=1&psc=1"><img src="https://m.media-amazon.com/images/I/511pTqChTCL._SL500_.jpg" alt="Product Image"></a><p>Loctite 1364076 Super Glue Easy Squeeze Gel, .14 oz, Super Glue Liquid</p><p> -45% 0FF </p><p>$3.64 ($26.00 / Fl Oz)</p><a href="https://www.amazon.com/dp/B0006HUJCQ?tag=eloabder-20&linkCode=osi&th=1&psc=1">View Product</a></div><div class="product"><a href="https://www.amazon.com/dp/B000BQYHSY?tag=eloabder-20&linkCode=osi&th=1&psc=1"><img src="https://m.media-amazon.com/images/I/41jVQXZlyKL._SL500_.jpg" alt="Product Image"></a><p>Liquid Nails LN-700 4-Ounce Small Projects and Repairs Adhesive</p><p> -22% 0FF </p><p>$3.98 ($1.00 / Fl Oz)</p><a href="https://www.amazon.com/dp/B000BQYHSY?tag=eloabder-20&linkCode=osi&th=1&psc=1">View Product</a></div>
<div class="product"><a href="https://www.amazon.com/dp/B0002UEPVI?tag=eloabder-20&linkCode=osi&th=1&psc=1"><img src="https://m.media-amazon.com/images/I/41VgMnT8V8L._SL500_.jpg" alt="Product Image"></a><p>Permatex 80050 Clear RTV Silicone Adhesive Sealant, 3 oz</p><p> -28% 0FF </p><p>$5.04 ($1.68 / Ounce)</p><a href="https://www.amazon.com/dp/B0002UEPVI?tag=eloabder-20&linkCode=osi&th=1&psc=1">View Product</a></div><div class="product"><a href="https://www.amazon.com/dp/B01NCSN5AS?tag=eloabder-20&linkCode=osi&th=1&psc=1"><img src="https://m.media-amazon.com/images/I/41u1Bk8aMML._SL500_.jpg" alt="Product Image"></a><p>Gorilla Waterproof Caulk & Seal 100% Silicone Sealant, White, 10oz Cartridge (Pack of 1)</p><p> -10% 0FF </p><p>$9.84 ($0.98 / Ounce)</p><a href="https://www.amazon.com/dp/B01NCSN5AS?tag=eloabder-20&linkCode=osi&th=1&psc=1">View Product</a></div><div class="product"><a href="https://www.amazon.com/dp/B0B8QPH3RW?tag=eloabder-20&linkCode=osi&th=1&psc=1"><img src="https://m.media-amazon.com/images/I/31FmC2PDnsL._SL500_.jpg" alt="Product Image"></a><p>GE All Purpose Silicone Caulk - 100% Waterproof Silicone Sealant, Stronger Adhesion, Freeze & Sun Proof - 10 oz Cartridge, Clear, Pack of 1</p><p> -22% 0FF </p><p>$6.98</p><a href="https://www.amazon.com/dp/B0B8QPH3RW?tag=eloabder-20&linkCode=osi&th=1&psc=1">View Product</a></div><div class="product"><a href="https://www.amazon.com/dp/B000XBDJWC?tag=eloabder-20&linkCode=osi&th=1&psc=1"><img src="https://m.media-amazon.com/images/I/31O8FwTY5WL._SL500_.jpg" alt="Product Image"></a><p>3M Marine Adhesive Sealant 4000 UV, PN06580, White, 295 mL Cartridge, 10 Fl Oz (Pack of 1)</p><p> -15% 0FF </p><p>$18.75 ($1.88 / Fl Oz)</p><a href="https://www.amazon.com/dp/B000XBDJWC?tag=eloabder-20&linkCode=osi&th=1&psc=1">View Product</a></div><div class="product"><a href="https://www.amazon.com/dp/B01MQW8AEM?tag=eloabder-20&linkCode=osi&th=1&psc=1"><img src="https://m.media-amazon.com/images/I/31gdoMW-i8L._SL500_.jpg" alt="Product Image"></a><p>Gorilla 8050002 Clear Silicone Sealant, 1-Pack</p><p> -10% 0FF </p><p>$9.84 ($0.98 / Fl Oz)</p><a href="https://www.amazon.com/dp/B01MQW8AEM?tag=eloabder-20&linkCode=osi&th=1&psc=1">View Product</a></div>

<div class="product"><a href="https://www.amazon.com/dp/B004UICH5O?tag=eloabder-20&linkCode=osi&th=1&psc=1"><img src="https://m.media-amazon.com/images/I/5123T4CVtTL._SL500_.jpg" alt="Product Image"></a><p>Dynarex DynaLube Lubricating Jelly, Water Soluble and Sterile Lubricant Jelly, Used for Body Orifices, Hinged Instruments and Medical Devices, 1 Box of 144 DynaLube Packets, 2.7g</p><p> -5% 0FF </p><p>$12.49 ($0.09 / Count)</p><a href="https://www.amazon.com/dp/B004UICH5O?tag=eloabder-20&linkCode=osi&th=1&psc=1">View Product</a></div><div class="product"><a href="https://www.amazon.com/dp/B087ZHPVRW?tag=eloabder-20&linkCode=osi&th=1&psc=1"><img src="https://m.media-amazon.com/images/I/51My23RlqsL._SL500_.jpg" alt="Product Image"></a><p>3-IN-ONE Professional Garage Door Lubricant with Smart Straw Sprays 2 Ways, 11 OZ Twin Pack, 100584, Clear</p><p> -20% 0FF </p><p>$15.96 ($7.98 / Count)</p><a href="https://www.amazon.com/dp/B087ZHPVRW?tag=eloabder-20&linkCode=osi&th=1&psc=1">View Product</a></div><div class="product"><a href="https://www.amazon.com/dp/B07K323XYQ?tag=eloabder-20&linkCode=osi&th=1&psc=1"><img src="https://m.media-amazon.com/images/I/41Stkw4geDL._SL500_.jpg" alt="Product Image"></a><p>McKesson Lubricating Jelly Sterile 4 oz. Tube 1 Each 16-8919</p><p> -63% 0FF </p><p>$5.48 ($0.11 / Ounce)</p><a href="https://www.amazon.com/dp/B07K323XYQ?tag=eloabder-20&linkCode=osi&th=1&psc=1">View Product</a></div><div class="product"><a href="https://www.amazon.com/dp/B00AF0ODGM?tag=eloabder-20&linkCode=osi&th=1&psc=1"><img src="https://m.media-amazon.com/images/I/418phnGj-VL._SL500_.jpg" alt="Product Image"></a><p>WD-40 Specialist Dry Lube with SMART STRAW SPRAYS 2 WAYS, 10 OZ</p><p> -6% 0FF </p><p>$7.98 ($0.80 / Ounce)</p><a href="https://www.amazon.com/dp/B00AF0ODGM?tag=eloabder-20&linkCode=osi&th=1&psc=1">View Product</a></div><div class="product"><a href="https://www.amazon.com/dp/B0081JE0OO?tag=eloabder-20&linkCode=osi&th=1&psc=1"><img src="https://m.media-amazon.com/images/I/31YRFZU58NL._SL500_.jpg" alt="Product Image"></a><p>Super Lube 92003 Silicone Lubricating Grease with PTFE, 3 oz Tube, Translucent White</p><p> -34% 0FF </p><p>$11.80 ($3.93 / Ounce)</p><a href="https://www.amazon.com/dp/B0081JE0OO?tag=eloabder-20&linkCode=osi&th=1&psc=1">View Product</a></div><div class="product"><a href="https://www.amazon.com/dp/B000UKUHXK?tag=eloabder-20&linkCode=osi&th=1&psc=1"><img src="https://m.media-amazon.com/images/I/31PHNtI4eWL._SL500_.jpg" alt="Product Image"></a><p>Super Lube 51004 Synthetic Oil with PTFE, High Viscosity, 4 oz Bottle,Translucent white(Packaging may vary)</p><p> -27% 0FF </p><p>$7.82 ($1.96 / Fl Oz)</p><a href="https://www.amazon.com/dp/B000UKUHXK?tag=eloabder-20&linkCode=osi&th=1&psc=1">View Product</a></div>

<div class="product"><a href="https://www.amazon.com/dp/B0BRPQW3G9?tag=eloabder-20&linkCode=osi&th=1&psc=1"><img src="https://m.media-amazon.com/images/I/51TpMRJpWeL._SL500_.jpg" alt="Product Image"></a><p>JEGONFRI High Hardness Wood Screws Assortment Kit, 209 pcs, Phillips Drive Flat Head, Wood Screws, Screws, Drywall Screws, Assorted Screws, Screws Set, 6 Sizes (2‚Äù,1-1/2‚Äù,1-1/4‚Äù,1‚Äù,3/4‚Äù,1/2‚Äù)</p><p> -20% 0FF </p><p>$7.96</p><a href="https://www.amazon.com/dp/B0BRPQW3G9?tag=eloabder-20&linkCode=osi&th=1&psc=1">View Product</a></div><div class="product"><a href="https://www.amazon.com/dp/B0BHNK23GJ?tag=eloabder-20&linkCode=osi&th=1&psc=1"><img src="https://m.media-amazon.com/images/I/51ZAmhP99TL._SL500_.jpg" alt="Product Image"></a><p>KURUI Drywall Screws Assortment Kit, #6 Black Wood Screws for Drywall,165pcs Coarse Thread Sheetrock Screws Set, Phillips Drive Self Tapping Dry Wall Screws 4 Sizes 1",1-1/4",1-5/8",2"</p><p> -24% 0FF </p><p>$7.59 ($0.05 / Count)</p><a href="https://www.amazon.com/dp/B0BHNK23GJ?tag=eloabder-20&linkCode=osi&th=1&psc=1">View Product</a></div><div class="product"><a href="https://www.amazon.com/dp/B0D3HVHPXW?tag=eloabder-20&linkCode=osi&th=1&psc=1"><img src="https://m.media-amazon.com/images/I/51boObkp+HL._SL500_.jpg" alt="Product Image"></a><p>GVAKMM Drywall Screws Assortment Kit,#7 Black Wood Screws Set,160pcsÔºå5 Sizes(3'',2'',1-3/8'',1'',5/8''),Coarse Thread Phillips Drive Bugle Head Sharp Point,Ideal for Wood,Sheetrock and More</p><p> -13% 0FF </p><p>$6.99 ($0.58 / Ounce)</p><a href="https://www.amazon.com/dp/B0D3HVHPXW?tag=eloabder-20&linkCode=osi&th=1&psc=1">View Product</a></div>
<div class="product"><a href="https://www.amazon.com/dp/B09KS23KQ6?tag=eloabder-20&linkCode=osi&th=1&psc=1"><img src="https://m.media-amazon.com/images/I/41ZHEcuqY-L._SL500_.jpg" alt="Product Image"></a><p>Mr. Pen- Bolts, Nuts, and Washer Assortment Kit, 113 pcs, Nuts and Bolts Assortment Kit, Assorted Nuts and Bolts, Nut Bolt and Washer Assortment, Bolt and Nut Assortment</p><p> -24% 0FF </p><p>$6.85</p><a href="https://www.amazon.com/dp/B09KS23KQ6?tag=eloabder-20&linkCode=osi&th=1&psc=1">View Product</a></div><div class="product"><a href="https://www.amazon.com/dp/B076CVQZWG?tag=eloabder-20&linkCode=osi&th=1&psc=1"><img src="https://m.media-amazon.com/images/I/51LutRS-fXL._SL500_.jpg" alt="Product Image"></a><p>Jackson Palmer 2201 Piece Hardware Assortment Kit with Screws, Nuts, Bolts & Washers (3 Trays)‚Ä¶</p><p> -24% 0FF </p><p>$37.99</p><a href="https://www.amazon.com/dp/B076CVQZWG?tag=eloabder-20&linkCode=osi&th=1&psc=1">View Product</a></div><div class="product"><a href="https://www.amazon.com/dp/B0BC24J6SS?tag=eloabder-20&linkCode=osi&th=1&psc=1"><img src="https://m.media-amazon.com/images/I/517eaNxBNaL._SL500_.jpg" alt="Product Image"></a><p>720 Pcs Nuts and Bolts Assortment Kit, M3 M4 M5 Carbon Steel Screws Bolts and Nuts and Washers Assortment Set, Assorted Cross Pan Head Machine Screws Nuts and Bolts, with Storage Case</p><p> -10% 0FF </p><p>$8.98</p><a href="https://www.amazon.com/dp/B0BC24J6SS?tag=eloabder-20&linkCode=osi&th=1&psc=1">View Product</a></div><div class="product"><a href="https://www.amazon.com/dp/B0CF8NNVKQ?tag=eloabder-20&linkCode=osi&th=1&psc=1"><img src="https://m.media-amazon.com/images/I/61oepk6Ti8L._SL500_.jpg" alt="Product Image"></a><p>FOLIV 907pcs Grade 8.8 Metric Bolt Assortment, M4 M5 M6 M8 Heavy Duty Bolts and Nuts Kit, Yellow Zinc Plated, Length from 12-30mm</p><p> -20% 0FF </p><p>$35.19</p><a href="https://www.amazon.com/dp/B0CF8NNVKQ?tag=eloabder-20&linkCode=osi&th=1&psc=1">View Product</a></div>
<div class="product"><a href="https://www.amazon.com/dp/B0CP7D6KP4?tag=eloabder-20&linkCode=osi&th=1&psc=1"><img src="https://m.media-amazon.com/images/I/51R0Yv5C8aL._SL500_.jpg" alt="Product Image"></a><p>Dianrui 187PCS Metric Hex Nuts Assortment Kit, 9 Size 304 Stainless Steel Hex Nut M2 M2.5 M3 M4 M5 M6 M10 M12 Hexnut Set Hardware Nuts</p><p> -22% 0FF </p><p>$6.99</p><a href="https://www.amazon.com/dp/B0CP7D6KP4?tag=eloabder-20&linkCode=osi&th=1&psc=1">View Product</a></div><div class="product"><a href="https://www.amazon.com/dp/B002SA36AG?tag=eloabder-20&linkCode=osi&th=1&psc=1"><img src="https://m.media-amazon.com/images/I/51cZlQGUFRL._SL500_.jpg" alt="Product Image"></a><p>Dorman 6110761 Lug Nut (M12 x 1.25 Thread Size)</p><p> -45% 0FF </p><p>$3.49</p><a href="https://www.amazon.com/dp/B002SA36AG?tag=eloabder-20&linkCode=osi&th=1&psc=1">View Product</a></div><div class="product"><a href="https://www.amazon.com/dp/B07WCSW7HR?tag=eloabder-20&linkCode=osi&th=1&psc=1"><img src="https://m.media-amazon.com/images/I/51uxWdeYcjL._SL500_.jpg" alt="Product Image"></a><p>ECCPP 20 Pieces Wheel Lug Nuts M12x1.25 12mmx1.25 Wheel Lug Bolts Shank Length 28mm fits for 2015-2022 for Renegade |2018-2022 for Compass |2014-2022 for Cherokee</p><p> -28% 0FF </p><p>$14.47</p><a href="https://www.amazon.com/dp/B07WCSW7HR?tag=eloabder-20&linkCode=osi&th=1&psc=1">View Product</a></div><div class="product"><a href="https://www.amazon.com/dp/B0D1Y5PQ4K?tag=eloabder-20&linkCode=osi&th=1&psc=1"><img src="https://m.media-amazon.com/images/I/51SyHC67C5L._SL500_.jpg" alt="Product Image"></a><p>Quacc 20pcs M8 Nyloc Steel Nuts, Nylon Locknuts for Fastener, Nylon Inserted Hex Lock Nuts, Silver 304 Stainless Steel Self Locking Nuts for Bolts</p><p> -19% 0FF </p><p>$3.79 ($0.19 / Ounce)</p><a href="https://www.amazon.com/dp/B0D1Y5PQ4K?tag=eloabder-20&linkCode=osi&th=1&psc=1">View Product</a></div>
<div class="product"><a href="https://www.amazon.com/dp/B0BZYSSWY8?tag=eloabder-20&linkCode=osi&th=1&psc=1"><img src="https://m.media-amazon.com/images/I/419sIfP-AJL._SL500_.jpg" alt="Product Image"></a><p>1/4" x 1" Stainless Fender Washer,18-8 (304) Stainless Steel Flat Washer,1/4" ID x 1" OD x 0.078" Thick(40Pcs)</p><p> -31% 0FF </p><p>$6.19</p><a href="https://www.amazon.com/dp/B0BZYSSWY8?tag=eloabder-20&linkCode=osi&th=1&psc=1">View Product</a></div><div class="product"><a href="https://www.amazon.com/dp/B0BFJMK5QW?tag=eloabder-20&linkCode=osi&th=1&psc=1"><img src="https://m.media-amazon.com/images/I/51D9Ij56zKL._SL500_.jpg" alt="Product Image"></a><p>Fender Washers for Screws ‚Äî 225Pcs Washers Assortment, Washers for Bolts in 15 Different Sizes (M2 M2.5 M3 M4 M5 M6 M8 M10 M12)‚ÄîStainless Steel Washers for Home & Industrial Usage</p><p> -9% 0FF </p><p>$20.87 ($0.09 / Count)</p><a href="https://www.amazon.com/dp/B0BFJMK5QW?tag=eloabder-20&linkCode=osi&th=1&psc=1">View Product</a></div><div class="product"><a href="https://www.amazon.com/dp/B07K8W71N1?tag=eloabder-20&linkCode=osi&th=1&psc=1"><img src="https://m.media-amazon.com/images/I/412HYFMiQBL._SL500_.jpg" alt="Product Image"></a><p>100 Qty #8 Stainless Steel Countersunk Finish Washers | 304 SS Finishing Cup (BCP574)</p><p> -30% 0FF </p><p>$7.49 ($0.07 / Count)</p><a href="https://www.amazon.com/dp/B07K8W71N1?tag=eloabder-20&linkCode=osi&th=1&psc=1">View Product</a></div>
<div class="product"><a href="https://www.amazon.com/dp/B09V32CKNJ?tag=eloabder-20&linkCode=osi&th=1&psc=1"><img src="https://m.media-amazon.com/images/I/41MtaPf4TNL._SL500_.jpg" alt="Product Image"></a><p>KURUI 28Pcs Heavy Duty Hollow Wall Anchors for Drywall Ceiling, Toggle Bolts and Wing Nut Kit, Metal Drywall Anchors and Screws Assortment Set, 3 Sizes Butterfly Anchors (1/8in, 3/16in, 1/4in)</p><p> -23% 0FF </p><p>$9.99</p><a href="https://www.amazon.com/dp/B09V32CKNJ?tag=eloabder-20&linkCode=osi&th=1&psc=1">View Product</a></div><div class="product"><a href="https://www.amazon.com/dp/B07VS5QKBC?tag=eloabder-20&linkCode=osi&th=1&psc=1"><img src="https://m.media-amazon.com/images/I/41MIrlAQ6nL._SL500_.jpg" alt="Product Image"></a><p>HongWay 370pcs Plastic Drywall Wall Anchors Kit with Screws, Includes 5 Different Assorted Size Anchors and Screws</p><p> -17% 0FF </p><p>$14.99</p><a href="https://www.amazon.com/dp/B07VS5QKBC?tag=eloabder-20&linkCode=osi&th=1&psc=1">View Product</a></div>
<div class="product"><a href="https://www.amazon.com/dp/B0CY2YK7ZG?tag=eloabder-20&linkCode=osi&th=1&psc=1"><img src="https://m.media-amazon.com/images/I/51kBI181CNL._SL500_.jpg" alt="Product Image"></a><p>Linkup 600pcs 15 Sizes Pop Rivets Assortment Kit,Aluminum Rivets, Silver pop rivet set including 3/32" 1/8" 5/32" 3/16" 1/4" blind rivets for metal Dome Head rivet kit</p><p> -31% 0FF </p><p>$21.99</p><a href="https://www.amazon.com/dp/B0CY2YK7ZG?tag=eloabder-20&linkCode=osi&th=1&psc=1">View Product</a></div><div class="product"><a href="https://www.amazon.com/dp/B08J2NZK4D?tag=eloabder-20&linkCode=osi&th=1&psc=1"><img src="https://m.media-amazon.com/images/I/51iH27ON2BL._SL500_.jpg" alt="Product Image"></a><p>ISPINNER 385pcs 8 Sizes Aluminum Blind Rivets, Pop Rivets Assortment Kit (Silver)</p><p> -21% 0FF </p><p>$13.59</p><a href="https://www.amazon.com/dp/B08J2NZK4D?tag=eloabder-20&linkCode=osi&th=1&psc=1">View Product</a></div><div class="product"><a href="https://www.amazon.com/dp/B0BZ7WKC3V?tag=eloabder-20&linkCode=osi&th=1&psc=1"><img src="https://m.media-amazon.com/images/I/51fSy2j6lSL._SL500_.jpg" alt="Product Image"></a><p>SATANTECH 200PCS Black Rivets Pop Rivets Assortment Kit, Large flange Aluminum Rivets(1/8" 3/16" 1/4") Assorted Blind Rivets with Case</p><p> -16% 0FF </p><p>$21.77</p><a href="https://www.amazon.com/dp/B0BZ7WKC3V?tag=eloabder-20&linkCode=osi&th=1&psc=1">View Product</a></div><div class="product"><a href="https://www.amazon.com/dp/B0CWR7K9P2?tag=eloabder-20&linkCode=osi&th=1&psc=1"><img src="https://m.media-amazon.com/images/I/512Gp89+ScL._SL500_.jpg" alt="Product Image"></a><p>Zuorery 500pcs Pop Rivets Assortment Kit, 14 Sizes Aluminum Blind Rivets (3/32" 1/8" 5/32" 3/16") Assorted Blind Rivets</p><p> -6% 0FF </p><p>$12.99</p><a href="https://www.amazon.com/dp/B0CWR7K9P2?tag=eloabder-20&linkCode=osi&th=1&psc=1">View Product</a></div>
<div class="product"><a href="https://www.amazon.com/dp/B0CNC3WJ58?tag=eloabder-20&linkCode=osi&th=1&psc=1"><img src="https://m.media-amazon.com/images/I/41MDnQ+2C5L._SL500_.jpg" alt="Product Image"></a><p>Eujqo Nails for Hanging Pictures Small Nails Picture Hanging Nails 700Pcs Finishing Nails Hardware Nails for Wall Wood Nails</p><p> -50% 0FF </p><p>$3.99</p><a href="https://www.amazon.com/dp/B0CNC3WJ58?tag=eloabder-20&linkCode=osi&th=1&psc=1">View Product</a></div><div class="product"><a href="https://www.amazon.com/dp/B08BJC6MJC?tag=eloabder-20&linkCode=osi&th=1&psc=1"><img src="https://m.media-amazon.com/images/I/414ssEUuJRL._SL500_.jpg" alt="Product Image"></a><p>Mr. Pen- Nail Assortment Kit, 600 Pcs, 4 Sizes, Silver, Small Nails for Hanging Pictures, Finishing Nails, Gold Wall Nails for Hanging, Pin Nails, Hardware Nails, Assorted Nails, Galvanized Nails</p><p> -54% 0FF </p><p>$5.99</p><a href="https://www.amazon.com/dp/B08BJC6MJC?tag=eloabder-20&linkCode=osi&th=1&psc=1">View Product</a></div><div class="product"><a href="https://www.amazon.com/dp/B0BSH3P97Y?tag=eloabder-20&linkCode=osi&th=1&psc=1"><img src="https://m.media-amazon.com/images/I/515eMwXqY0L._SL500_.jpg" alt="Product Image"></a><p>KURUI 700pcs Hardware Nails for Hanging Pictures Assorted Kit, Up to 2"-Long Picture Hanging Nails for Wall Drywall Wood, Finish Nails Assortment Kit, 640 Frame Nails and 60 Small Finishing Nails</p><p> -36% 0FF </p><p>$6.38</p><a href="https://www.amazon.com/dp/B0BSH3P97Y?tag=eloabder-20&linkCode=osi&th=1&psc=1">View Product</a></div><div class="product"><a href="https://www.amazon.com/dp/B089FLMFPB?tag=eloabder-20&linkCode=osi&th=1&psc=1"><img src="https://m.media-amazon.com/images/I/51p5T9Cef4L._SL500_.jpg" alt="Product Image"></a><p>376pcs Premium Hardware Nails Assortment Kit, Maximum Length 2 Inches Galvanized Nails, Picture Hanging Nails, Wood Nails, Wall Nails with Storage Box | 6 Sizes</p><p> -30% 0FF </p><p>$6.99</p><a href="https://www.amazon.com/dp/B089FLMFPB?tag=eloabder-20&linkCode=osi&th=1&psc=1">View Product</a></div><div class="product"><a href="https://www.amazon.com/dp/B0B3CFCZGW?tag=eloabder-20&linkCode=osi&th=1&psc=1"><img src="https://m.media-amazon.com/images/I/51rr+Y77q0L._SL500_.jpg" alt="Product Image"></a><p>6 Sizes Gold Hardware Nails Assortment Kit, 358pcs, Brass Plated, Nails for Hanging Pictures, Finishing Nails, Wood Nails, Wall Nails for Hanging (3‚Äù, 2‚Äù, 1-1/2‚Äù, 1-1/4", 1‚Äù, 3/4")</p><p> -25% 0FF </p><p>$8.98</p><a href="https://www.amazon.com/dp/B0B3CFCZGW?tag=eloabder-20&linkCode=osi&th=1&psc=1">View Product</a></div>
<div class="product"><a href="https://www.amazon.com/dp/B0BDBJJQJR?tag=eloabder-20&linkCode=osi&th=1&psc=1"><img src="https://m.media-amazon.com/images/I/41iMq4y4RWL._SL500_.jpg" alt="Product Image"></a><p>Standard Chisel Point Staples, 0.25" Leg, 0.5" Crown, Steel, 5,000/Box, 5 Boxes/Pack, 25,000/Pack</p><p> -18% 0FF </p><p>$11.80</p><a href="https://www.amazon.com/dp/B0BDBJJQJR?tag=eloabder-20&linkCode=osi&th=1&psc=1">View Product</a></div><div class="product"><a href="https://www.amazon.com/dp/B0052ECDD6?tag=eloabder-20&linkCode=osi&th=1&psc=1"><img src="https://m.media-amazon.com/images/I/41miIfkguxL._SL500_.jpg" alt="Product Image"></a><p>BOSTITCH BTA706-5C Heavy Duty Construction Staples, 3/8 x 2/5-Inch, 5000-Pack</p><p> -21% 0FF </p><p>$10.48 ($0.00 / Count)</p><a href="https://www.amazon.com/dp/B0052ECDD6?tag=eloabder-20&linkCode=osi&th=1&psc=1">View Product</a></div><div class="product"><a href="https://www.amazon.com/dp/B00004Z2HC?tag=eloabder-20&linkCode=osi&th=1&psc=1"><img src="https://m.media-amazon.com/images/I/51vaslx65UL._SL500_.jpg" alt="Product Image"></a><p>Arrow 215 JT21 Thin Wire Staples for Staple Guns and Staplers, Use for Upholstery, Crafts, General Repairs, 5/16-Inch Leg Length, 7/16-Inch Crown Width, 1000-Pack</p><p> -35% 0FF </p><p>$4.97</p><a href="https://www.amazon.com/dp/B00004Z2HC?tag=eloabder-20&linkCode=osi&th=1&psc=1">View Product</a></div><div class="product"><a href="https://www.amazon.com/dp/B09VP4YTPQ?tag=eloabder-20&linkCode=osi&th=1&psc=1"><img src="https://m.media-amazon.com/images/I/41WvD-VnynL._SL500_.jpg" alt="Product Image"></a><p>OMOTOOL Steel Wire Fencing Staples (200 pcs), Galvanized U-shaped fasteners Nails for Wire Mesh and Woven Fencing</p><p> -30% 0FF </p><p>$6.98</p><a href="https://www.amazon.com/dp/B09VP4YTPQ?tag=eloabder-20&linkCode=osi&th=1&psc=1">View Product</a></div>
<div class="product"><a href="https://www.amazon.com/dp/B08N6DYNKQ?tag=eloabder-20&linkCode=osi&th=1&psc=1"><img src="https://m.media-amazon.com/images/I/51oGt2PvPLL._SL500_.jpg" alt="Product Image"></a><p>Mixiflor 20 Pcs 5 Sizes 60/80/120/240 Grits Abrasive Flap Wheel Sander, 1/4 Inch Shank Flap Wheels for Drill, Die Grinder Flap Wheel,Flap Wheel Sander for Drill</p><p> -15% 0FF </p><p>$22.99</p><a href="https://www.amazon.com/dp/B08N6DYNKQ?tag=eloabder-20&linkCode=osi&th=1&psc=1">View Product</a></div>
<div class="product"><a href="https://www.amazon.com/dp/B0B5GHT937?tag=eloabder-20&linkCode=osi&th=1&psc=1"><img src="https://m.media-amazon.com/images/I/51LBYzTtFqL._SL500_.jpg" alt="Product Image"></a><p>SALI 25 Pack 4-1/2 Inch Grinding Wheels for General Purpose Metal & Stainless Steel, Aluminum Oxide Grinding Disc for Angle Grinder, Depressed Center 4.5" * 1/4" * 7/8"(115 * 6.0 * 22.2 mm)</p><p> -9% 0FF </p><p>$26.49</p><a href="https://www.amazon.com/dp/B0B5GHT937?tag=eloabder-20&linkCode=osi&th=1&psc=1">View Product</a></div><div class="product"><a href="https://www.amazon.com/dp/B00002246K?tag=eloabder-20&linkCode=osi&th=1&psc=1"><img src="https://m.media-amazon.com/images/I/51cqvp+fIGL._SL500_.jpg" alt="Product Image"></a><p>DEWALT DW4514 1/4" Thick Grinding Wheel with 4-1/2" Diameter and 7/8" Arbor</p><p> -46% 0FF </p><p>$1.65</p><a href="https://www.amazon.com/dp/B00002246K?tag=eloabder-20&linkCode=osi&th=1&psc=1">View Product</a></div><div class="product"><a href="https://www.amazon.com/dp/B07SQP8JGR?tag=eloabder-20&linkCode=osi&th=1&psc=1"><img src="https://m.media-amazon.com/images/I/51M3TdMS3OL._SL500_.jpg" alt="Product Image"></a><p>KSEIBI 651006 Grinding Wheels 25-Pack, Aluminum Oxide Discs for Metal & Stainless Steel, 4-1/2" x 1/4" x 7/8", Aggressive Grinding for Angle Grinders, Depressed Center Design</p><p> -6% 0FF </p><p>$26.99</p><a href="https://www.amazon.com/dp/B07SQP8JGR?tag=eloabder-20&linkCode=osi&th=1&psc=1">View Product</a></div><div class="product"><a href="https://www.amazon.com/dp/B00004RH8I?tag=eloabder-20&linkCode=osi&th=1&psc=1"><img src="https://m.media-amazon.com/images/I/6113QduJyJL._SL500_.jpg" alt="Product Image"></a><p>DEWALT Grinding Wheel, General Purpose for Metal, 4-1/2-Inch x 1/4-Inch x 5/8-Inch (DW4523)</p><p> -40% 0FF </p><p>$2.92</p><a href="https://www.amazon.com/dp/B00004RH8I?tag=eloabder-20&linkCode=osi&th=1&psc=1">View Product</a></div><div class="product"><a href="https://www.amazon.com/dp/B0791MGN72?tag=eloabder-20&linkCode=osi&th=1&psc=1"><img src="https://m.media-amazon.com/images/I/51LQaKOgppL._SL500_.jpg" alt="Product Image"></a><p>BHA Depressed Center Metal Grinding Wheels for Angle Grinders, 4.5‚Äù x 1/4‚Äù x 7/8‚Äù - 5 Pack</p><p> -15% 0FF </p><p>$16.99</p><a href="https://www.amazon.com/dp/B0791MGN72?tag=eloabder-20&linkCode=osi&th=1&psc=1">View Product</a></div><div class="product"><a href="https://www.amazon.com/dp/B09TSV5SP9?tag=eloabder-20&linkCode=osi&th=1&psc=1"><img src="https://m.media-amazon.com/images/I/61w4UIIWQdL._SL500_.jpg" alt="Product Image"></a><p>PRETEC 26 Packs Angle Grinder Cutting Flap Grinding Disc Wheel 4 1/2in Inches - 20 Packs 4.5"x1/4"x7/8" Cut off Wheels,3 Packs 4.5"x7/8" 60 Grit Flap Discs, 3 Packs 4.5"x1/25"x7/8" Grinding Wheels</p><p> -8% 0FF </p><p>$22.99</p><a href="https://www.amazon.com/dp/B09TSV5SP9?tag=eloabder-20&linkCode=osi&th=1&psc=1">View Product</a></div><div class="product"><a href="https://www.amazon.com/dp/B07FT71TLC?tag=eloabder-20&linkCode=osi&th=1&psc=1"><img src="https://m.media-amazon.com/images/I/51-wpozOUIL._SL500_.jpg" alt="Product Image"></a><p>NEIKO 11142A 10 Pack Zirconia Flap Discs 4-1/2 for Angle Grinder, 40 Grit Flapper Wheel, Angled T29 Grinding Wheel 4.5 Inch Flap Disc, 7/8" Arbor Grinding Disc, Flap Wheel for Wood & Metal Sanding</p><p> -19% 0FF </p><p>$17.07</p><a href="https://www.amazon.com/dp/B07FT71TLC?tag=eloabder-20&linkCode=osi&th=1&psc=1">View Product</a></div>
<div class="product"><a href="https://www.amazon.com/dp/B0956S39GC?tag=eloabder-20&linkCode=osi&th=1&psc=1"><img src="https://m.media-amazon.com/images/I/51mP1FW0pIL._SL500_.jpg" alt="Product Image"></a><p>Truswe Cut Off Wheels 52 Pack,4 1/2 Inch,0.45 USD/Pack,Metal and Stainless Steel Cutting Wheel for Angle Grinder,Ultra Thin Cut-Off Wheel Cutting Disc (52 PCS 4-1/2 x .045 x 7/8 inch Cut Off Wheels)</p><p> -26% 0FF </p><p>$24.29</p><a href="https://www.amazon.com/dp/B0956S39GC?tag=eloabder-20&linkCode=osi&th=1&psc=1">View Product</a></div><div class="product"><a href="https://www.amazon.com/dp/B07WGSK4V7?tag=eloabder-20&linkCode=osi&th=1&psc=1"><img src="https://m.media-amazon.com/images/I/510MTzQR9sL._SL500_.jpg" alt="Product Image"></a><p>WORKPRO 20-Pack Cut-Off Wheels, 4-1/2 x 7/8-inch Metal&Stainless Steel Cutting Wheel, Thin Metal Cutting Disc for Angle Grinder</p><p> -6% 0FF </p><p>$15.99</p><a href="https://www.amazon.com/dp/B07WGSK4V7?tag=eloabder-20&linkCode=osi&th=1&psc=1">View Product</a></div><div class="product"><a href="https://www.amazon.com/dp/B08C7F9CVS?tag=eloabder-20&linkCode=osi&th=1&psc=1"><img src="https://m.media-amazon.com/images/I/51KoNeHcHyL._SL500_.jpg" alt="Product Image"></a><p>EZARC Diamond Cutting Wheel 4 1/2 x 7/8 Inch for Metal, Cut Off Wheel with 5000+ Cuts on Rebar, Steel, Iron and INOX</p><p> -11% 0FF </p><p>$16.97</p><a href="https://www.amazon.com/dp/B08C7F9CVS?tag=eloabder-20&linkCode=osi&th=1&psc=1">View Product</a></div><div class="product"><a href="https://www.amazon.com/dp/B08FR63K33?tag=eloabder-20&linkCode=osi&th=1&psc=1"><img src="https://m.media-amazon.com/images/I/51Js3m5R8aL._SL500_.jpg" alt="Product Image"></a><p>50 Pack Cut Off Wheels 4 1/2 inch Thin Metal & Stainless Steel Cutting Wheel, Professional Fast Cutting Disc for Angle Grinder</p><p> -20% 0FF </p><p>$26.49</p><a href="https://www.amazon.com/dp/B08FR63K33?tag=eloabder-20&linkCode=osi&th=1&psc=1">View Product</a></div>
<div class="product"><a href="https://www.amazon.com/dp/B01K22Q9R8?tag=eloabder-20&linkCode=osi&th=1&psc=1"><img src="https://m.media-amazon.com/images/I/41VcU0uPlLL._SL500_.jpg" alt="Product Image"></a><p>42 Pcs Wet Dry Sandpaper 120 to 3000 Grit Assortment 9 * 3.6 Inches Abrasive Paper Sheets for Automotive Sanding Wood Furniture Finishing</p><p> -11% 0FF </p><p>$7.99 ($0.19 / Count)</p><a href="https://www.amazon.com/dp/B01K22Q9R8?tag=eloabder-20&linkCode=osi&th=1&psc=1">View Product</a></div><div class="product"><a href="https://www.amazon.com/dp/B0894N7QT2?tag=eloabder-20&linkCode=osi&th=1&psc=1"><img src="https://m.media-amazon.com/images/I/51Rfp3gQTWL._SL500_.jpg" alt="Product Image"></a><p>100PCS 5 Inch 8 Holes Sanding Discs 60 120 240 400 600 800 1000 1200 1500 2000 Grit Sandpaper Sander Round Sand Paper (100pcs 60-2000 grit)</p><p> -24% 0FF </p><p>$12.99</p><a href="https://www.amazon.com/dp/B0894N7QT2?tag=eloabder-20&linkCode=osi&th=1&psc=1">View Product</a></div><div class="product"><a href="https://www.amazon.com/dp/B07HHY6MKY?tag=eloabder-20&linkCode=osi&th=1&psc=1"><img src="https://m.media-amazon.com/images/I/41QDuvYCQlL._SL500_.jpg" alt="Product Image"></a><p>WORKPRO 150-piece Sanding Discs Set - 5-Inch 8-Hole Sandpaper 10 Grades Include 60, 80, 100, 120, 150,180, 240, 320, 400, 600 Grits for Random Orbital Sander(Not for Oscillating Tools or Mouse Sander)</p><p> -20% 0FF </p><p>$19.99 ($0.13 / Count)</p><a href="https://www.amazon.com/dp/B07HHY6MKY?tag=eloabder-20&linkCode=osi&th=1&psc=1">View Product</a></div><div class="product"><a href="https://www.amazon.com/dp/B09X6DY6RW?tag=eloabder-20&linkCode=osi&th=1&psc=1"><img src="https://m.media-amazon.com/images/I/41rifda9wbL._SL500_.jpg" alt="Product Image"></a><p>Afruxy 4 Pack Extra Fine Sanding Block, Washable and Reusable Sanding Sponge for Wood Drywall Metal Glasses Coarse/Medium/Fine/Superfine in 60/80/120/220 Grit Sandpaper Block Sand Paper Brick</p><p> -25% 0FF </p><p>$8.99 ($2.25 / Count)</p><a href="https://www.amazon.com/dp/B09X6DY6RW?tag=eloabder-20&linkCode=osi&th=1&psc=1">View Product</a></div>
<div class="product"><a href="https://www.amazon.com/dp/B07CH6QNCV?tag=eloabder-20&linkCode=osi&th=1&psc=1"><img src="https://m.media-amazon.com/images/I/413Vmyc4FPL._SL500_.jpg" alt="Product Image"></a><p>VASTOOLS Welding Chipping Hammer with Coil Spring Handle,10.5",Cone and Vertical Chisel/ 10" Wire Brush(Free), Black</p><p> -18% 0FF </p><p>$13.99</p><a href="https://www.amazon.com/dp/B07CH6QNCV?tag=eloabder-20&linkCode=osi&th=1&psc=1">View Product</a></div><div class="product"><a href="https://www.amazon.com/dp/B0D6QRJJ4R?tag=eloabder-20&linkCode=osi&th=1&psc=1"><img src="https://m.media-amazon.com/images/I/41KF4m4nNfL._SL500_.jpg" alt="Product Image"></a><p>120A MIG Welding Machine, 110V/220V Flux Core Welder/Lift TIG/Stick Welder 3 in 1, Portable Gasless Welder with IGBT Inverter, Welding Gun & Welding Wire, Weld Kit for Aluminum, Metal</p><p> -56% 0FF </p><p>$69.99</p><a href="https://www.amazon.com/dp/B0D6QRJJ4R?tag=eloabder-20&linkCode=osi&th=1&psc=1">View Product</a></div>
<div class="product"><a href="https://www.amazon.com/dp/B09YGXKZC1?tag=eloabder-20&linkCode=osi&th=1&psc=1"><img src="https://m.media-amazon.com/images/I/417vPDmhw0L._SL500_.jpg" alt="Product Image"></a><p>ARCCAPTAIN Stick Welder, [Large LED Display] 200A ARC/Lift TIG Welding Machine with Synergic Control, IGBT Inverter 110V/220V Portable MMA Welder Machine with Hot Start, Arc force and Anti-Stick</p><p> -31% 0FF </p><p>$116.63</p><a href="https://www.amazon.com/dp/B09YGXKZC1?tag=eloabder-20&linkCode=osi&th=1&psc=1">View Product</a></div><div class="product"><a href="https://www.amazon.com/dp/B0D9LDRJV7?tag=eloabder-20&linkCode=osi&th=1&psc=1"><img src="https://m.media-amazon.com/images/I/51o3VwWmuzL._SL500_.jpg" alt="Product Image"></a><p>AwxryoX Portable Handheld Welding Machine, 110V 140Amp Upgraded Maquina de Soldar with IGBT Inverter 6 Variable Current, Soldadora Welding Tool Set with 3/32"-1/8" Welding Rod & Protective Gloves</p><p> -25% 0FF </p><p>$89.99</p><a href="https://www.amazon.com/dp/B0D9LDRJV7?tag=eloabder-20&linkCode=osi&th=1&psc=1">View Product</a></div><div class="product"><a href="https://www.amazon.com/dp/B09WDGL3GQ?tag=eloabder-20&linkCode=osi&th=1&psc=1"><img src="https://m.media-amazon.com/images/I/518jYZZcNhL._SL500_.jpg" alt="Product Image"></a><p>Welding Machine, Upgraded MMA-250A 110V Welder Machine,Portable Stick Welder IGBT Digital Display LCD,Home DIY Arc Welder,Hot Start Arc Force Anti-stick Mini Welder</p><p> -14% 0FF </p><p>$67.79</p><a href="https://www.amazon.com/dp/B09WDGL3GQ?tag=eloabder-20&linkCode=osi&th=1&psc=1">View Product</a></div><div class="product"><a href="https://www.amazon.com/dp/B0BR8TS34Y?tag=eloabder-20&linkCode=osi&th=1&psc=1"><img src="https://m.media-amazon.com/images/I/51NzsbTpmyL._SL500_.jpg" alt="Product Image"></a><p>Welding machine handheld | 110V IGBT Digital Stick WelderÔºåPortable welder machine with Complete Accessory Set & Carrying Case</p><p> -50% 0FF </p><p>$49.99</p><a href="https://www.amazon.com/dp/B0BR8TS34Y?tag=eloabder-20&linkCode=osi&th=1&psc=1">View Product</a></div><div class="product"><a href="https://www.amazon.com/dp/B0BN81636G?tag=eloabder-20&linkCode=osi&th=1&psc=1"><img src="https://m.media-amazon.com/images/I/41q0oXAoP1L._SL500_.jpg" alt="Product Image"></a><p>AZZUNO MIG Welder,Flux Core Welder Machine 110V 130Amp, Gasless MIG Welding Machine IGBT Inverter Welder Portable Wire Feed Welder (110V)</p><p> -21% 0FF </p><p>$85.99</p><a href="https://www.amazon.com/dp/B0BN81636G?tag=eloabder-20&linkCode=osi&th=1&psc=1">View Product</a></div>
<div class="product"><a href="https://www.amazon.com/dp/B07MKRYWMD?tag=eloabder-20&linkCode=osi&th=1&psc=1"><img src="https://m.media-amazon.com/images/I/31nmFb6CayL._SL500_.jpg" alt="Product Image"></a><p>Hobart 770890 Auto-Darkening Welding Helmet, Large, Black</p><p> -10% 0FF </p><p>$98.99</p><a href="https://www.amazon.com/dp/B07MKRYWMD?tag=eloabder-20&linkCode=osi&th=1&psc=1">View Product</a></div><div class="product"><a href="https://www.amazon.com/dp/B07V9G94NK?tag=eloabder-20&linkCode=osi&th=1&psc=1"><img src="https://m.media-amazon.com/images/I/31SAUhqpDZL._SL500_.jpg" alt="Product Image"></a><p>Lincoln Electric K3034-4 VIKING 3350 Auto Darkening Welding Helmet with 4C Lens Technology, Matte Black, extra large</p><p> -29% 0FF </p><p>$357.99</p><a href="https://www.amazon.com/dp/B07V9G94NK?tag=eloabder-20&linkCode=osi&th=1&psc=1">View Product</a></div><div class="product"><a href="https://www.amazon.com/dp/B0BYXPR9F3?tag=eloabder-20&linkCode=osi&th=1&psc=1"><img src="https://m.media-amazon.com/images/I/51ggHp1dC3L._SL500_.jpg" alt="Product Image"></a><p>TOOLIOM Welding Helmet Solar Power Auto Darkening Welding Helmet Adjustable Shade Range for MIG TIG Stick Welder Mask Blue Eagle</p><p> -13% 0FF </p><p>$27.99</p><a href="https://www.amazon.com/dp/B0BYXPR9F3?tag=eloabder-20&linkCode=osi&th=1&psc=1">View Product</a></div><div class="product"><a href="https://www.amazon.com/dp/B0BV6RYWV9?tag=eloabder-20&linkCode=osi&th=1&psc=1"><img src="https://m.media-amazon.com/images/I/41HBwMbwbaL._SL500_.jpg" alt="Product Image"></a><p>ARCCAPTAIN Welding Helmet Auto Darkening, 3.94"X3.66" Large Viewing Screen True Color Welding Hood with 4 Arc Sensor Solar Powered, Wide Shade 4-5/5-9/9-13 for ARC TIG MIG Welding Helmets for Men</p><p> -17% 0FF </p><p>$59.99</p><a href="https://www.amazon.com/dp/B0BV6RYWV9?tag=eloabder-20&linkCode=osi&th=1&psc=1">View Product</a></div>
<div class="product"><a href="https://www.amazon.com/dp/B07RX7TNBY?tag=eloabder-20&linkCode=osi&th=1&psc=1"><img src="https://m.media-amazon.com/images/I/417ep0UH1cL._SL500_.jpg" alt="Product Image"></a><p>WZQH 16 Inches,932‚Ñâ,Leather Forge Welding Gloves, Heat/Fire Resistant,Mitts for BBQ,Oven,Grill,Fireplace,Tig,Mig,Baking,Furnace,Stove,Pot Holder,Animal Handling Glove.Black-gray</p><p> -32% 0FF </p><p>$19.74 ($19.74 / Count)</p><a href="https://www.amazon.com/dp/B07RX7TNBY?tag=eloabder-20&linkCode=osi&th=1&psc=1">View Product</a></div><div class="product"><a href="https://www.amazon.com/dp/B00IYX04YC?tag=eloabder-20&linkCode=osi&th=1&psc=1"><img src="https://m.media-amazon.com/images/I/51vjm0ZOsgL._SL500_.jpg" alt="Product Image"></a><p>Lincoln Electric Leather Welding Gloves KH641, Premium Hand Protection from Welder and Cutting Torch Heat, Commercial Quality, Cotton Lined, Gauntlet Cuff, Unisex, Grey, One Size</p><p> -5% 0FF </p><p>$18.98</p><a href="https://www.amazon.com/dp/B00IYX04YC?tag=eloabder-20&linkCode=osi&th=1&psc=1">View Product</a></div><div class="product"><a href="https://www.amazon.com/dp/B078FMLJSW?tag=eloabder-20&linkCode=osi&th=1&psc=1"><img src="https://m.media-amazon.com/images/I/41cO-Y-5sjL._SL500_.jpg" alt="Product Image"></a><p>Revco GM1611 Top Grain Leather Cowhide MIG Welding Gloves with Reinforced Palm & Thumb & Index Finger, Seamless Forefinger, 5" Cuff for Extra Protection (Medium)</p><p> -7% 0FF </p><p>$27.99</p><a href="https://www.amazon.com/dp/B078FMLJSW?tag=eloabder-20&linkCode=osi&th=1&psc=1">View Product</a></div>
<div class="product"><a href="https://www.amazon.com/dp/B07W41G6P3?tag=eloabder-20&linkCode=osi&th=1&psc=1"><img src="https://m.media-amazon.com/images/I/51FnU0Vr4ZL._SL500_.jpg" alt="Product Image"></a><p>YESWELDER Flux Core Gasless Mig Wire, Mild Steel E71TGS .030-Diameter, 2-Pound Strong ABS Plastic Spool</p><p> -30% 0FF </p><p>$15.99</p><a href="https://www.amazon.com/dp/B07W41G6P3?tag=eloabder-20&linkCode=osi&th=1&psc=1">View Product</a></div><div class="product"><a href="https://www.amazon.com/dp/B0BRCT2NLM?tag=eloabder-20&linkCode=osi&th=1&psc=1"><img src="https://m.media-amazon.com/images/I/412YtbTwWWL._SL500_.jpg" alt="Product Image"></a><p>0.035 flux core welding wire, 3 Spools E71T-GS Low Splatter gasless Carbon Steel Mig Welding Wire Compatible With HF Fourney Harbor Welder(3 PACK)</p><p> -9% 0FF </p><p>$29.99</p><a href="https://www.amazon.com/dp/B0BRCT2NLM?tag=eloabder-20&linkCode=osi&th=1&psc=1">View Product</a></div><div class="product"><a href="https://www.amazon.com/dp/B003XKH71O?tag=eloabder-20&linkCode=osi&th=1&psc=1"><img src="https://m.media-amazon.com/images/I/51aO46a0SrL._SL500_.jpg" alt="Product Image"></a><p>INEFIL ER70S-6 .030-Inch on 10-Pound Spool Carbon Steel Mig Solid Welding Wire</p><p> -24% 0FF </p><p>$25.05 ($0.16 / Ounce)</p><a href="https://www.amazon.com/dp/B003XKH71O?tag=eloabder-20&linkCode=osi&th=1&psc=1">View Product</a></div><div class="product"><a href="https://www.amazon.com/dp/B00F429SZM?tag=eloabder-20&linkCode=osi&th=1&psc=1"><img src="https://m.media-amazon.com/images/I/41BHKwqBRIL._SL500_.jpg" alt="Product Image"></a><p>Blue Demon E71TGS X .035‚Äù X 2 LB MIG/GMAW Gasless Flux Core Carbon Steel Welding Wire, All Position, Easy Slag Removal, Formulated To Provide Porosity-Free, X-Ray Quality Welds</p><p> -30% 0FF </p><p>$11.91</p><a href="https://www.amazon.com/dp/B00F429SZM?tag=eloabder-20&linkCode=osi&th=1&psc=1">View Product</a></div><div class="product"><a href="https://www.amazon.com/dp/B01I82OSC2?tag=eloabder-20&linkCode=osi&th=1&psc=1"><img src="https://m.media-amazon.com/images/I/41QrzqdrCEL._SL500_.jpg" alt="Product Image"></a><p>Lincoln Electric MIG Welding Wire, NR-211-MP, .035, Spool, Model: ED030584 (Pack of 3)</p><p> -6% 0FF </p><p>$46.99 ($15.66 / Count)</p><a href="https://www.amazon.com/dp/B01I82OSC2?tag=eloabder-20&linkCode=osi&th=1&psc=1">View Product</a></div><div class="product"><a href="https://www.amazon.com/dp/B09YYCRKR2?tag=eloabder-20&linkCode=osi&th=1&psc=1"><img src="https://m.media-amazon.com/images/I/51DpQ1PI8pL._SL500_.jpg" alt="Product Image"></a><p>ARCCAPTAIN Flux Core Welding Wire .030, E71T-GS Mig Welding Wire 2-Pound Spool Gasless Mild Carbon Steel Compatible With Lincoln Miller Forney Harbor Welder</p><p> -8% 0FF </p><p>$16.99</p><a href="https://www.amazon.com/dp/B09YYCRKR2?tag=eloabder-20&linkCode=osi&th=1&psc=1">View Product</a></div><div class="product"><a href="https://www.amazon.com/dp/B09DYCK78H?tag=eloabder-20&linkCode=osi&th=1&psc=1"><img src="https://m.media-amazon.com/images/I/41umOmMUkzL._SL500_.jpg" alt="Product Image"></a><p>TOOLIOM ER70S-6 .030"(0.8 mm) Mild Steel Mig Solid Welding Wire on 10-Pound Spool for TL-200M TL-250M Pro</p><p> -7% 0FF </p><p>$27.99</p><a href="https://www.amazon.com/dp/B09DYCK78H?tag=eloabder-20&linkCode=osi&th=1&psc=1">View Product</a></div>
<div class="product"><a href="https://www.amazon.com/dp/B0B3D96MN6?tag=eloabder-20&linkCode=osi&th=1&psc=1"><img src="https://m.media-amazon.com/images/I/51k0bP+5e6L._SL500_.jpg" alt="Product Image"></a><p>Soldering Iron Premium Kit, 60W Soldering Gun with Ceramic Heater, 12-in-1 Soldering Tool, Adjustable Temperature 200 to 450¬∞C, Includes Soldering Iron Tip, Solder Wire, Pump and Paste</p><p> -20% 0FF </p><p>$23.99</p><a href="https://www.amazon.com/dp/B0B3D96MN6?tag=eloabder-20&linkCode=osi&th=1&psc=1">View Product</a></div><div class="product"><a href="https://www.amazon.com/dp/B087767KNW?tag=eloabder-20&linkCode=osi&th=1&psc=1"><img src="https://m.media-amazon.com/images/I/41rapiHruXL._SL500_.jpg" alt="Product Image"></a><p>Soldering Iron Kit, 60W Soldering Iron with Interchangeable Iron Tips, 10-in-1 Adjustable Temperature Soldering Welding Iron Kit for any Hobby Enthusiast 110V US Plug</p><p> -13% 0FF </p><p>$12.99</p><a href="https://www.amazon.com/dp/B087767KNW?tag=eloabder-20&linkCode=osi&th=1&psc=1">View Product</a></div><div class="product"><a href="https://www.amazon.com/dp/B082F1WKP9?tag=eloabder-20&linkCode=osi&th=1&psc=1"><img src="https://m.media-amazon.com/images/I/518z061SWZL._SL500_.jpg" alt="Product Image"></a><p>YIHUA 926 III 60W Digital Display Soldering Iron Station Kit w 2 Helping Hands, 6 Extra Iron Tips, Lead-Free Solder, Solder Sucker, S/S Tweezers, ¬∞C/¬∫F Conversion, Auto Sleep & Calibration Support</p><p> -17% 0FF </p><p>$49.99</p><a href="https://www.amazon.com/dp/B082F1WKP9?tag=eloabder-20&linkCode=osi&th=1&psc=1">View Product</a></div><div class="product"><a href="https://www.amazon.com/dp/B002PIA6Z4?tag=eloabder-20&linkCode=osi&th=1&psc=1"><img src="https://m.media-amazon.com/images/I/41hE8aKpakL._SL500_.jpg" alt="Product Image"></a><p>Pro'sKit 900-015 Helping Hands Soldering Aid</p><p> -35% 0FF </p><p>$7.59</p><a href="https://www.amazon.com/dp/B002PIA6Z4?tag=eloabder-20&linkCode=osi&th=1&psc=1">View Product</a></div><div class="product"><a href="https://www.amazon.com/dp/B094GZ6CPZ?tag=eloabder-20&linkCode=osi&th=1&psc=1"><img src="https://m.media-amazon.com/images/I/510vFCSfPqL._SL500_.jpg" alt="Product Image"></a><p>Lesnow solder wick braid 10ft Length Desoldering Wick Braid Remover Tool Solder Sucker 1 piece No-Clean soldering Wick Wire Roll and Disassemble Electrical Components</p><p> -20% 0FF </p><p>$7.99</p><a href="https://www.amazon.com/dp/B094GZ6CPZ?tag=eloabder-20&linkCode=osi&th=1&psc=1">View Product</a></div><div class="product"><a href="https://www.amazon.com/dp/B0CZ9KB3PS?tag=eloabder-20&linkCode=osi&th=1&psc=1"><img src="https://m.media-amazon.com/images/I/41i90xEV7CL._SL500_.jpg" alt="Product Image"></a><p>60W Digital Soldering Station Fast Heating Precision Temperature Control Soldering Iron Station with Stable Base Auto Sleep 10 Soldering Iron Tips Soldering Station Kit for Beginners DIY hobbyist</p><p> -15% 0FF </p><p>$39.88</p><a href="https://www.amazon.com/dp/B0CZ9KB3PS?tag=eloabder-20&linkCode=osi&th=1&psc=1">View Product</a></div><div class="product"><a href="https://www.amazon.com/dp/B00NS4J6BY?tag=eloabder-20&linkCode=osi&th=1&psc=1"><img src="https://m.media-amazon.com/images/I/51zuuNWwBjL._SL500_.jpg" alt="Product Image"></a><p>Thermaltronics TMT-TC-2 Tip Tinner (20g) in 0.8oz Container</p><p> -21% 0FF </p><p>$6.35 ($7.94 / Ounce)</p><a href="https://www.amazon.com/dp/B00NS4J6BY?tag=eloabder-20&linkCode=osi&th=1&psc=1">View Product</a></div>
<div class="product"><a href="https://www.amazon.com/dp/B097T8CG94?tag=eloabder-20&linkCode=osi&th=1&psc=1"><img src="https://m.media-amazon.com/images/I/51ciNJ1DuTL._SL500_.jpg" alt="Product Image"></a><p>Soldering Iron Kit,Electric 60W Soldering Gun Welding Tools with ON/OFF Swicth,5 Soldering Iron Tips,Tweezers,solder wire,for soldering Kit and Repairing,DIY</p><p> -50% 0FF </p><p>$5.99</p><a href="https://www.amazon.com/dp/B097T8CG94?tag=eloabder-20&linkCode=osi&th=1&psc=1">View Product</a></div><div class="product"><a href="https://www.amazon.com/dp/B08R3515SF?tag=eloabder-20&linkCode=osi&th=1&psc=1"><img src="https://m.media-amazon.com/images/I/41-UwHjbdpL._SL500_.jpg" alt="Product Image"></a><p>Soldering Iron Kit, 80W 110V LCD Digital Soldering Welding Iron Kit with Ceramic Heater, Portable Soldering Kit with 5pcs Tips, Stand, Solder Tube, Sponge, Solder Paste,for Metal,Electric, DIY</p><p> -23% 0FF </p><p>$9.95</p><a href="https://www.amazon.com/dp/B08R3515SF?tag=eloabder-20&linkCode=osi&th=1&psc=1">View Product</a></div><div class="product"><a href="https://www.amazon.com/dp/B0BW4HMXJ3?tag=eloabder-20&linkCode=osi&th=1&psc=1"><img src="https://m.media-amazon.com/images/I/516tKeqajpL._SL500_.jpg" alt="Product Image"></a><p>Soldering Iron Kit 80W LCD Adjustable Temperature 180-520‚ÑÉ Solder Kit Electronics 13 in 1 Welding Tools with ON/OFF Switch, Solder Wire, Flux, 5 Soldering Tips, Desoldering Pump, Stand, Tweezers</p><p> -27% 0FF </p><p>$18.98</p><a href="https://www.amazon.com/dp/B0BW4HMXJ3?tag=eloabder-20&linkCode=osi&th=1&psc=1">View Product</a></div>
<div class="product"><a href="https://www.amazon.com/dp/B077JDGY1J?tag=eloabder-20&linkCode=osi&th=1&psc=1"><img src="https://m.media-amazon.com/images/I/41yRK+nzODL._SL500_.jpg" alt="Product Image"></a><p>Weller 70 Watt Digital Soldering Station | WE1010NA</p><p> -25% 0FF </p><p>$115.00</p><a href="https://www.amazon.com/dp/B077JDGY1J?tag=eloabder-20&linkCode=osi&th=1&psc=1">View Product</a></div><div class="product"><a href="https://www.amazon.com/dp/B09TXP1KDV?tag=eloabder-20&linkCode=osi&th=1&psc=1"><img src="https://m.media-amazon.com/images/I/51-97nkYLSL._SL500_.jpg" alt="Product Image"></a><p>WEP 927-IV Soldering Station Kit High-Power 110W with 3 Preset Channels, Sleep Mode, LED Magnifier, 5 Extra Iron Tips, Tip Cleaner, 2 Helping Hands, Tip Storage Slots, Lead-free Solder Wire, Tweezers</p><p> -25% 0FF </p><p>$59.99</p><a href="https://www.amazon.com/dp/B09TXP1KDV?tag=eloabder-20&linkCode=osi&th=1&psc=1">View Product</a></div><div class="product"><a href="https://www.amazon.com/dp/B07RVMZNYR?tag=eloabder-20&linkCode=osi&th=1&psc=1"><img src="https://m.media-amazon.com/images/I/51MK9AVKTeL._SL500_.jpg" alt="Product Image"></a><p>YIHUA 939D+ Digital Soldering Station, 75W Equivalent with Precision Heat Control (392¬∞F to 896¬∞F) and Built-in Transformer. ESD Safe, Lead Free with ¬∞C/¬∞F display (Black)</p><p> -17% 0FF </p><p>$59.99</p><a href="https://www.amazon.com/dp/B07RVMZNYR?tag=eloabder-20&linkCode=osi&th=1&psc=1">View Product</a></div><div class="product"><a href="https://www.amazon.com/dp/B0BX5KXBPD?tag=eloabder-20&linkCode=osi&th=1&psc=1"><img src="https://m.media-amazon.com/images/I/51kzeXwC0sL._SL500_.jpg" alt="Product Image"></a><p>WEP 882D Soldering Iron Station 2-IN-1 SMD Hot Air Rework Station with 2 Spools of Solder Wire, 5 Soldering Tips, 3 Hot Air Nozzles, Brass Wool Tip Cleaner, Tweezers, Desoldering pump</p><p> -12% 0FF </p><p>$48.44</p><a href="https://www.amazon.com/dp/B0BX5KXBPD?tag=eloabder-20&linkCode=osi&th=1&psc=1">View Product</a></div><div class="product"><a href="https://www.amazon.com/dp/B07S4GPM66?tag=eloabder-20&linkCode=osi&th=1&psc=1"><img src="https://m.media-amazon.com/images/I/51Z2ti7tGQL._SL500_.jpg" alt="Product Image"></a><p>YIHUA 853D 2A USB SMD Hot Air Rework Soldering Iron Station, DC Power Supply 0-15V 0-2A with 5V USB Charging Port and 35 Volt DC Voltage Test Meter</p><p> -12% 0FF </p><p>$149.99</p><a href="https://www.amazon.com/dp/B07S4GPM66?tag=eloabder-20&linkCode=osi&th=1&psc=1">View Product</a></div><div class="product"><a href="https://www.amazon.com/dp/B07RY5XWVG?tag=eloabder-20&linkCode=osi&th=1&psc=1"><img src="https://m.media-amazon.com/images/I/51C2g+FzzUL._SL500_.jpg" alt="Product Image"></a><p>YIHUA 862BD+ SMD ESD Safe 2 in 1 Soldering Iron Hot Air Rework Station ¬∞F /¬∞C with Multiple Functions</p><p> -27% 0FF </p><p>$101.95</p><a href="https://www.amazon.com/dp/B07RY5XWVG?tag=eloabder-20&linkCode=osi&th=1&psc=1">View Product</a></div>
<div class="product"><a href="https://www.amazon.com/dp/B008ZIV85A?tag=eloabder-20&linkCode=osi&th=1&psc=1"><img src="https://m.media-amazon.com/images/I/41CWW+v4uOL._SL500_.jpg" alt="Product Image"></a><p>SRA Solder 135 Rosin Paste Soldering Flux For Electronics, No Clean Flux Made for Lead and Lead-Free Solder Circuit Boards and Copper Electrical Wire - Safe Clean Residues with No Goopy Mess (2oz Jar)</p><p> -23% 0FF </p><p>$8.49</p><a href="https://www.amazon.com/dp/B008ZIV85A?tag=eloabder-20&linkCode=osi&th=1&psc=1">View Product</a></div><div class="product"><a href="https://www.amazon.com/dp/B08MVXW4RY?tag=eloabder-20&linkCode=osi&th=1&psc=1"><img src="https://m.media-amazon.com/images/I/51ACPA4yj1L._SL500_.jpg" alt="Product Image"></a><p>2 Jar Solder Flux, Flux for Soldering, Rosin Soldering Flux Paste for Lead-Free Electronics Soldering and Soldering DIY (1.2oz/35g in a Jar)</p><p> -30% 0FF </p><p>$6.98</p><a href="https://www.amazon.com/dp/B08MVXW4RY?tag=eloabder-20&linkCode=osi&th=1&psc=1">View Product</a></div>
<div class="product"><a href="https://www.amazon.com/dp/B07PX44JQM?tag=eloabder-20&linkCode=osi&th=1&psc=1"><img src="https://m.media-amazon.com/images/I/41MRmHNswpL._SL500_.jpg" alt="Product Image"></a><p>Metabo HPT Compound Miter Saw, 10" Miter Saw with Large Table Saw for woodworking, Power saw with 15-Amp Motor, Accurate Miter Angles, 0-45¬∞ Bevel, 24T TCT Miter Saw Blade, Positive Stops, C10FCGS</p><p> -25% 0FF </p><p>$119.00</p><a href="https://www.amazon.com/dp/B07PX44JQM?tag=eloabder-20&linkCode=osi&th=1&psc=1">View Product</a></div><div class="product"><a href="https://www.amazon.com/dp/B0CCNY7798?tag=eloabder-20&linkCode=osi&th=1&psc=1"><img src="https://m.media-amazon.com/images/I/51Wb7rA81NL._SL500_.jpg" alt="Product Image"></a><p>DEKOPRO Drill Set: Tool Set with 8V Blue Cordless Drill, Home Tool Kit with Drill, Hand Tool Kits for Women 126 Piece</p><p> -33% 0FF </p><p>$59.99</p><a href="https://www.amazon.com/dp/B0CCNY7798?tag=eloabder-20&linkCode=osi&th=1&psc=1">View Product</a></div><div class="product"><a href="https://www.amazon.com/dp/B07JPFHQKG?tag=eloabder-20&linkCode=osi&th=1&psc=1"><img src="https://m.media-amazon.com/images/I/413RBSqCVzL._SL500_.jpg" alt="Product Image"></a><p>DEWALT 20V MAX XR Jig Saw, 3,200 Blade Speed, Cordless, Brushless Motor, LED Light, Bare Tool Only (DCS334B)</p><p> -46% 0FF </p><p>$129.00</p><a href="https://www.amazon.com/dp/B07JPFHQKG?tag=eloabder-20&linkCode=osi&th=1&psc=1">View Product</a></div><div class="product"><a href="https://www.amazon.com/dp/B01IR1SXVQ?tag=eloabder-20&linkCode=osi&th=1&psc=1"><img src="https://m.media-amazon.com/images/I/41ryU1i4DeL._SL500_.jpg" alt="Product Image"></a><p>BLACK+DECKER 20V MAX Power Tool Combo Kit, 4-Tool Cordless Power Tool Set with 2 Batteries and Charger (BD4KITCDCRL)</p><p> -29% 0FF </p><p>$141.83</p><a href="https://www.amazon.com/dp/B01IR1SXVQ?tag=eloabder-20&linkCode=osi&th=1&psc=1">View Product</a></div>
<div class="product"><a href="https://www.amazon.com/dp/B0C4L88ZFW?tag=eloabder-20&linkCode=osi&th=1&psc=1"><img src="https://m.media-amazon.com/images/I/51SJoHf6mJL._SL500_.jpg" alt="Product Image"></a><p>FADAKWALT Cordless Drill Set,12V Power Drill Set with Battery and Charger, Electric Driver/Drill Bits, 3/8'' Keyless Chuck,21+1 Torque Setting, 180 inch-lbs, with LED Electric Drill Set (Green)</p><p> -20% 0FF </p><p>$23.98</p><a href="https://www.amazon.com/dp/B0C4L88ZFW?tag=eloabder-20&linkCode=osi&th=1&psc=1">View Product</a></div><div class="product"><a href="https://www.amazon.com/dp/B07CR1GPBQ?tag=eloabder-20&linkCode=osi&th=1&psc=1"><img src="https://m.media-amazon.com/images/I/51Py58xkv6L._SL500_.jpg" alt="Product Image"></a><p>AVID POWER 20V MAX Lithium lon Cordless Drill Set, Power Drill Kit with Battery and Charger, 3/8-Inch Keyless Chuck, Variable Speed, 16 Position and 22pcs Drill Bits (Red)</p><p> -12% 0FF </p><p>$43.99</p><a href="https://www.amazon.com/dp/B07CR1GPBQ?tag=eloabder-20&linkCode=osi&th=1&psc=1">View Product</a></div><div class="product"><a href="https://www.amazon.com/dp/B09Y8BWFZB?tag=eloabder-20&linkCode=osi&th=1&psc=1"><img src="https://m.media-amazon.com/images/I/51Ixq-DjI3L._SL500_.jpg" alt="Product Image"></a><p>DEKOPRO 8V Cordless Drill, Drill Set with 3/8"Keyless Chuck, 42pcs Acessories, Built-in LED, Type-C Charge Cable, Pink Power Drill for Drilling and Tightening/Loosening Screws</p><p> -17% 0FF </p><p>$29.99</p><a href="https://www.amazon.com/dp/B09Y8BWFZB?tag=eloabder-20&linkCode=osi&th=1&psc=1">View Product</a></div>
<div class="product"><a href="https://www.amazon.com/dp/B01KJJQ1MC?tag=eloabder-20&linkCode=osi&th=1&psc=1"><img src="https://m.media-amazon.com/images/I/51zT9DcQquL._SL500_.jpg" alt="Product Image"></a><p>Skil 5080-01 13-Amp 7-1/4" Circular Saw, Red</p><p> -33% 0FF </p><p>$39.99</p><a href="https://www.amazon.com/dp/B01KJJQ1MC?tag=eloabder-20&linkCode=osi&th=1&psc=1">View Product</a></div><div class="product"><a href="https://www.amazon.com/dp/B076HPKK19?tag=eloabder-20&linkCode=osi&th=1&psc=1"><img src="https://m.media-amazon.com/images/I/41b2h45bkSS._SL500_.jpg" alt="Product Image"></a><p>BLACK+DECKER 20V MAX* Cordless Reciprocating Saw Kit (BDCR20C)</p><p> -21% 0FF </p><p>$54.99</p><a href="https://www.amazon.com/dp/B076HPKK19?tag=eloabder-20&linkCode=osi&th=1&psc=1">View Product</a></div><div class="product"><a href="https://www.amazon.com/dp/B07WP376TG?tag=eloabder-20&linkCode=osi&th=1&psc=1"><img src="https://m.media-amazon.com/images/I/51PemucX5WL._SL500_.jpg" alt="Product Image"></a><p>GALAX PRO Circular Saw and Reciprocating Saw Combo Kit with 1pcs 4.0Ah Lithium Battery and One Charger, 7 Saw Blades and Tool Bag</p><p> -21% 0FF </p><p>$109.99</p><a href="https://www.amazon.com/dp/B07WP376TG?tag=eloabder-20&linkCode=osi&th=1&psc=1">View Product</a></div><div class="product"><a href="https://www.amazon.com/dp/B00F2CGXGG?tag=eloabder-20&linkCode=osi&th=1&psc=1"><img src="https://m.media-amazon.com/images/I/41gldz3g2lS._SL500_.jpg" alt="Product Image"></a><p>DEWALT (DWE7491RS) 10-Inch Table Saw, 32-1/2-Inch Rip Capacity, Yellow/Black/Silver</p><p> -18% 0FF </p><p>$549.00</p><a href="https://www.amazon.com/dp/B00F2CGXGG?tag=eloabder-20&linkCode=osi&th=1&psc=1">View Product</a></div><div class="product"><a href="https://www.amazon.com/dp/B086SRQVVM?tag=eloabder-20&linkCode=osi&th=1&psc=1"><img src="https://m.media-amazon.com/images/I/41dsapo-W7L._SL500_.jpg" alt="Product Image"></a><p>Electric Circular Saw, HYCHIKA 6.2A Mini Circular Saw with 3 Blades(4-1/2‚Äù), Compact Hand Saw Max Cutting Depth 1-7/8'' (90¬∞), Rubber Handle, 10 Feet Cord, Fit for Wood Soft Metal Plastic Cuts</p><p> -22% 0FF </p><p>$54.38</p><a href="https://www.amazon.com/dp/B086SRQVVM?tag=eloabder-20&linkCode=osi&th=1&psc=1">View Product</a></div>
<div class="product"><a href="https://www.amazon.com/dp/B00RVZ7DNO?tag=eloabder-20&linkCode=osi&th=1&psc=1"><img src="https://m.media-amazon.com/images/I/41WHxI6Z+bL._SL500_.jpg" alt="Product Image"></a><p>DEWALT Angle Grinder, 4.5 Inch, 11 Amp, With Paddle Switch (DWE402)</p><p> -19% 0FF </p><p>$88.82</p><a href="https://www.amazon.com/dp/B00RVZ7DNO?tag=eloabder-20&linkCode=osi&th=1&psc=1">View Product</a></div><div class="product"><a href="https://www.amazon.com/dp/B07L21GNHL?tag=eloabder-20&linkCode=osi&th=1&psc=1"><img src="https://m.media-amazon.com/images/I/5199mmz0eBS._SL500_.jpg" alt="Product Image"></a><p>Metabo HPT 4-1/2-Inch Angle Grinder, Includes 5 Grinding Wheels & Hard Case, 6.2-Amp Motor, Compact & Lightweight, G12SR4</p><p> -20% 0FF </p><p>$39.00</p><a href="https://www.amazon.com/dp/B07L21GNHL?tag=eloabder-20&linkCode=osi&th=1&psc=1">View Product</a></div><div class="product"><a href="https://www.amazon.com/dp/B009ELXH1K?tag=eloabder-20&linkCode=osi&th=1&psc=1"><img src="https://m.media-amazon.com/images/I/41xbd2K1xkL._SL500_.jpg" alt="Product Image"></a><p>DEWALT Angle Grinder, One-Touch Guard, 4-1/2 -Inch (DWE4011)</p><p> -11% 0FF </p><p>$79.00</p><a href="https://www.amazon.com/dp/B009ELXH1K?tag=eloabder-20&linkCode=osi&th=1&psc=1">View Product</a></div><div class="product"><a href="https://www.amazon.com/dp/B06WW85XHR?tag=eloabder-20&linkCode=osi&th=1&psc=1"><img src="https://m.media-amazon.com/images/I/41IyxzFrgQL._SL500_.jpg" alt="Product Image"></a><p>DEWALT Angle Grinder Tool, 4-1/2-Inch to 5-Inch, Trigger Switch (DWE43116)</p><p> -20% 0FF </p><p>$134.93</p><a href="https://www.amazon.com/dp/B06WW85XHR?tag=eloabder-20&linkCode=osi&th=1&psc=1">View Product</a></div><div class="product"><a href="https://www.amazon.com/dp/B0002SRK6M?tag=eloabder-20&linkCode=osi&th=1&psc=1"><img src="https://m.media-amazon.com/images/I/31rUdEYHfiL._SL500_.jpg" alt="Product Image"></a><p>DEWALT Angle Grinder, 7-Inch, 13-Amp, 8,000 RPM, With Dust Ejection System, Corded (DW840)</p><p> -18% 0FF </p><p>$122.13</p><a href="https://www.amazon.com/dp/B0002SRK6M?tag=eloabder-20&linkCode=osi&th=1&psc=1">View Product</a></div><div class="product"><a href="https://www.amazon.com/dp/B01HD4EH4A?tag=eloabder-20&linkCode=osi&th=1&psc=1"><img src="https://m.media-amazon.com/images/I/31bCbZzbjxL._SL500_.jpg" alt="Product Image"></a><p>BOSCH GWS8-45 4-1/2 Inch 7.5 Amp Angle Grinder</p><p> -15% 0FF </p><p>$58.98</p><a href="https://www.amazon.com/dp/B01HD4EH4A?tag=eloabder-20&linkCode=osi&th=1&psc=1">View Product</a></div><div class="product"><a href="https://www.amazon.com/dp/B09MCMN9SJ?tag=eloabder-20&linkCode=osi&th=1&psc=1"><img src="https://m.media-amazon.com/images/I/51bilvYEN5L._SL500_.jpg" alt="Product Image"></a><p>7.5Amp 4-1/2 Inch 12000 RPM Angle Grinder with 2 Guards, 3 Cutting Wheels, 3 Discs, Non-Slip Handle and Carbon Brush for Metal and Wood</p><p> -13% 0FF </p><p>$39.99</p><a href="https://www.amazon.com/dp/B09MCMN9SJ?tag=eloabder-20&linkCode=osi&th=1&psc=1">View Product</a></div><div class="product"><a href="https://www.amazon.com/dp/B01FJLKS1K?tag=eloabder-20&linkCode=osi&th=1&psc=1"><img src="https://m.media-amazon.com/images/I/41OMZZp7LWL._SL500_.jpg" alt="Product Image"></a><p>WEN 944 7-Amp Angle Grinder, 4-1/2", Grey,black,orange</p><p> -30% 0FF </p><p>$24.35</p><a href="https://www.amazon.com/dp/B01FJLKS1K?tag=eloabder-20&linkCode=osi&th=1&psc=1">View Product</a></div>
<div class="product"><a href="https://www.amazon.com/dp/B07FDL1TW5?tag=eloabder-20&linkCode=osi&th=1&psc=1"><img src="https://m.media-amazon.com/images/I/51OYzHg15RL._SL500_.jpg" alt="Product Image"></a><p>SKIL Corded Multi-Function Detail Sander with Micro-Filter Dust Box 3 Additional Attachments & 12pc Sanding Sheet- SR232301</p><p> -27% 0FF </p><p>$29.00</p><a href="https://www.amazon.com/dp/B07FDL1TW5?tag=eloabder-20&linkCode=osi&th=1&psc=1">View Product</a></div><div class="product"><a href="https://www.amazon.com/dp/B0858C7X3M?tag=eloabder-20&linkCode=osi&th=1&psc=1"><img src="https://m.media-amazon.com/images/I/41-u+iAaY0L._SL500_.jpg" alt="Product Image"></a><p>DEWALT Random Orbit Sander, Variable Speed, 5-Inch (DWE6423)</p><p> -29% 0FF </p><p>$69.99</p><a href="https://www.amazon.com/dp/B0858C7X3M?tag=eloabder-20&linkCode=osi&th=1&psc=1">View Product</a></div><div class="product"><a href="https://www.amazon.com/dp/B01ALMMJH8?tag=eloabder-20&linkCode=osi&th=1&psc=1"><img src="https://m.media-amazon.com/images/I/41c+p-fOD8L._SL500_.jpg" alt="Product Image"></a><p>DEWALT Electric Sander, 1/4-Inch Sheet, (DWE6411)</p><p> -17% 0FF </p><p>$53.64</p><a href="https://www.amazon.com/dp/B01ALMMJH8?tag=eloabder-20&linkCode=osi&th=1&psc=1">View Product</a></div><div class="product"><a href="https://www.amazon.com/dp/B07JQM7C28?tag=eloabder-20&linkCode=osi&th=1&psc=1"><img src="https://m.media-amazon.com/images/I/41dKlVcpqTL._SL500_.jpg" alt="Product Image"></a><p>DEWALT 20V MAX Orbital Sander, Tool Only (DCW210B)</p><p> -41% 0FF </p><p>$105.00</p><a href="https://www.amazon.com/dp/B07JQM7C28?tag=eloabder-20&linkCode=osi&th=1&psc=1">View Product</a></div><div class="product"><a href="https://www.amazon.com/dp/B07KL4QGSQ?tag=eloabder-20&linkCode=osi&th=1&psc=1"><img src="https://m.media-amazon.com/images/I/41Ucr142bJL._SL500_.jpg" alt="Product Image"></a><p>WEN Benchtop Belt and Disc Sander with 4 x 36 in. Belt, 6 in. Disc and Cast Iron Base (6502T)</p><p> -27% 0FF </p><p>$98.80</p><a href="https://www.amazon.com/dp/B07KL4QGSQ?tag=eloabder-20&linkCode=osi&th=1&psc=1">View Product</a></div><div class="product"><a href="https://www.amazon.com/dp/B00OJWLVM6?tag=eloabder-20&linkCode=osi&th=1&psc=1"><img src="https://m.media-amazon.com/images/I/41uzJE+Q03L._SL500_.jpg" alt="Product Image"></a><p>BLACK+DECKER 2.0 Amp Electric 1/4 Sheet Orbit Sander (BDEQS300)</p><p> -29% 0FF </p><p>$28.41</p><a href="https://www.amazon.com/dp/B00OJWLVM6?tag=eloabder-20&linkCode=osi&th=1&psc=1">View Product</a></div>
<div class="product"><a href="https://www.amazon.com/dp/B0DC68CKKH?tag=eloabder-20&linkCode=osi&th=1&psc=1"><img src="https://m.media-amazon.com/images/I/41gqGPLD28L._SL500_.jpg" alt="Product Image"></a><p>VEVOR Air Compressor 80 Gallon, 6.5HP 15.5SCFM@90 PSI, 2-Stage 145PSI Oil Free Stationary Air Compressor Tank, 86dB Quiet Compressor for Industrial Manufacturing, Construction Sites (3-Phase Power)</p><p> -6% 0FF </p><p>$1,141.99</p><a href="https://www.amazon.com/dp/B0DC68CKKH?tag=eloabder-20&linkCode=osi&th=1&psc=1">View Product</a></div><div class="product"><a href="https://www.amazon.com/dp/B0CSZ1NVW4?tag=eloabder-20&linkCode=osi&th=1&psc=1"><img src="https://m.media-amazon.com/images/I/41RAQPUKmVL._SL500_.jpg" alt="Product Image"></a><p>FYPower Air Compressor Whip Hose 3/8 Inch x 10 Feet Lead in Hybrid Hose with Fittings, Flexible and Kink Resistant, 1/4" Industrial Quick Coupler and Plug Kit - Red</p><p> -50% 0FF </p><p>$9.49</p><a href="https://www.amazon.com/dp/B0CSZ1NVW4?tag=eloabder-20&linkCode=osi&th=1&psc=1">View Product</a></div><div class="product"><a href="https://www.amazon.com/dp/B0D1QK5ZKD?tag=eloabder-20&linkCode=osi&th=1&psc=1"><img src="https://m.media-amazon.com/images/I/41lJM5B8d2L._SL500_.jpg" alt="Product Image"></a><p>Uharbour Air Compressor Hose 1/4" x 50 Feet, 1/4 Air Hose PVC/Rubber Hybrid, Air Hose for Compressor with 1/4" MNPT Brass Fitting, Air Hose 50 ft for Air Compressor</p><p> -50% 0FF </p><p>$11.49 ($0.23 / Foot)</p><a href="https://www.amazon.com/dp/B0D1QK5ZKD?tag=eloabder-20&linkCode=osi&th=1&psc=1">View Product</a></div><div class="product"><a href="https://www.amazon.com/dp/B0CQ1ZXN5N?tag=eloabder-20&linkCode=osi&th=1&psc=1"><img src="https://m.media-amazon.com/images/I/413MD4U9LOL._SL500_.jpg" alt="Product Image"></a><p>DEWENWILS 3/8 Inch x 50FT Hybrid Air Hose 300 PSI, Heavy Duty Air Compressor Hose with 1/4" Industrial Quick Coupler Fittings, Flexible and Kink Resistant Air Hose (Red)</p><p> -50% 0FF </p><p>$16.24 ($0.32 / Foot)</p><a href="https://www.amazon.com/dp/B0CQ1ZXN5N?tag=eloabder-20&linkCode=osi&th=1&psc=1">View Product</a></div><div class="product"><a href="https://www.amazon.com/dp/B0CHB3GDSV?tag=eloabder-20&linkCode=osi&th=1&psc=1"><img src="https://m.media-amazon.com/images/I/41TgWdqGdPL._SL500_.jpg" alt="Product Image"></a><p>Giraffe Tools TA15BPLUS Retractable Air Hose Reel with Swivel Bracket 3/8" x 50 ft Hybrid Hose, Ceiling/Wall Mounted Heavy Duty Industrial Air Compressor Hose Reel, 300PSI, 50ft</p><p> -9% 0FF </p><p>$99.99</p><a href="https://www.amazon.com/dp/B0CHB3GDSV?tag=eloabder-20&linkCode=osi&th=1&psc=1">View Product</a></div><div class="product"><a href="https://www.amazon.com/dp/B08PDT69XS?tag=eloabder-20&linkCode=osi&th=1&psc=1"><img src="https://m.media-amazon.com/images/I/41a6Z-s1uhL._SL500_.jpg" alt="Product Image"></a><p>Craftsman 20-piece Air Accessory Kit</p><p> -24% 0FF </p><p>$33.28</p><a href="https://www.amazon.com/dp/B08PDT69XS?tag=eloabder-20&linkCode=osi&th=1&psc=1">View Product</a></div><div class="product"><a href="https://www.amazon.com/dp/B07MBY35K6?tag=eloabder-20&linkCode=osi&th=1&psc=1"><img src="https://m.media-amazon.com/images/I/41wG+631zAL._SL500_.jpg" alt="Product Image"></a><p>AZUNO Digital Tire Inflator with Pressure Gauge, 200 PSI (0.1 Res) w/LED Flashlight, Heavy Duty Air Compressor Accessories 7pcs Set, w/Lock on Air Dual Head Chuck and 90¬∞ Tire Valve</p><p> -6% 0FF </p><p>$25.99</p><a href="https://www.amazon.com/dp/B07MBY35K6?tag=eloabder-20&linkCode=osi&th=1&psc=1">View Product</a></div>
<div class="product"><a href="https://www.amazon.com/dp/B0918CSK8N?tag=eloabder-20&linkCode=osi&th=1&psc=1"><img src="https://m.media-amazon.com/images/I/51PHon751vL._SL500_.jpg" alt="Product Image"></a><p>TOOLPEAK 1/4 inch angle air die grinder with 22 pcs 2-inch roll lock sanding discs, polished color angle pneumatic die grinder, air die grinder kit</p><p> -5% 0FF </p><p>$38.57</p><a href="https://www.amazon.com/dp/B0918CSK8N?tag=eloabder-20&linkCode=osi&th=1&psc=1">View Product</a></div><div class="product"><a href="https://www.amazon.com/dp/B000VZAENC?tag=eloabder-20&linkCode=osi&th=1&psc=1"><img src="https://m.media-amazon.com/images/I/21onsePfIFL._SL500_.jpg" alt="Product Image"></a><p>Ingersoll Rand 114GQC Quick Change Air Hammer 3-Piece Chisel Set, 3500 BPM, 2-5/8" Stroke, .401 Shank</p><p> -13% 0FF </p><p>$64.99</p><a href="https://www.amazon.com/dp/B000VZAENC?tag=eloabder-20&linkCode=osi&th=1&psc=1">View Product</a></div><div class="product"><a href="https://www.amazon.com/dp/B079FCZT4N?tag=eloabder-20&linkCode=osi&th=1&psc=1"><img src="https://m.media-amazon.com/images/I/41MB8jWnISS._SL500_.jpg" alt="Product Image"></a><p>WEN 61721 18-Gauge 3/8-Inch to 2-Inch Pneumatic Brad Nailer</p><p> -38% 0FF </p><p>$27.99</p><a href="https://www.amazon.com/dp/B079FCZT4N?tag=eloabder-20&linkCode=osi&th=1&psc=1">View Product</a></div><div class="product"><a href="https://www.amazon.com/dp/B00OK3TWUW?tag=eloabder-20&linkCode=osi&th=1&psc=1"><img src="https://m.media-amazon.com/images/I/314nu+8-0xL._SL500_.jpg" alt="Product Image"></a><p>DEWALT Grinder Tool, Self-locking Touch Control, 3-Inch (DWMT70784)</p><p> -66% 0FF </p><p>$42.84</p><a href="https://www.amazon.com/dp/B00OK3TWUW?tag=eloabder-20&linkCode=osi&th=1&psc=1">View Product</a></div><div class="product"><a href="https://www.amazon.com/dp/B008JYRDEU?tag=eloabder-20&linkCode=osi&th=1&psc=1"><img src="https://m.media-amazon.com/images/I/316BGYzWEtL._SL500_.jpg" alt="Product Image"></a><p>Ingersoll Rand 301B 1/4-Inch Right-Angle Air Die Grinder</p><p> -17% 0FF </p><p>$66.55</p><a href="https://www.amazon.com/dp/B008JYRDEU?tag=eloabder-20&linkCode=osi&th=1&psc=1">View Product</a></div><div class="product"><a href="https://www.amazon.com/dp/B07MSL5X4W?tag=eloabder-20&linkCode=osi&th=1&psc=1"><img src="https://m.media-amazon.com/images/I/41Q7jIwxfQS._SL500_.jpg" alt="Product Image"></a><p>Metabo HPT Palm Nailer | Pro Preferred Brand of Pneumatic Nailers | Over-molded Rubber Grip | 360 Degree Swivel Fitting | Magnetic Nose | Ideal For Tight Spaces | 5-Year Warranty | NH90AB</p><p> -20% 0FF </p><p>$39.00</p><a href="https://www.amazon.com/dp/B07MSL5X4W?tag=eloabder-20&linkCode=osi&th=1&psc=1">View Product</a></div><div class="product"><a href="https://www.amazon.com/dp/B09XQ9Z1B9?tag=eloabder-20&linkCode=osi&th=1&psc=1"><img src="https://m.media-amazon.com/images/I/61exAD7KuDL._SL500_.jpg" alt="Product Image"></a><p>Air Cut Off Tool with 5Pcs 3-inch Die Grinder Cut-Off Wheels, Pneumatic Metal Sheet Cutting Tool, Heavy Duty Air Cutter Cut off Tool</p><p> -9% 0FF </p><p>$31.99</p><a href="https://www.amazon.com/dp/B09XQ9Z1B9?tag=eloabder-20&linkCode=osi&th=1&psc=1">View Product</a></div><div class="product"><a href="https://www.amazon.com/dp/B0CWV1M883?tag=eloabder-20&linkCode=osi&th=1&psc=1"><img src="https://m.media-amazon.com/images/I/415GvPJJSYL._SL500_.jpg" alt="Product Image"></a><p>Pneumatic Chamfering Tool Handheld, Mini Air-Powered Chamfering Machine Trimming, 45¬∞ Arc Corner with 1/4 Inch Air Inlet for Metal Wood Beveling Deburring (C&R Angle Blades)</p><p> -7% 0FF </p><p>$51.99</p><a href="https://www.amazon.com/dp/B0CWV1M883?tag=eloabder-20&linkCode=osi&th=1&psc=1">View Product</a></div>
<div class="product"><a href="https://www.amazon.com/dp/B0BZNPPBBN?tag=eloabder-20&linkCode=osi&th=1&psc=1"><img src="https://m.media-amazon.com/images/I/51U1TjcJAVL._SL500_.jpg" alt="Product Image"></a><p>6 Pack Hydraulic Seal Installation Tools, Hydraulic Cylinder Piston Repair Rebuild Seal Kit, U-Cup Rod Seal Installation Tool Kits Upgraded Super Strong Seal Twistor Install Tool Set</p><p> -5% 0FF </p><p>$38.99</p><a href="https://www.amazon.com/dp/B0BZNPPBBN?tag=eloabder-20&linkCode=osi&th=1&psc=1">View Product</a></div>
<div class="product"><a href="https://www.amazon.com/dp/B008ASBLJI?tag=eloabder-20&linkCode=osi&th=1&psc=1"><img src="https://m.media-amazon.com/images/I/4191b6i6byL._SL500_.jpg" alt="Product Image"></a><p>Forearm Forklift 2-Person Lifting and Moving Straps; Lift, Move and Carry Furniture, Appliances, Mattresses or Any Item up to 800 lbs. Safely and Easily Like a Pro, Orange</p><p> -33% 0FF </p><p>$19.99</p><a href="https://www.amazon.com/dp/B008ASBLJI?tag=eloabder-20&linkCode=osi&th=1&psc=1">View Product</a></div><div class="product"><a href="https://www.amazon.com/dp/B01G6C1R8O?tag=eloabder-20&linkCode=osi&th=1&psc=1"><img src="https://m.media-amazon.com/images/I/41BBAL4ekvS._SL500_.jpg" alt="Product Image"></a><p>Gymreapers Knee Sleeves (1 Pair) With Gym Bag - IPF Approved - Knee Sleeve & Compression Brace for Squats, Fitness, Weightlifting, and Powerlifting 7MM Sleeve Pair - For Men & Women (Large)</p><p> -14% 0FF </p><p>$59.99</p><a href="https://www.amazon.com/dp/B01G6C1R8O?tag=eloabder-20&linkCode=osi&th=1&psc=1">View Product</a></div><div class="product"><a href="https://www.amazon.com/dp/B0CB8NRQNJ?tag=eloabder-20&linkCode=osi&th=1&psc=1"><img src="https://m.media-amazon.com/images/I/41TGm-OVXtL._SL500_.jpg" alt="Product Image"></a><p>HOLKIE Retractable Casters Heavy Duty Casters with Lifting and Lowering Function Maximum Load of 700 lbs (4 casters) for Workbenches or Other Equipment</p><p> -13% 0FF </p><p>$25.99 ($6.50 / Count)</p><a href="https://www.amazon.com/dp/B0CB8NRQNJ?tag=eloabder-20&linkCode=osi&th=1&psc=1">View Product</a></div>
<div class="product"><a href="https://www.amazon.com/dp/B08669YYV7?tag=eloabder-20&linkCode=osi&th=1&psc=1"><img src="https://m.media-amazon.com/images/I/51UV5G4XfgL._SL500_.jpg" alt="Product Image"></a><p>RoMech 660lb Digital Hanging Scale with Cast Aluminum Case, Handheld 300Kg Mini Crane Scale with Hooks for Farm Hunting Fishing Outdoor (Orange)</p><p> -25% 0FF </p><p>$29.99</p><a href="https://www.amazon.com/dp/B08669YYV7?tag=eloabder-20&linkCode=osi&th=1&psc=1">View Product</a></div><div class="product"><a href="https://www.amazon.com/dp/B0CMHX7Q2X?tag=eloabder-20&linkCode=osi&th=1&psc=1"><img src="https://m.media-amazon.com/images/I/31NOuexL2YL._SL500_.jpg" alt="Product Image"></a><p>VEVOR Crane Scale, Hanging Scale Industrial Heavy Duty, Digital Crane Scale with Remote Control, Cast Aluminum Case & LED Screen, 2200 lbs/1000 kg,High Precision for Construction, Factory, Farm</p><p> -10% 0FF </p><p>$66.59</p><a href="https://www.amazon.com/dp/B0CMHX7Q2X?tag=eloabder-20&linkCode=osi&th=1&psc=1">View Product</a></div>
<div class="product"><a href="https://www.amazon.com/dp/B0CQCDVKJ1?tag=eloabder-20&linkCode=osi&th=1&psc=1"><img src="https://m.media-amazon.com/images/I/41GQHYTm0VL._SL500_.jpg" alt="Product Image"></a><p>VEVOR 2-in-1 Electric Hoist Winch, 1100 lbs Lift Capacity, 1500W Portable Power Winch Crane, 22.9 ft Lifting Height, 13 ft/min with Wired Remote Control, for Garage, Warehouse, Factory Lifting Towing</p><p> -17% 0FF </p><p>$107.99</p><a href="https://www.amazon.com/dp/B0CQCDVKJ1?tag=eloabder-20&linkCode=osi&th=1&psc=1">View Product</a></div><div class="product"><a href="https://www.amazon.com/dp/B0CT2LSGSD?tag=eloabder-20&linkCode=osi&th=1&psc=1"><img src="https://m.media-amazon.com/images/I/41-pWD30jmL._SL500_.jpg" alt="Product Image"></a><p>3 in 1 Electric Hoist Winch,2200LBS Wired and Wireless Remote Control,110/120V-Portable Power Electric Hoist,41ft Lifting Garage Lift Hoist& Pure Copper Motor,forGarage,Factories,Warehouses,Verandahs</p><p> -6% 0FF </p><p>$146.56</p><a href="https://www.amazon.com/dp/B0CT2LSGSD?tag=eloabder-20&linkCode=osi&th=1&psc=1">View Product</a></div><div class="product"><a href="https://www.amazon.com/dp/B09TW27PBZ?tag=eloabder-20&linkCode=osi&th=1&psc=1"><img src="https://m.media-amazon.com/images/I/411FSmkLWEL._SL500_.jpg" alt="Product Image"></a><p>VEVOR Electric Hoist, 440LBS Attic Hoist, Ladder Hoist, 110V Electric Hoist with 14ft Remote Control & Single/Double Slings for Lifting in Factories, Warehouses, Construction Site, Attic</p><p> -15% 0FF </p><p>$82.44</p><a href="https://www.amazon.com/dp/B09TW27PBZ?tag=eloabder-20&linkCode=osi&th=1&psc=1">View Product</a></div><div class="product"><a href="https://www.amazon.com/dp/B0C4DSHF17?tag=eloabder-20&linkCode=osi&th=1&psc=1"><img src="https://m.media-amazon.com/images/I/51EnChC+cEL._SL500_.jpg" alt="Product Image"></a><p>VEVOR 1320lbs Electric Hoist with Wireless Remote Control,110v Electric Hoist with Remote Control, 40ft/20ft Lifting Height & Pure Copper Motor, for Garage Warehouse Factory</p><p> -12% 0FF </p><p>$112.49</p><a href="https://www.amazon.com/dp/B0C4DSHF17?tag=eloabder-20&linkCode=osi&th=1&psc=1">View Product</a></div>
<div class="product"><a href="https://www.amazon.com/dp/B08GQ9VXKK?tag=eloabder-20&linkCode=osi&th=1&psc=1"><img src="https://m.media-amazon.com/images/I/51D47aU7KVL._SL500_.jpg" alt="Product Image"></a><p>Sidasu Forklift Safety Cage 36x36 Inches Forklift Work Platform 1200LBS Capacity with 4 Wheels Aerial Platform Collapsible Lift Basket Aerial Rails for Lifting Loader</p><p> -11% 0FF </p><p>$159.99</p><a href="https://www.amazon.com/dp/B08GQ9VXKK?tag=eloabder-20&linkCode=osi&th=1&psc=1">View Product</a></div><div class="product"><a href="https://www.amazon.com/dp/B0CRYQTYPQ?tag=eloabder-20&linkCode=osi&th=1&psc=1"><img src="https://m.media-amazon.com/images/I/51wrhc6U5NL._SL500_.jpg" alt="Product Image"></a><p>Santiano Forklift Cover,All-Weather Use, Multi-Functional, No Disassembly, Waterproof, Dustproof, Wind & Snow Protection,600D Oxford&EVA Eco-Friendly Material - Work Year-Round!Up to 6000 Lbs</p><p> -10% 0FF </p><p>$89.99</p><a href="https://www.amazon.com/dp/B0CRYQTYPQ?tag=eloabder-20&linkCode=osi&th=1&psc=1">View Product</a></div>
<div class="product"><a href="https://www.amazon.com/dp/B0D3LGSK5H?tag=eloabder-20&linkCode=osi&th=1&psc=1"><img src="https://m.media-amazon.com/images/I/41Stu0GX-WL._SL500_.jpg" alt="Product Image"></a><p>VEVOR Belt Conveyor, 47 x 7.8 inch Conveyor Table, Heavy Duty Stainless Steel Motorized Belt Conveyor for Inkjet Coding Applications Powered PVC Belt Anti-Static Adjustable Speed (Double Guardrail)</p><p> -30% 0FF </p><p>$168.99</p><a href="https://www.amazon.com/dp/B0D3LGSK5H?tag=eloabder-20&linkCode=osi&th=1&psc=1">View Product</a></div><div class="product"><a href="https://www.amazon.com/dp/B0D7Q3GX1Q?tag=eloabder-20&linkCode=osi&th=1&psc=1"><img src="https://m.media-amazon.com/images/I/41FysGv+h2L._SL500_.jpg" alt="Product Image"></a><p>biosp Adjustable Conveyor Roller Stand with Wheels, Conveyor System Table Height Adjusts between 23'' and 36'', Infeed/Outfeed Support Expandable Gravity Conveyor Belt 300 lbs Load Weight Capacity</p><p> -27% 0FF </p><p>$134.99</p><a href="https://www.amazon.com/dp/B0D7Q3GX1Q?tag=eloabder-20&linkCode=osi&th=1&psc=1">View Product</a></div>
<div class="product"><a href="https://www.amazon.com/dp/B085X1KRSY?tag=eloabder-20&linkCode=osi&th=1&psc=1"><img src="https://m.media-amazon.com/images/I/31zzyc8v40L._SL500_.jpg" alt="Product Image"></a><p>Rhino Cart All Terrain Mover - All Terrain Moving Dolly for Heavy Appliance, Furniture, and Building Material Handling with 2,000lb Load Rating</p><p> -11% 0FF </p><p>$141.86</p><a href="https://www.amazon.com/dp/B085X1KRSY?tag=eloabder-20&linkCode=osi&th=1&psc=1">View Product</a></div><div class="product"><a href="https://www.amazon.com/dp/B097K7JG56?tag=eloabder-20&linkCode=osi&th=1&psc=1"><img src="https://m.media-amazon.com/images/I/51L7oLmBU6L._SL500_.jpg" alt="Product Image"></a><p>XClifes Labor-Saving Handle 2 Pack, 12 in Construction Jack, Wall Tile Locator, Multi-Function Height Adjustment Lifting Device, Door Panel Lifting Cabinet Jack, Raised by 6.69 in,Dynamic Load 450 LB</p><p> -70% 0FF </p><p>$41.99</p><a href="https://www.amazon.com/dp/B097K7JG56?tag=eloabder-20&linkCode=osi&th=1&psc=1">View Product</a></div>
<div class="product"><a href="https://www.amazon.com/dp/B0C73SXNLS?tag=eloabder-20&linkCode=osi&th=1&psc=1"><img src="https://m.media-amazon.com/images/I/51wYIKHX3sL._SL500_.jpg" alt="Product Image"></a><p>Space Saving Hangers, 10PCS Magic Hangers, 5 Holes Sturdy Plastic Hanger Clothes Organizer, Closet Organizers and Storage, Space Saver Hangers Organization, College Dorm Room Essentials (Gray)</p><p> -60% 0FF </p><p>$7.97</p><a href="https://www.amazon.com/dp/B0C73SXNLS?tag=eloabder-20&linkCode=osi&th=1&psc=1">View Product</a></div><div class="product"><a href="https://www.amazon.com/dp/B0BS3JQFBN?tag=eloabder-20&linkCode=osi&th=1&psc=1"><img src="https://m.media-amazon.com/images/I/51B12NhX-VL._SL500_.jpg" alt="Product Image"></a><p>HUITEM Space Saving 6 Tier Pant Hangers, Anti-Slip, Stainless Steel, 2 Pack, Black</p><p> -37% 0FF </p><p>$16.99 ($8.50 / Count)</p><a href="https://www.amazon.com/dp/B0BS3JQFBN?tag=eloabder-20&linkCode=osi&th=1&psc=1">View Product</a></div><div class="product"><a href="https://www.amazon.com/dp/B091KFT7WN?tag=eloabder-20&linkCode=osi&th=1&psc=1"><img src="https://m.media-amazon.com/images/I/415blLO8QrS._SL500_.jpg" alt="Product Image"></a><p>Magic Pants Hangers Space Saving - 2 Pack for Closet Multiple Layers Multifunctional Uses Rack Organizer for Trousers Scarves Slack (2 Pack with 10 Metal Clips)</p><p> -32% 0FF </p><p>$17.59 ($8.80 / Count)</p><a href="https://www.amazon.com/dp/B091KFT7WN?tag=eloabder-20&linkCode=osi&th=1&psc=1">View Product</a></div><div class="product"><a href="https://www.amazon.com/dp/B0CX56DY6R?tag=eloabder-20&linkCode=osi&th=1&psc=1"><img src="https://m.media-amazon.com/images/I/41lm5CT5cBL._SL500_.jpg" alt="Product Image"></a><p>ZEDODIER Tank Top Hanger, Rotatable Bra Organzier for Closet, Max 24 Storage Capacity Sport Bra Holder, Metal Space Saving Closet Organizers and Storage, Silver</p><p> -20% 0FF </p><p>$7.99</p><a href="https://www.amazon.com/dp/B0CX56DY6R?tag=eloabder-20&linkCode=osi&th=1&psc=1">View Product</a></div><div class="product"><a href="https://www.amazon.com/dp/B0CPPHDVDJ?tag=eloabder-20&linkCode=osi&th=1&psc=1"><img src="https://m.media-amazon.com/images/I/51sbXFj+BoL._SL500_.jpg" alt="Product Image"></a><p>2 Pack Closet-Organizers-and-Storage,6 Tier Mens-Shorts Pants-Hangers-Space-Saving,Skirt-Hangers with Clips for Closet Organizer,College-Dorm-Room-Essentials,Closet Storage Jean Yoga Legging Hanger</p><p> -8% 0FF </p><p>$11.99</p><a href="https://www.amazon.com/dp/B0CPPHDVDJ?tag=eloabder-20&linkCode=osi&th=1&psc=1">View Product</a></div>
<div class="product"><a href="https://www.amazon.com/dp/B0B7KTX5LC?tag=eloabder-20&linkCode=osi&th=1&psc=1"><img src="https://m.media-amazon.com/images/I/51JTXlpt4rL._SL500_.jpg" alt="Product Image"></a><p>Bezuny 72" H|36" W All-Metal Garage Shelving Unit and Storage-Easy Assembly Shelves 5-Tier Rack|Heavy-Duty Adjustable Shelf|Steel Waterproof Rust-Resistant Shelves for Industrial,Warehouse,Basement</p><p> -30% 0FF </p><p>$69.99</p><a href="https://www.amazon.com/dp/B0B7KTX5LC?tag=eloabder-20&linkCode=osi&th=1&psc=1">View Product</a></div><div class="product"><a href="https://www.amazon.com/dp/B0B5S3PH6P?tag=eloabder-20&linkCode=osi&th=1&psc=1"><img src="https://m.media-amazon.com/images/I/51jO-STn4XL._SL500_.jpg" alt="Product Image"></a><p>REIBII Garage Shelving, 72" Garage Storage Shelves Heavy Duty Shelving Units and Storage Loads 2500LBS, Adjustable 5 Tier Metal Shelving for Garage Shelves, Utility Shelf Rack, 72" H*35.5" W*16" D</p><p> -20% 0FF </p><p>$79.85</p><a href="https://www.amazon.com/dp/B0B5S3PH6P?tag=eloabder-20&linkCode=osi&th=1&psc=1">View Product</a></div><div class="product"><a href="https://www.amazon.com/dp/B0B6BDKTLB?tag=eloabder-20&linkCode=osi&th=1&psc=1"><img src="https://m.media-amazon.com/images/I/51ku-TmYb3L._SL500_.jpg" alt="Product Image"></a><p>REIBII 36" W x 16" D x 72" H Garage Shelving 2500LBS Capacity Adjustable 5-Tier Heavy Duty Metal Shelving Rack Shelf for Garage,Shed, Pantry, Basement,2 Pack</p><p> -40% 0FF </p><p>$117.99</p><a href="https://www.amazon.com/dp/B0B6BDKTLB?tag=eloabder-20&linkCode=osi&th=1&psc=1">View Product</a></div>
<div class="product"><a href="https://www.amazon.com/dp/B0BV5K3K6V?tag=eloabder-20&linkCode=osi&th=1&psc=1"><img src="https://m.media-amazon.com/images/I/41lZ9MOqYgL._SL500_.jpg" alt="Product Image"></a><p>Pro-Lift Garage Storage Shelves - Heavy Duty 4-Tier Adjustable Metal Wire Shelving Units with 8000 lbs Total Capacity for Garage Basement Racking Organization - 72" H X 77" W X 24" D</p><p> -10% 0FF </p><p>$404.99</p><a href="https://www.amazon.com/dp/B0BV5K3K6V?tag=eloabder-20&linkCode=osi&th=1&psc=1">View Product</a></div><div class="product"><a href="https://www.amazon.com/dp/B0BV6P81V5?tag=eloabder-20&linkCode=osi&th=1&psc=1"><img src="https://m.media-amazon.com/images/I/41cJ52D8IXL._SL500_.jpg" alt="Product Image"></a><p>Pro-LifT Garage Storage Shelves - Heavy Duty 3-Tier Adjustable Metal Wire Shelving Units with 3000 lbs Total Capacity for Garage Basement Racking Organization - 48" H X 48" W X 24" D</p><p> -10% 0FF </p><p>$269.99</p><a href="https://www.amazon.com/dp/B0BV6P81V5?tag=eloabder-20&linkCode=osi&th=1&psc=1">View Product</a></div><div class="product"><a href="https://www.amazon.com/dp/B099RT478T?tag=eloabder-20&linkCode=osi&th=1&psc=1"><img src="https://m.media-amazon.com/images/I/51qH610h91L._SL500_.jpg" alt="Product Image"></a><p>FLEXIMOUNTS Garage Shelving, 3-Tier Heavy Duty Adjustable Shelf, 4650 lbs Weight Capacity Storage Rack, 4 Feet Tall Industrial Metal Shelving</p><p> -20% 0FF </p><p>$159.99</p><a href="https://www.amazon.com/dp/B099RT478T?tag=eloabder-20&linkCode=osi&th=1&psc=1">View Product</a></div><div class="product"><a href="https://www.amazon.com/dp/B0BVB3KSF8?tag=eloabder-20&linkCode=osi&th=1&psc=1"><img src="https://m.media-amazon.com/images/I/41OiNKSrE9L._SL500_.jpg" alt="Product Image"></a><p>Pro-LifT Garage Storage Shelves - Heavy Duty 5-Tier Adjustable Metal Wire Shelving Units with 4000 lbs Total Capacity for Garage Basement Racking Organization - 72" H X 48" W X 18" D</p><p> -21% 0FF </p><p>$172.90</p><a href="https://www.amazon.com/dp/B0BVB3KSF8?tag=eloabder-20&linkCode=osi&th=1&psc=1">View Product</a></div><div class="product"><a href="https://www.amazon.com/dp/B00EZEN2KW?tag=eloabder-20&linkCode=osi&th=1&psc=1"><img src="https://m.media-amazon.com/images/I/41NZ6KW-NBL._SL500_.jpg" alt="Product Image"></a><p>BestOffice 18x48x72 Storage Shelves Commercial Heavy Duty Metal Shelves Garage Organizer Wire Rack Shelving Storage Unit Shelf Adjustable Utility 6000 LBS Capacity,Chrome</p><p> -32% 0FF </p><p>$88.99</p><a href="https://www.amazon.com/dp/B00EZEN2KW?tag=eloabder-20&linkCode=osi&th=1&psc=1">View Product</a></div>
<div class="product"><a href="https://www.amazon.com/dp/B0052PPNQO?tag=eloabder-20&linkCode=osi&th=1&psc=1"><img src="https://m.media-amazon.com/images/I/41wsX9EmOEL._SL500_.jpg" alt="Product Image"></a><p>Vestil PLP2-4840-GREEN Polyethylene Pallet with 4 Way Entry 8000 lbs Capacity 40 In Length 48 In Width 6 In Height</p><p> -11% 0FF </p><p>$178.00</p><a href="https://www.amazon.com/dp/B0052PPNQO?tag=eloabder-20&linkCode=osi&th=1&psc=1">View Product</a></div>
<div class="product"><a href="https://www.amazon.com/dp/B0D3HYC8H1?tag=eloabder-20&linkCode=osi&th=1&psc=1"><img src="https://m.media-amazon.com/images/I/51g1Q8n8fvL._SL500_.jpg" alt="Product Image"></a><p>Dealusy 50 Pack (100-Piece) 24 oz Meal Prep Containers Reusable with Lids, Sturdy Leakproof & Food Safe, Microwave, Freezer, Dishwasher Safe Food Prep Containers, To Go Take Out Plastic Food Storage</p><p> -38% 0FF </p><p>$19.99 ($0.40 / Count)</p><a href="https://www.amazon.com/dp/B0D3HYC8H1?tag=eloabder-20&linkCode=osi&th=1&psc=1">View Product</a></div><div class="product"><a href="https://www.amazon.com/dp/B0BJ8DLPZ2?tag=eloabder-20&linkCode=osi&th=1&psc=1"><img src="https://m.media-amazon.com/images/I/51uDVTFjr8L._SL500_.jpg" alt="Product Image"></a><p>Axe Sickle 200 Count Clear Plastic Hinged Take Out Containers Clamshell Takeout Tray Food Clamshell Containers Outside Diameter 5.3 x 4.7 inch for Dessert, Snacksetc, Cakes, Cookies, Salads</p><p> -8% 0FF </p><p>$23.99 ($0.12 / Count)</p><a href="https://www.amazon.com/dp/B0BJ8DLPZ2?tag=eloabder-20&linkCode=osi&th=1&psc=1">View Product</a></div>
<div class="product"><a href="https://www.amazon.com/dp/B01A12J3GI?tag=eloabder-20&linkCode=osi&th=1&psc=1"><img src="https://m.media-amazon.com/images/I/51OnLlU2IyL._SL500_.jpg" alt="Product Image"></a><p>DEWALT DPG82-11 Concealer Clear Anti-Fog Dual Mold Safety Goggle, Clear Lens, 1 Pair</p><p> -6% 0FF </p><p>$12.24</p><a href="https://www.amazon.com/dp/B01A12J3GI?tag=eloabder-20&linkCode=osi&th=1&psc=1">View Product</a></div><div class="product"><a href="https://www.amazon.com/dp/B0BGSFQJF6?tag=eloabder-20&linkCode=osi&th=1&psc=1"><img src="https://m.media-amazon.com/images/I/510nceKxovL._SL500_.jpg" alt="Product Image"></a><p>TICONN 12 Clear Safety Glasses for Men, Safety Goggles with Scratch Impact Resistant Meets ANSI Z87.1 Standard (12 Pack)</p><p> -13% 0FF </p><p>$12.99</p><a href="https://www.amazon.com/dp/B0BGSFQJF6?tag=eloabder-20&linkCode=osi&th=1&psc=1">View Product</a></div>
<div class="product"><a href="https://www.amazon.com/dp/B093FJWP7J?tag=eloabder-20&linkCode=osi&th=1&psc=1"><img src="https://m.media-amazon.com/images/I/51YRhBJ7CiL._SL500_.jpg" alt="Product Image"></a><p>Personal Protective Equipment (PPE) Isolation Door Caddy, Nylon Oxford NFPA-701 Large Scale Flame Retardant Coating 18.5 X 31 Inch, Included 2 Hooks - Royal Blue (with Back Pockets)</p><p> -13% 0FF </p><p>$84.97</p><a href="https://www.amazon.com/dp/B093FJWP7J?tag=eloabder-20&linkCode=osi&th=1&psc=1">View Product</a></div>
<div class="product"><a href="https://www.amazon.com/dp/B01AWK1XAS?tag=eloabder-20&linkCode=osi&th=1&psc=1"><img src="https://m.media-amazon.com/images/I/41Oax+1e+4L._SL500_.jpg" alt="Product Image"></a><p>NoCry Clear Safety Glasses for Men and Women with Anti-Fog and Scratch Resistant Wrap Around Lenses, Adjustable Temples and Nose Pads ‚Äî Certified ANSI Z87 Safety Glasses ‚Äî 100% UV Protective Eyewear</p><p> -18% 0FF </p><p>$13.99</p><a href="https://www.amazon.com/dp/B01AWK1XAS?tag=eloabder-20&linkCode=osi&th=1&psc=1">View Product</a></div><div class="product"><a href="https://www.amazon.com/dp/B0BNHKWR6W?tag=eloabder-20&linkCode=osi&th=1&psc=1"><img src="https://m.media-amazon.com/images/I/41yahLzQNGL._SL500_.jpg" alt="Product Image"></a><p>HPYNPES Safety GlassesClear Anti-Fog Goggles Over-Spec Glasses Protective Eye Wear Industrial Approved Wide-VisionÔºà4 PACKÔºâ</p><p> -50% 0FF </p><p>$9.99</p><a href="https://www.amazon.com/dp/B0BNHKWR6W?tag=eloabder-20&linkCode=osi&th=1&psc=1">View Product</a></div><div class="product"><a href="https://www.amazon.com/dp/B08S35C88L?tag=eloabder-20&linkCode=osi&th=1&psc=1"><img src="https://m.media-amazon.com/images/I/31X6+YNSuzS._SL500_.jpg" alt="Product Image"></a><p>SolidWork Safety Glasses Clear Lens with Side Shields, Anti Fog, Anti Scratch, Anti-Glare, Protective Eyewear for Men & Women</p><p> -15% 0FF </p><p>$16.99</p><a href="https://www.amazon.com/dp/B08S35C88L?tag=eloabder-20&linkCode=osi&th=1&psc=1">View Product</a></div><div class="product"><a href="https://www.amazon.com/dp/B016KZ2APQ?tag=eloabder-20&linkCode=osi&th=1&psc=1"><img src="https://m.media-amazon.com/images/I/311+k1qPWOL._SL500_.jpg" alt="Product Image"></a><p>3M Safety Glasses Solus 1000 Series ANSI Z87 Scotchgard Anti-Fog Clear Lens Low Profile Blue/Black Frame</p><p> -12% 0FF </p><p>$15.86</p><a href="https://www.amazon.com/dp/B016KZ2APQ?tag=eloabder-20&linkCode=osi&th=1&psc=1">View Product</a></div>
<div class="product"><a href="https://www.amazon.com/dp/B001FPCUHA?tag=eloabder-20&linkCode=osi&th=1&psc=1"><img src="https://m.media-amazon.com/images/I/31F0QDXn4KL._SL500_.jpg" alt="Product Image"></a><p>Flents Foam Ear Plugs, 10 Pair with Case for Sleeping, Snoring, Loud Noise, Traveling, Concerts, Construction, & Studying, NRR 33, Purple, Made in the USA,10 Count (Pack of 1)</p><p> -51% 0FF </p><p>$3.46 ($0.35 / Count)</p><a href="https://www.amazon.com/dp/B001FPCUHA?tag=eloabder-20&linkCode=osi&th=1&psc=1">View Product</a></div><div class="product"><a href="https://www.amazon.com/dp/B004CZYJLA?tag=eloabder-20&linkCode=osi&th=1&psc=1"><img src="https://m.media-amazon.com/images/I/31N8m8qA-yL._SL500_.jpg" alt="Product Image"></a><p>Flents Foam Ear Plugs, 10 Pair with Case for Sleeping, Snoring, Loud Noise, Traveling, Concerts, Construction, & Studying, NRR 33, Green, Made in the USA</p><p> -39% 0FF </p><p>$4.26 ($0.43 / Count)</p><a href="https://www.amazon.com/dp/B004CZYJLA?tag=eloabder-20&linkCode=osi&th=1&psc=1">View Product</a></div><div class="product"><a href="https://www.amazon.com/dp/B0DCZBPB4B?tag=eloabder-20&linkCode=osi&th=1&psc=1"><img src="https://m.media-amazon.com/images/I/41YdD7Ib+fL._SL500_.jpg" alt="Product Image"></a><p>Ear plugs for Sleeping 45dB Noise Cancelling Ear plugs for Concert, Work, Travel, Focus & Noise Sensitivity Silicone Hearing Protection Earplugs with 8 Ear Tips Reusable Noise Reduction Ear plug Black</p><p> -33% 0FF </p><p>$19.99</p><a href="https://www.amazon.com/dp/B0DCZBPB4B?tag=eloabder-20&linkCode=osi&th=1&psc=1">View Product</a></div><div class="product"><a href="https://www.amazon.com/dp/B085VNX9RT?tag=eloabder-20&linkCode=osi&th=1&psc=1"><img src="https://m.media-amazon.com/images/I/51-GbKB7ecL._SL500_.jpg" alt="Product Image"></a><p>Ear Plugs for Sleeping,16 Pairs Noise Canceling Soft Reusable Silicone Earplugs Waterproof Noise Reduction Earplugs for Concert,Swimming,Study,Loud Noise,Snoring</p><p> -34% 0FF </p><p>$8.59</p><a href="https://www.amazon.com/dp/B085VNX9RT?tag=eloabder-20&linkCode=osi&th=1&psc=1">View Product</a></div><div class="product"><a href="https://www.amazon.com/dp/B07G1MWHNR?tag=eloabder-20&linkCode=osi&th=1&psc=1"><img src="https://m.media-amazon.com/images/I/51xb3+YIUzL._SL500_.jpg" alt="Product Image"></a><p>Mack's Pillow Soft Silicone Earplugs, 12 Pair ‚Äì The Original Moldable Silicone Putty Ear Plugs for Sleeping, Snoring, Swimming, Travel, Concerts and Studying | Made in USA</p><p> -15% 0FF </p><p>$10.98 ($0.92 / Count)</p><a href="https://www.amazon.com/dp/B07G1MWHNR?tag=eloabder-20&linkCode=osi&th=1&psc=1">View Product</a></div><div class="product"><a href="https://www.amazon.com/dp/B0C852XHM7?tag=eloabder-20&linkCode=osi&th=1&psc=1"><img src="https://m.media-amazon.com/images/I/41cVUZQHT1L._SL500_.jpg" alt="Product Image"></a><p>Lenicany 30Pair Soft Foam EarPlugs, 32dB Disposable Sound Blocking Noise Cancelling Ear Plugs for Sleeping/Concerts Loud Music/Shooting Guns/Work Construction, Hearing Safety Protection (Blue)</p><p> -10% 0FF </p><p>$5.39 ($0.18 / Count)</p><a href="https://www.amazon.com/dp/B0C852XHM7?tag=eloabder-20&linkCode=osi&th=1&psc=1">View Product</a></div>
<div class="product"><a href="https://www.amazon.com/dp/B007JZ1N00?tag=eloabder-20&linkCode=osi&th=1&psc=1"><img src="https://m.media-amazon.com/images/I/41xRp2ZPBML._SL500_.jpg" alt="Product Image"></a><p>3M Half Facepiece Reusable Respirator 6200, NIOSH, Four-Point Harness, Comfortable Fit, Dual Airline Supplied Air Compatible, Bayonet Connections, Painting, Sanding, Cleaning, Medium</p><p> -28% 0FF </p><p>$14.75</p><a href="https://www.amazon.com/dp/B007JZ1N00?tag=eloabder-20&linkCode=osi&th=1&psc=1">View Product</a></div><div class="product"><a href="https://www.amazon.com/dp/B00004Z4EB?tag=eloabder-20&linkCode=osi&th=1&psc=1"><img src="https://m.media-amazon.com/images/I/51AYNvsO9wL._SL500_.jpg" alt="Product Image"></a><p>3M P95/OV Paint Project Reusable Respirator 6211, Medium Size, NIOSH-APPROVED Organic Vapor Cartridge & P95 Rated Filters, Lightweight, Flexible, Thermoplastic Faceseal For Comfort (6211P1-DC)</p><p> -14% 0FF </p><p>$34.20</p><a href="https://www.amazon.com/dp/B00004Z4EB?tag=eloabder-20&linkCode=osi&th=1&psc=1">View Product</a></div><div class="product"><a href="https://www.amazon.com/dp/B00IF7RCU6?tag=eloabder-20&linkCode=osi&th=1&psc=1"><img src="https://m.media-amazon.com/images/I/41AYgABL6KL._SL500_.jpg" alt="Product Image"></a><p>3M Rugged Comfort Quick Latch Half Facepiece Reusable Respirator 6503QL, NIOSH, Cool Flow Exhalation Valve, Bayonet Connection, Silicone Face Seal, for Gases, Vapors, Dust, Maintenance, Construction,L</p><p> -23% 0FF </p><p>$28.11</p><a href="https://www.amazon.com/dp/B00IF7RCU6?tag=eloabder-20&linkCode=osi&th=1&psc=1">View Product</a></div><div class="product"><a href="https://www.amazon.com/dp/B087FCW79Y?tag=eloabder-20&linkCode=osi&th=1&psc=1"><img src="https://m.media-amazon.com/images/I/41C6rOloEmL._SL500_.jpg" alt="Product Image"></a><p>RANKSING Reusable Respirator Gas Mask Half Facepiece Shield 6200 Face Cover with Filters for Dust, Fumes, Asbestos, Chemicals and Other Airborne Particles while Painting, Spraying, Polishing and More</p><p> -40% 0FF </p><p>$17.99</p><a href="https://www.amazon.com/dp/B087FCW79Y?tag=eloabder-20&linkCode=osi&th=1&psc=1">View Product</a></div><div class="product"><a href="https://www.amazon.com/dp/B007JZ1LG6?tag=eloabder-20&linkCode=osi&th=1&psc=1"><img src="https://m.media-amazon.com/images/I/41PsiHhcy1L._SL500_.jpg" alt="Product Image"></a><p>3M Full Facepiece Reusable Respirator 6800, NIOSH, Large Lens, ANSI High Impact Eye Protection, Silicone Face Seal, Four-Point Harness, Comfortable Fit, Painting, Dust, Chemicals, Medium</p><p> -56% 0FF </p><p>$93.00</p><a href="https://www.amazon.com/dp/B007JZ1LG6?tag=eloabder-20&linkCode=osi&th=1&psc=1">View Product</a></div>
<div class="product"><a href="https://www.amazon.com/dp/B08SYM9K52?tag=eloabder-20&linkCode=osi&th=1&psc=1"><img src="https://m.media-amazon.com/images/I/41bReMzs8sL._SL500_.jpg" alt="Product Image"></a><p>Klein Tools 60347 Hard Hat, Vented Full Brim, Class C, Premium KARBN Pattern, Rechargeable Lamp, Padded Sweat-Wicking Sweatband, Top Pad</p><p> -32% 0FF </p><p>$79.99</p><a href="https://www.amazon.com/dp/B08SYM9K52?tag=eloabder-20&linkCode=osi&th=1&psc=1">View Product</a></div><div class="product"><a href="https://www.amazon.com/dp/B07FQTCYTW?tag=eloabder-20&linkCode=osi&th=1&psc=1"><img src="https://m.media-amazon.com/images/I/41xEGl20DeL._SL500_.jpg" alt="Product Image"></a><p>Pyramex HP24110 Full Brim Hard Hat 4 Point Ratchet Suspension - White, 12 Count</p><p> -6% 0FF </p><p>$109.53</p><a href="https://www.amazon.com/dp/B07FQTCYTW?tag=eloabder-20&linkCode=osi&th=1&psc=1">View Product</a></div><div class="product"><a href="https://www.amazon.com/dp/B07L6QMYGG?tag=eloabder-20&linkCode=osi&th=1&psc=1"><img src="https://m.media-amazon.com/images/I/31xNCnPSZXL._SL500_.jpg" alt="Product Image"></a><p>Pyramex Ridgeline Full Brim Hard Hat 4 Point Ratchet Vented Matte Black Graphite Pattern</p><p> -15% 0FF </p><p>$28.00</p><a href="https://www.amazon.com/dp/B07L6QMYGG?tag=eloabder-20&linkCode=osi&th=1&psc=1">View Product</a></div><div class="product"><a href="https://www.amazon.com/dp/B078B9QD55?tag=eloabder-20&linkCode=osi&th=1&psc=1"><img src="https://m.media-amazon.com/images/I/41zmuOz7-DL._SL500_.jpg" alt="Product Image"></a><p>Pyramex Ridgeline Cap Style Hard Hat 4 Point Ratchet Vented Matte Black Graphite Pattern</p><p> -21% 0FF </p><p>$27.00</p><a href="https://www.amazon.com/dp/B078B9QD55?tag=eloabder-20&linkCode=osi&th=1&psc=1">View Product</a></div>
<div class="product"><a href="https://www.amazon.com/dp/B0BW9185XF?tag=eloabder-20&linkCode=osi&th=1&psc=1"><img src="https://m.media-amazon.com/images/I/51lDE-LgnFL._SL500_.jpg" alt="Product Image"></a><p>NEOTRIL Safety Work Gloves MicroFoam Nitrile Coated-3 Pairs, Seamless Knit Nylon Bulk Pack Working Gloves with Grip for Men Women Light Duty Work,Automotive,Warehouse (Gray,L)</p><p> -31% 0FF </p><p>$9.99</p><a href="https://www.amazon.com/dp/B0BW9185XF?tag=eloabder-20&linkCode=osi&th=1&psc=1">View Product</a></div><div class="product"><a href="https://www.amazon.com/dp/B00004XOH8?tag=eloabder-20&linkCode=osi&th=1&psc=1"><img src="https://m.media-amazon.com/images/I/41vrr-XI8HL._SL500_.jpg" alt="Product Image"></a><p>Ironclad General Utility Work Gloves GUG, All-Purpose, Performance Fit, Durable, Machine Washable, (1 Pair), Large - GUG-04-L , Black</p><p> -34% 0FF </p><p>$14.83</p><a href="https://www.amazon.com/dp/B00004XOH8?tag=eloabder-20&linkCode=osi&th=1&psc=1">View Product</a></div><div class="product"><a href="https://www.amazon.com/dp/B0797N2YW1?tag=eloabder-20&linkCode=osi&th=1&psc=1"><img src="https://m.media-amazon.com/images/I/41JMMfokSfL._SL500_.jpg" alt="Product Image"></a><p>HANDLANDY Mens Work Gloves Touch screen, Synthetic Leather Utility Gloves, Flexible Breathable Fit- Padded Knuckles & Palm (Large)</p><p> -19% 0FF </p><p>$12.80 ($12.80 / Count)</p><a href="https://www.amazon.com/dp/B0797N2YW1?tag=eloabder-20&linkCode=osi&th=1&psc=1">View Product</a></div>
<div class="product"><a href="https://www.amazon.com/dp/B01N5L2JG7?tag=eloabder-20&linkCode=osi&th=1&psc=1"><img src="https://m.media-amazon.com/images/I/41TB3tRdI3L._SL500_.jpg" alt="Product Image"></a><p>Skechers Men's Flex Advantage Bendon Work Shoe, Black, 9</p><p> -17% 0FF </p><p>$70.83</p><a href="https://www.amazon.com/dp/B01N5L2JG7?tag=eloabder-20&linkCode=osi&th=1&psc=1">View Product</a></div><div class="product"><a href="https://www.amazon.com/dp/B00QX3UKXA?tag=eloabder-20&linkCode=osi&th=1&psc=1"><img src="https://m.media-amazon.com/images/I/41y-VMqnzVL._SL500_.jpg" alt="Product Image"></a><p>Skechers womens Sure Track Trickel-w health care and food service shoes, Black, 9 X-Wide US</p><p> -38% 0FF </p><p>$58.63</p><a href="https://www.amazon.com/dp/B00QX3UKXA?tag=eloabder-20&linkCode=osi&th=1&psc=1">View Product</a></div><div class="product"><a href="https://www.amazon.com/dp/B08XLM93P7?tag=eloabder-20&linkCode=osi&th=1&psc=1"><img src="https://m.media-amazon.com/images/I/41VlYm6BhQL._SL500_.jpg" alt="Product Image"></a><p>Shoes for Crews Everlight Mens Non Slip Work Shoes - Men's Work & Safety Footwear, Lace-Up Breathable Work Shoes for Men, Zapato de Trabajo para Hombre, Size 11.5 Black</p><p> -14% 0FF </p><p>$59.98</p><a href="https://www.amazon.com/dp/B08XLM93P7?tag=eloabder-20&linkCode=osi&th=1&psc=1">View Product</a></div><div class="product"><a href="https://www.amazon.com/dp/B01KXSD3Q6?tag=eloabder-20&linkCode=osi&th=1&psc=1"><img src="https://m.media-amazon.com/images/I/41KIVA8d16L._SL500_.jpg" alt="Product Image"></a><p>Skechers Men's Dighton Athletic Work Food Service Shoe, Black, 10.5</p><p> -19% 0FF </p><p>$40.35</p><a href="https://www.amazon.com/dp/B01KXSD3Q6?tag=eloabder-20&linkCode=osi&th=1&psc=1">View Product</a></div><div class="product"><a href="https://www.amazon.com/dp/B0CRB5HDWQ?tag=eloabder-20&linkCode=osi&th=1&psc=1"><img src="https://m.media-amazon.com/images/I/410N9FwQahL._SL500_.jpg" alt="Product Image"></a><p>Non Slip Waterproof Shoes for Men Work Slip Resistant Oil Slip On Loafers Chef Kitchen Restaurant Food Service Zapatos de Trabajo para Hombres antideslizante para cocina Black</p><p> -20% 0FF </p><p>$39.89</p><a href="https://www.amazon.com/dp/B0CRB5HDWQ?tag=eloabder-20&linkCode=osi&th=1&psc=1">View Product</a></div><div class="product"><a href="https://www.amazon.com/dp/B0777Z16G2?tag=eloabder-20&linkCode=osi&th=1&psc=1"><img src="https://m.media-amazon.com/images/I/41ZjAWKjD1L._SL500_.jpg" alt="Product Image"></a><p>Skechers Men's Nampa Food Service Shoe, Black, 14 Wide</p><p> -28% 0FF </p><p>$40.34</p><a href="https://www.amazon.com/dp/B0777Z16G2?tag=eloabder-20&linkCode=osi&th=1&psc=1">View Product</a></div>
<div class="product"><a href="https://www.amazon.com/dp/B0032U3JXA?tag=eloabder-20&linkCode=osi&th=1&psc=1"><img src="https://m.media-amazon.com/images/I/51fQWw+gCYL._SL500_.jpg" alt="Product Image"></a><p>Guardian Fall Protection 00815 BOS-T50 Bucket of Safe-Tie - 5 Gallon Bucket, 50 ft. Vertical Lifeline Assembly, 5 Temper Reusable Anchor, Safety Harness Kit, Yellow</p><p> -20% 0FF </p><p>$87.92</p><a href="https://www.amazon.com/dp/B0032U3JXA?tag=eloabder-20&linkCode=osi&th=1&psc=1">View Product</a></div><div class="product"><a href="https://www.amazon.com/dp/B004A7XV50?tag=eloabder-20&linkCode=osi&th=1&psc=1"><img src="https://m.media-amazon.com/images/I/41Cmyb7QFkL._SL500_.jpg" alt="Product Image"></a><p>Guardian Fall Protection 10785 Premium 3-Foot Cross-Arm Straps with Large and Small D-Rings</p><p> -21% 0FF </p><p>$26.13</p><a href="https://www.amazon.com/dp/B004A7XV50?tag=eloabder-20&linkCode=osi&th=1&psc=1">View Product</a></div>
<div class="product"><a href="https://www.amazon.com/dp/B00HSJCS06?tag=eloabder-20&linkCode=osi&th=1&psc=1"><img src="https://m.media-amazon.com/images/I/51FCdQhuNVL._SL500_.jpg" alt="Product Image"></a><p>Accuform Lockout Tags, Pack of 25, Bilingual Danger Do Not Operation Equipment Lock Out, US Made OSHA Compliant Tags, Tear & Water Resistant PF-Cardstock, 5.75"x 3.25", TSP105CTP</p><p> -11% 0FF </p><p>$17.86 ($0.71 / Count)</p><a href="https://www.amazon.com/dp/B00HSJCS06?tag=eloabder-20&linkCode=osi&th=1&psc=1">View Product</a></div>
<div class="product"><a href="https://www.amazon.com/dp/B0C5M773VW?tag=eloabder-20&linkCode=osi&th=1&psc=1"><img src="https://m.media-amazon.com/images/I/51uxbEonuhL._SL500_.jpg" alt="Product Image"></a><p>SecuCaptain Emergency Fire Blanket for Home and Kitchen - 2 Pack 40"x40" Flame Suppression Fiberglass Fire Blankets for House Camping Car Office Warehouse Emergency Survival Safety</p><p> -43% 0FF </p><p>$16.99</p><a href="https://www.amazon.com/dp/B0C5M773VW?tag=eloabder-20&linkCode=osi&th=1&psc=1">View Product</a></div><div class="product"><a href="https://www.amazon.com/dp/B001229JCU?tag=eloabder-20&linkCode=osi&th=1&psc=1"><img src="https://m.media-amazon.com/images/I/31W6FuKPMcL._SL500_.jpg" alt="Product Image"></a><p>First Alert EZ Fire Spray, Extinguishing Aerosol Spray, AF400 Red 18 Ounce (Pack of 1)</p><p> -55% 0FF </p><p>$12.49</p><a href="https://www.amazon.com/dp/B001229JCU?tag=eloabder-20&linkCode=osi&th=1&psc=1">View Product</a></div><div class="product"><a href="https://www.amazon.com/dp/B00002ND64?tag=eloabder-20&linkCode=osi&th=1&psc=1"><img src="https://m.media-amazon.com/images/I/41r+PeZkpJL._SL500_.jpg" alt="Product Image"></a><p>Kidde FA110 Multi Purpose Fire Extinguisher 1A10BC, 1 Pack, red</p><p> -31% 0FF </p><p>$25.49</p><a href="https://www.amazon.com/dp/B00002ND64?tag=eloabder-20&linkCode=osi&th=1&psc=1">View Product</a></div><div class="product"><a href="https://www.amazon.com/dp/B07CQJCD6G?tag=eloabder-20&linkCode=osi&th=1&psc=1"><img src="https://m.media-amazon.com/images/I/31EmoFZ3KTL._SL500_.jpg" alt="Product Image"></a><p>Sellstrom Odyssey II Wildland Fire Safety Goggles - Anti-Fog, Anti-Scratch Eye Protection Goggles for Men & Women - FR Strap, fits over Glasses, ANSI Z87.1</p><p> -28% 0FF </p><p>$16.78</p><a href="https://www.amazon.com/dp/B07CQJCD6G?tag=eloabder-20&linkCode=osi&th=1&psc=1">View Product</a></div><div class="product"><a href="https://www.amazon.com/dp/B00005OU7B?tag=eloabder-20&linkCode=osi&th=1&psc=1"><img src="https://m.media-amazon.com/images/I/51O8BtvNfSL._SL500_.jpg" alt="Product Image"></a><p>Kidde Fire Escape Ladder, 2-Story Rope Ladder, Extends to 13-Feet, Anti-Slip Rungs</p><p> -36% 0FF </p><p>$40.99</p><a href="https://www.amazon.com/dp/B00005OU7B?tag=eloabder-20&linkCode=osi&th=1&psc=1">View Product</a></div><div class="product"><a href="https://www.amazon.com/dp/B08Z61XL6V?tag=eloabder-20&linkCode=osi&th=1&psc=1"><img src="https://m.media-amazon.com/images/I/519EzZgGD6L._SL500_.jpg" alt="Product Image"></a><p>Mart Cobra Emergency Fire Blanket for Home and Kitchen - 2 Pack - Fire Blankets Emergency for Home 40‚Äù x 40‚Äù - Fire Suppression Blanket - Home Safety</p><p> -25% 0FF </p><p>$29.87</p><a href="https://www.amazon.com/dp/B08Z61XL6V?tag=eloabder-20&linkCode=osi&th=1&psc=1">View Product</a></div>
<div class="product"><a href="https://www.amazon.com/dp/B07D6QGQYB?tag=eloabder-20&linkCode=osi&th=1&psc=1"><img src="https://m.media-amazon.com/images/I/41y18ggm8GL._SL500_.jpg" alt="Product Image"></a><p>Kidde Fire Extinguisher for Home, 1-A:10-B:C, Dry Chemical Extinguisher, Red, Mounting Bracket Included, 2 Pack</p><p> -41% 0FF </p><p>$32.98</p><a href="https://www.amazon.com/dp/B07D6QGQYB?tag=eloabder-20&linkCode=osi&th=1&psc=1">View Product</a></div><div class="product"><a href="https://www.amazon.com/dp/B07B9BNN24?tag=eloabder-20&linkCode=osi&th=1&psc=1"><img src="https://m.media-amazon.com/images/I/41SbuH+cdQL._SL500_.jpg" alt="Product Image"></a><p>FIRST ALERT HOME2PRO Rechargeable Compliance Fire Extinguisher, UL RATED 2-A:10-B:C, Red, 1-Pack</p><p> -27% 0FF </p><p>$36.48</p><a href="https://www.amazon.com/dp/B07B9BNN24?tag=eloabder-20&linkCode=osi&th=1&psc=1">View Product</a></div><div class="product"><a href="https://www.amazon.com/dp/B0C63914WK?tag=eloabder-20&linkCode=osi&th=1&psc=1"><img src="https://m.media-amazon.com/images/I/51IS9bq94IL._SL500_.jpg" alt="Product Image"></a><p>Kidde Kitchen Fire Extinguishers for Home & Office Use, 2 Pack: One 1-A:10-B:C and One Specialty Kitchen Extinguisher, Wall Mount & Strap Brackets Included</p><p> -7% 0FF </p><p>$34.99</p><a href="https://www.amazon.com/dp/B0C63914WK?tag=eloabder-20&linkCode=osi&th=1&psc=1">View Product</a></div><div class="product"><a href="https://www.amazon.com/dp/B0CB9GFZ9M?tag=eloabder-20&linkCode=osi&th=1&psc=1"><img src="https://m.media-amazon.com/images/I/41VJGkO+jDL._SL500_.jpg" alt="Product Image"></a><p>Kidde Fire Extinguisher for Home & Office Use, 5-B:C, 3.2 Lbs., USCG Approved with Strap Bracket (Included)</p><p> -23% 0FF </p><p>$23.10</p><a href="https://www.amazon.com/dp/B0CB9GFZ9M?tag=eloabder-20&linkCode=osi&th=1&psc=1">View Product</a></div><div class="product"><a href="https://www.amazon.com/dp/B0030ZZAR0?tag=eloabder-20&linkCode=osi&th=1&psc=1"><img src="https://m.media-amazon.com/images/I/41R9Nqadh4L._SL500_.jpg" alt="Product Image"></a><p>BUCKEYE Fire Extinguisher, 4A:80B:C, 10 lb., 21in.H, Red</p><p> -13% 0FF </p><p>$77.99</p><a href="https://www.amazon.com/dp/B0030ZZAR0?tag=eloabder-20&linkCode=osi&th=1&psc=1">View Product</a></div>
<div class="product"><a href="https://www.amazon.com/dp/B08LL1HRKW?tag=eloabder-20&linkCode=osi&th=1&psc=1"><img src="https://m.media-amazon.com/images/I/41OyhHgXG4S._SL500_.jpg" alt="Product Image"></a><p>X-Sense Smoke Alarm, 10-Year Battery Fire Alarm Smoke Detector with LED Indicator & Silence Button, SD2J0AX</p><p> -10% 0FF </p><p>$16.99</p><a href="https://www.amazon.com/dp/B08LL1HRKW?tag=eloabder-20&linkCode=osi&th=1&psc=1">View Product</a></div><div class="product"><a href="https://www.amazon.com/dp/B086S4XM47?tag=eloabder-20&linkCode=osi&th=1&psc=1"><img src="https://m.media-amazon.com/images/I/41vM6F1FfTL._SL500_.jpg" alt="Product Image"></a><p>Kidde Smoke Detector, Hardwired Smoke Alarm with Battery Backup, Test-Silence Button</p><p> -29% 0FF </p><p>$18.19</p><a href="https://www.amazon.com/dp/B086S4XM47?tag=eloabder-20&linkCode=osi&th=1&psc=1">View Product</a></div><div class="product"><a href="https://www.amazon.com/dp/B09YQZV62R?tag=eloabder-20&linkCode=osi&th=1&psc=1"><img src="https://m.media-amazon.com/images/I/31JFQcHDfWL._SL500_.jpg" alt="Product Image"></a><p>AEGISLINK Smoke Detector 10-Year Battery with Test/Silence Button, Fire Alarm with Photoelectric Sensor, Low Battery Warning, S500 (Independent, 1-Pack)</p><p> -33% 0FF </p><p>$9.99</p><a href="https://www.amazon.com/dp/B09YQZV62R?tag=eloabder-20&linkCode=osi&th=1&psc=1">View Product</a></div><div class="product"><a href="https://www.amazon.com/dp/B0CJC73MBZ?tag=eloabder-20&linkCode=osi&th=1&psc=1"><img src="https://m.media-amazon.com/images/I/51jYYKlO4+L._SL500_.jpg" alt="Product Image"></a><p>2 in 1 CO & Smoke Alarm,Carbon Monoxide Detectors, with Battery, Smoke Detector,85dB in Alarm,for Home and Kitchen,LCD Screen,Easy to Install</p><p> -20% 0FF </p><p>$15.98</p><a href="https://www.amazon.com/dp/B0CJC73MBZ?tag=eloabder-20&linkCode=osi&th=1&psc=1">View Product</a></div>
<div class="product"><a href="https://www.amazon.com/dp/B0B9YTGGJ3?tag=eloabder-20&linkCode=osi&th=1&psc=1"><img src="https://m.media-amazon.com/images/I/41WR-3ndQgL._SL500_.jpg" alt="Product Image"></a><p>Light and small automatic fire extinguisher, environmentally friendly and clean, car fire extinguisher, automatic fire extinguisher, suitable for electric box, ship cabin, car, ABCEF fire extinguisher</p><p> -13% 0FF </p><p>$34.99</p><a href="https://www.amazon.com/dp/B0B9YTGGJ3?tag=eloabder-20&linkCode=osi&th=1&psc=1">View Product</a></div>



<div class="product"><a href="https://www.amazon.com/dp/B01G1Y42H0?tag=eloabder-20&linkCode=osi&th=1&psc=1"><img src="https://m.media-amazon.com/images/I/41ml0ECvMBL._SL500_.jpg" alt="Product Image"></a><p>Command Broom and Mop Grippers Wall Hook, Damage Free Hanging Wall Mount Broom and Mop Holder, No Tools Household Cleaning Organizer for Living Spaces, 2 Hangers and 4 Command Strips</p><p> -20% 0FF </p><p>$13.58 ($6.79 / Count)</p><a href="https://www.amazon.com/dp/B01G1Y42H0?tag=eloabder-20&linkCode=osi&th=1&psc=1">View Product</a></div><div class="product"><a href="https://www.amazon.com/dp/B0D7S3CS9X?tag=eloabder-20&linkCode=osi&th=1&psc=1"><img src="https://m.media-amazon.com/images/I/51XG4DL1apL._SL500_.jpg" alt="Product Image"></a><p>NEOACT 4 Pack Scrapbook Tape,Double Sided Tape Roller Scrapbook Supplies,0.31In x 26 Ft Glue Tape Runner for Scrapbooking Envelopes Crafts Gift Wrapping Journaling School Office Supplies</p><p> -8% 0FF </p><p>$5.99</p><a href="https://www.amazon.com/dp/B0D7S3CS9X?tag=eloabder-20&linkCode=osi&th=1&psc=1">View Product</a></div><div class="product"><a href="https://www.amazon.com/dp/B07FM4PRY8?tag=eloabder-20&linkCode=osi&th=1&psc=1"><img src="https://m.media-amazon.com/images/I/51HHqS5jGIL._SL500_.jpg" alt="Product Image"></a><p>SUNEE 30 Packs Oversized Reusable Dry Erase Pocket Sleeves with 2 Rings, 10 Assorted Colors 10x14 Ticket Holders, Clear Plastic Sheet Protectors, Teacher School Classroom Supplies</p><p> -33% 0FF </p><p>$19.99</p><a href="https://www.amazon.com/dp/B07FM4PRY8?tag=eloabder-20&linkCode=osi&th=1&psc=1">View Product</a></div><div class="product"><a href="https://www.amazon.com/dp/B07GLCYR5S?tag=eloabder-20&linkCode=osi&th=1&psc=1"><img src="https://m.media-amazon.com/images/I/51BtNdNrdfL._SL500_.jpg" alt="Product Image"></a><p>QIO CHUANG Emergency Mylar Thermal Blankets -Space Blanket Survival kit Camping Blanket (4-Pack). Perfect for Outdoors, Hiking, Survival, Bug Out Bag ÔºåMarathons or First Aid 1</p><p> -46% 0FF </p><p>$6.98 ($1.74 / Count)</p><a href="https://www.amazon.com/dp/B07GLCYR5S?tag=eloabder-20&linkCode=osi&th=1&psc=1">View Product</a></div>
<div class="product"><a href="https://www.amazon.com/dp/B01M7VD07W?tag=eloabder-20&linkCode=osi&th=1&psc=1"><img src="https://m.media-amazon.com/images/I/51fA5JtXB9L._SL500_.jpg" alt="Product Image"></a><p>Gorilla 2 Part Epoxy, 5 Minute Set, Incredibly Strong Bonding, .85 Ounce Syringe, Clear, (Pack of 2)</p><p> -27% 0FF </p><p>$10.90 ($6.41 / Fl Oz)</p><a href="https://www.amazon.com/dp/B01M7VD07W?tag=eloabder-20&linkCode=osi&th=1&psc=1">View Product</a></div><div class="product"><a href="https://www.amazon.com/dp/B0B6HK51C3?tag=eloabder-20&linkCode=osi&th=1&psc=1"><img src="https://m.media-amazon.com/images/I/31uXWAEungL._SL500_.jpg" alt="Product Image"></a><p>Rumba Replacement Side Brush Parts for iRobot Roomba 600 700 800 900 Series 675 692 694 677 671 614 980 960 985 981 880 860 850 861 866 870 890 Vacuum Cleaner Accessories Kit,6 Side Brush,Screw Driver</p><p> -9% 0FF </p><p>$9.99</p><a href="https://www.amazon.com/dp/B0B6HK51C3?tag=eloabder-20&linkCode=osi&th=1&psc=1">View Product</a></div><div class="product"><a href="https://www.amazon.com/dp/B0BZMMR5XW?tag=eloabder-20&linkCode=osi&th=1&psc=1"><img src="https://m.media-amazon.com/images/I/41mpThblwIL._SL500_.jpg" alt="Product Image"></a><p>1614244 Foot Window Replacement for Bissell Crosswave Pet Pro Dry/Vac Vacuums Fits Models: 2328, 2305, 2305K, 2303, 2306A, 2306, 23062, 23068, 2551 Series</p><p> -10% 0FF </p><p>$26.83</p><a href="https://www.amazon.com/dp/B0BZMMR5XW?tag=eloabder-20&linkCode=osi&th=1&psc=1">View Product</a></div><div class="product"><a href="https://www.amazon.com/dp/B0CZLK6QMF?tag=eloabder-20&linkCode=osi&th=1&psc=1"><img src="https://m.media-amazon.com/images/I/311BgZOYsCL._SL500_.jpg" alt="Product Image"></a><p>Generic 7413197 Inlet Deflector Part Replacement, Vaccuum Accessory</p><p> -10% 0FF </p><p>$8.99</p><a href="https://www.amazon.com/dp/B0CZLK6QMF?tag=eloabder-20&linkCode=osi&th=1&psc=1">View Product</a></div><div class="product"><a href="https://www.amazon.com/dp/B0D1K3XHSP?tag=eloabder-20&linkCode=osi&th=1&psc=1"><img src="https://m.media-amazon.com/images/I/41UOnU2oiqL._SL500_.jpg" alt="Product Image"></a><p>RUKHOOL Dust Bin Replacement for Dyson V11 V15 SV14 SV15 SV22 Vacuum Cleaner Canister Bin Bucket Container Replacement Parts for Dyson V11 Large Bin Part No. 970050-01 and 965443-01</p><p> -11% 0FF </p><p>$33.99</p><a href="https://www.amazon.com/dp/B0D1K3XHSP?tag=eloabder-20&linkCode=osi&th=1&psc=1">View Product</a></div>

<div class="product"><a href="https://www.amazon.com/dp/B0BHGT88KF?tag=eloabder-20&linkCode=osi&th=1&psc=1"><img src="https://m.media-amazon.com/images/I/51Wy2vWqMnL._SL500_.jpg" alt="Product Image"></a><p>Fit Geno Back Brace Posture Corrector for Women, Shoulder Straightener, Adjustable Full Back Support, Upper and Lower Back Pain Relief - Scoliosis, Hunchback, Hump, Thoracic, Spine Corrector (Small)</p><p> -10% 0FF </p><p>$35.99</p><a href="https://www.amazon.com/dp/B0BHGT88KF?tag=eloabder-20&linkCode=osi&th=1&psc=1">View Product</a></div><div class="product"><a href="https://www.amazon.com/dp/B003N2DXPG?tag=eloabder-20&linkCode=osi&th=1&psc=1"><img src="https://m.media-amazon.com/images/I/41scKHD+h0L._SL500_.jpg" alt="Product Image"></a><p>Plackers Twin-Line Dental Flossers, Cool Mint Flavor, Dual Action Flossing System, Easy Storage, Super Tuffloss, 2X The Clean, 75 Count</p><p> -31% 0FF </p><p>$2.74 ($0.04 / Foot)</p><a href="https://www.amazon.com/dp/B003N2DXPG?tag=eloabder-20&linkCode=osi&th=1&psc=1">View Product</a></div>


<div class="product"><a href="https://www.amazon.com/dp/B0CGR3R8M2?tag=eloabder-20&linkCode=osi&th=1&psc=1"><img src="https://m.media-amazon.com/images/I/31dJH244FqL._SL500_.jpg" alt="Product Image"></a><p>Stainless Steel Lung Remover, Rubber Handle, Comfortable Grip, Efficient, Reliable Tool Head with Great Grip, Chicken Slaughter Equipment That Improves Efficiency, Easy to Clean</p><p> -7% 0FF </p><p>$12.98</p><a href="https://www.amazon.com/dp/B0CGR3R8M2?tag=eloabder-20&linkCode=osi&th=1&psc=1">View Product</a></div><div class="product"><a href="https://www.amazon.com/dp/B000R8ETKW?tag=eloabder-20&linkCode=osi&th=1&psc=1"><img src="https://m.media-amazon.com/images/I/41rNYbbsqpL._SL500_.jpg" alt="Product Image"></a><p>Fluke 789 ProcessMeter, Includes Standard DMM Capabilities, Measure, Source, Simulate 4-20 mA signals, and Built-In 24 V Loop Supply</p><p> -21% 0FF </p><p>$1,048.39</p><a href="https://www.amazon.com/dp/B000R8ETKW?tag=eloabder-20&linkCode=osi&th=1&psc=1">View Product</a></div><div class="product"><a href="https://www.amazon.com/dp/B0CHYSJBGR?tag=eloabder-20&linkCode=osi&th=1&psc=1"><img src="https://m.media-amazon.com/images/I/31MHdOP3u7L._SL500_.jpg" alt="Product Image"></a><p>SUS 304 Stainless Steel Lung Remover, Food Grade Chicken Processing Equipment with Super Strong Working Head and Ergonomic Handle to Remove Poultry Lungs, Essential Kitchen Tool Easy to Clean</p><p> -17% 0FF </p><p>$9.99</p><a href="https://www.amazon.com/dp/B0CHYSJBGR?tag=eloabder-20&linkCode=osi&th=1&psc=1">View Product</a></div><div class="product"><a href="https://www.amazon.com/dp/B0CR37JVN4?tag=eloabder-20&linkCode=osi&th=1&psc=1"><img src="https://m.media-amazon.com/images/I/41DwoJmzWmL._SL500_.jpg" alt="Product Image"></a><p>TIVOLI Professional Butcher Knife Set for Meat Processing, 7Pcs High Carbon Steel Hand Forged BBQ Knife Set, Serbian Chef Knife Set with Ergonomic Handles for Kitchen Outdoor Cooking Father's Day Gift</p><p> -5% 0FF </p><p>$69.99</p><a href="https://www.amazon.com/dp/B0CR37JVN4?tag=eloabder-20&linkCode=osi&th=1&psc=1">View Product</a></div><div class="product"><a href="https://www.amazon.com/dp/B01HPT0XFU?tag=eloabder-20&linkCode=osi&th=1&psc=1"><img src="https://m.media-amazon.com/images/I/51F+BRGdU+L._SL500_.jpg" alt="Product Image"></a><p>NoCry Premium Cut Resistant Gloves Food Grade ‚Äî Level 5 Protection; Ambidextrous; Machine Washable; Superior Comfort and Dexterity; Lightweight Protective Gloves; Complimentary eBook</p><p> -14% 0FF </p><p>$13.79 ($13.79 / Count)</p><a href="https://www.amazon.com/dp/B01HPT0XFU?tag=eloabder-20&linkCode=osi&th=1&psc=1">View Product</a></div><div class="product"><a href="https://www.amazon.com/dp/B071ZPSQ88?tag=eloabder-20&linkCode=osi&th=1&psc=1"><img src="https://m.media-amazon.com/images/I/31FiGEAJ9VL._SL500_.jpg" alt="Product Image"></a><p>Fluke 787B ProcessMeter</p><p> -15% 0FF </p><p>$1,020.84</p><a href="https://www.amazon.com/dp/B071ZPSQ88?tag=eloabder-20&linkCode=osi&th=1&psc=1">View Product</a></div>
<div class="product"><a href="https://www.amazon.com/dp/B0D8YPW46Y?tag=eloabder-20&linkCode=osi&th=1&psc=1"><img src="https://m.media-amazon.com/images/I/51sr1XVXPoL._SL500_.jpg" alt="Product Image"></a><p>Shelly 1 Gen3 | WiFi & Bluetooth Smart Relay Switch with Dry Contacts, 1-Channel 16A | Home Automation | Alexa, SmartThings & Google Home Compatible | No Hub | DIY Remote Control | Garage Door Opener</p><p> -8% 0FF </p><p>$16.99</p><a href="https://www.amazon.com/dp/B0D8YPW46Y?tag=eloabder-20&linkCode=osi&th=1&psc=1">View Product</a></div><div class="product"><a href="https://www.amazon.com/dp/B0D5XSGYB4?tag=eloabder-20&linkCode=osi&th=1&psc=1"><img src="https://m.media-amazon.com/images/I/31pj-zqLcYL._SL500_.jpg" alt="Product Image"></a><p>OUVOPO Zigbee Contact Sensor 2 Pack, Mini Smart Door Sensor, Home Automation, Kid Safety, Burglar Alert, Work with Alexa, SmartThings, Home Assistant, Aeotec, Homey, Hubitat with Build-in Zigbee Hub</p><p> -11% 0FF </p><p>$24.99</p><a href="https://www.amazon.com/dp/B0D5XSGYB4?tag=eloabder-20&linkCode=osi&th=1&psc=1">View Product</a></div><div class="product"><a href="https://www.amazon.com/dp/B0CXN2B9RS?tag=eloabder-20&linkCode=osi&th=1&psc=1"><img src="https://m.media-amazon.com/images/I/51NXNRAdSxL._SL500_.jpg" alt="Product Image"></a><p>Shelly Plus RGBW PM | WiFi & Bluetooth Smart Remote Control for RGBW with Power Metering | Home Automation | No Hub | Compatible with Alexa & Google Home | iOS Android App</p><p> -8% 0FF </p><p>$24.99</p><a href="https://www.amazon.com/dp/B0CXN2B9RS?tag=eloabder-20&linkCode=osi&th=1&psc=1">View Product</a></div><div class="product"><a href="https://www.amazon.com/dp/B006P591RW?tag=eloabder-20&linkCode=osi&th=1&psc=1"><img src="https://m.media-amazon.com/images/I/41EwZRzPrJL._SL500_.jpg" alt="Product Image"></a><p>Progressive Automations Mounting Bracket BRK-14 for Linear actuators PA-14, PA-14P, PA-08</p><p> -16% 0FF </p><p>$11.69</p><a href="https://www.amazon.com/dp/B006P591RW?tag=eloabder-20&linkCode=osi&th=1&psc=1">View Product</a></div>
<div class="product"><a href="https://www.amazon.com/dp/B08CZ4MG5P?tag=eloabder-20&linkCode=osi&th=1&psc=1"><img src="https://m.media-amazon.com/images/I/61lF1Z1BQ1L._SL500_.jpg" alt="Product Image"></a><p>ELEGOO Conqueror Robot Tank Kit with UNO R3 for Arduino Robotics for Kids Ages 8-12 12-16 STEM Science Kits Coding Robots Toys for 8+ Year Old Boys Girls Teens Circuits Engineering Building Project</p><p> -23% 0FF </p><p>$99.98</p><a href="https://www.amazon.com/dp/B08CZ4MG5P?tag=eloabder-20&linkCode=osi&th=1&psc=1">View Product</a></div><div class="product"><a href="https://www.amazon.com/dp/B0CYPVS3FF?tag=eloabder-20&linkCode=osi&th=1&psc=1"><img src="https://m.media-amazon.com/images/I/41tiE6fqJOL._SL500_.jpg" alt="Product Image"></a><p>Lefant M210 Pro Robot Vacuum Cleaner, 2200Pa Suction,120 Mins Runtime, Self-Charging Slim Robotic Vacuums, APP/Voice/Remote Control, Works with Alexa, Ideal for Pet Hair,Low-Pile Carpet, Hard Floor</p><p> -52% 0FF </p><p>$99.99</p><a href="https://www.amazon.com/dp/B0CYPVS3FF?tag=eloabder-20&linkCode=osi&th=1&psc=1">View Product</a></div><div class="product"><a href="https://www.amazon.com/dp/B09NNF5RHN?tag=eloabder-20&linkCode=osi&th=1&psc=1"><img src="https://m.media-amazon.com/images/I/41yl24NcAYL._SL500_.jpg" alt="Product Image"></a><p>roborock Q7 Max+ Robot Vacuum Cleaner, Hands-Free Cleaning for up to 7 Weeks, Robotic Vacuum with APP-Controlled Mopping, 4200Pa Suction, No-Mop&No-Go Zones, 180mins Runtime</p><p> -37% 0FF </p><p>$549.99</p><a href="https://www.amazon.com/dp/B09NNF5RHN?tag=eloabder-20&linkCode=osi&th=1&psc=1">View Product</a></div><div class="product"><a href="https://www.amazon.com/dp/B07GNDY96N?tag=eloabder-20&linkCode=osi&th=1&psc=1"><img src="https://m.media-amazon.com/images/I/41WDVdRkesL._SL500_.jpg" alt="Product Image"></a><p>ELEGOO Penguin Bot Biped Robot Kit Robotics for Kids Adults Coding for Kids 8-12 STEM Kits for Kids Ages 12-14 14-16 Boys Toys Teens Circuits Engineering Kits Compatible with Arduino</p><p> -8% 0FF </p><p>$45.99</p><a href="https://www.amazon.com/dp/B07GNDY96N?tag=eloabder-20&linkCode=osi&th=1&psc=1">View Product</a></div>
<div class="product"><a href="https://www.amazon.com/dp/B0C8GZJRMF?tag=eloabder-20&linkCode=osi&th=1&psc=1"><img src="https://m.media-amazon.com/images/I/6156CbXZ8ZL._SL500_.jpg" alt="Product Image"></a><p>Jevuta Engineer Gifts, Mechanical Engineering Gifts, Gifts For Engineers, Future Engineer Gifts, Aerospace Engineering Gifts, Graduation Gifts For Engineers, Retirement Gift For Engineer Tumbler 20oz</p><p> -12% 0FF </p><p>$21.99</p><a href="https://www.amazon.com/dp/B0C8GZJRMF?tag=eloabder-20&linkCode=osi&th=1&psc=1">View Product</a></div><div class="product"><a href="https://www.amazon.com/dp/B06XXZ19HX?tag=eloabder-20&linkCode=osi&th=1&psc=1"><img src="https://m.media-amazon.com/images/I/41QRwC6XcmL._SL500_.jpg" alt="Product Image"></a><p>Komelon 52425IE; 25' x 1.06" Powerblade II" Engineer Tape Measure; Yellow/Black</p><p> -10% 0FF </p><p>$13.51</p><a href="https://www.amazon.com/dp/B06XXZ19HX?tag=eloabder-20&linkCode=osi&th=1&psc=1">View Product</a></div><div class="product"><a href="https://www.amazon.com/dp/B00002N5LW?tag=eloabder-20&linkCode=osi&th=1&psc=1"><img src="https://m.media-amazon.com/images/I/41S2-EUZhgL._SL500_.jpg" alt="Product Image"></a><p>Crescent Lufkin 5/8" X 6' Red End¬Æ Engineer's Scale Wood Rule - 1066DN , White</p><p> -40% 0FF </p><p>$14.50</p><a href="https://www.amazon.com/dp/B00002N5LW?tag=eloabder-20&linkCode=osi&th=1&psc=1">View Product</a></div><div class="product"><a href="https://www.amazon.com/dp/B002MJMXD4?tag=eloabder-20&linkCode=osi&th=1&psc=1"><img src="https://m.media-amazon.com/images/I/31ZLLX+aOwL._SL500_.jpg" alt="Product Image"></a><p>ENGINEER Engineer Solder Suction Device SS-02</p><p> -25% 0FF </p><p>$19.56</p><a href="https://www.amazon.com/dp/B002MJMXD4?tag=eloabder-20&linkCode=osi&th=1&psc=1">View Product</a></div><div class="product"><a href="https://www.amazon.com/dp/B0BYD7H5PZ?tag=eloabder-20&linkCode=osi&th=1&psc=1"><img src="https://m.media-amazon.com/images/I/513DsoLDRFL._SL500_.jpg" alt="Product Image"></a><p>JERIO Engineer Gifts for Men,Engineer Coffee Tumbler Nutrition Facts - Funny Birthday,Graduation,Fathers Day,Christmas Gift Idea for Mechanical, Electrical, Civil, Science, Computer Programmer</p><p> -50% 0FF </p><p>$10.99</p><a href="https://www.amazon.com/dp/B0BYD7H5PZ?tag=eloabder-20&linkCode=osi&th=1&psc=1">View Product</a></div>
<div class="product"><a href="https://www.amazon.com/dp/B0D8HQJDT5?tag=eloabder-20&linkCode=osi&th=1&psc=1"><img src="https://m.media-amazon.com/images/I/41vCRs7ecqL._SL500_.jpg" alt="Product Image"></a><p>Amzany Bed Vacuum Cleaner - 5-in-1 Cordless Mattress Vacuum Cleaner, Powered by UV-C Light & Ultrasonic Technology, 16Kpa Strong Suction,Low Noise,Suitable for Dust, Pet Hair, Etc - Grey</p><p> -38% 0FF </p><p>$79.99</p><a href="https://www.amazon.com/dp/B0D8HQJDT5?tag=eloabder-20&linkCode=osi&th=1&psc=1">View Product</a></div><div class="product"><a href="https://www.amazon.com/dp/B081RJ8DW1?tag=eloabder-20&linkCode=osi&th=1&psc=1"><img src="https://m.media-amazon.com/images/I/41XdbpXmFvL._SL500_.jpg" alt="Product Image"></a><p>Gskyer Telescope, 70mm Aperture 400mm AZ Mount Astronomical Refracting Telescope for Kids Beginners - Travel Telescope with Carry Bag, Phone Adapter and Wireless Remote.</p><p> -33% 0FF </p><p>$86.99</p><a href="https://www.amazon.com/dp/B081RJ8DW1?tag=eloabder-20&linkCode=osi&th=1&psc=1">View Product</a></div><div class="product"><a href="https://www.amazon.com/dp/B008HOSQQQ?tag=eloabder-20&linkCode=osi&th=1&psc=1"><img src="https://m.media-amazon.com/images/I/31eIm02e4iL._SL500_.jpg" alt="Product Image"></a><p>Refrigeration Technologies RT201B Nylog Gasket/Thread Sealant, 30 ml (1 Pack)</p><p> -55% 0FF </p><p>$8.99</p><a href="https://www.amazon.com/dp/B008HOSQQQ?tag=eloabder-20&linkCode=osi&th=1&psc=1">View Product</a></div><div class="product"><a href="https://www.amazon.com/dp/B00UZ1WWUK?tag=eloabder-20&linkCode=osi&th=1&psc=1"><img src="https://m.media-amazon.com/images/I/318bhhXmhBL._SL500_.jpg" alt="Product Image"></a><p>BW Technologies Corded Electric BWC2-H BW Clip Single Gas H2S Monitor, 10/15 (1 Pack)</p><p> -34% 0FF </p><p>$91.14</p><a href="https://www.amazon.com/dp/B00UZ1WWUK?tag=eloabder-20&linkCode=osi&th=1&psc=1">View Product</a></div><div class="product"><a href="https://www.amazon.com/dp/B007885Y3K?tag=eloabder-20&linkCode=osi&th=1&psc=1"><img src="https://m.media-amazon.com/images/I/41Uh4TbGoGL._SL500_.jpg" alt="Product Image"></a><p>Safety Technology International, Inc. STI-13010FR Universal Stopper¬Æ, Flush Mount and Fire label, Indoor/Outdoor Protective Polycarbonate Cover for Pull Stations or Call Points, Red</p><p> -32% 0FF </p><p>$40.29</p><a href="https://www.amazon.com/dp/B007885Y3K?tag=eloabder-20&linkCode=osi&th=1&psc=1">View Product</a></div><div class="product"><a href="https://www.amazon.com/dp/B000FTADX0?tag=eloabder-20&linkCode=osi&th=1&psc=1"><img src="https://m.media-amazon.com/images/I/31HT3jGR4YL._SL500_.jpg" alt="Product Image"></a><p>Fluke Networks 26000900 Pro3000 Tone Generator and Probe Kit with SmartTone Technology, Blue</p><p> -37% 0FF </p><p>$88.48</p><a href="https://www.amazon.com/dp/B000FTADX0?tag=eloabder-20&linkCode=osi&th=1&psc=1">View Product</a></div>
<div class="product"><a href="https://www.amazon.com/dp/B0CN6F2GBN?tag=eloabder-20&linkCode=osi&th=1&psc=1"><img src="https://m.media-amazon.com/images/I/314BZ1QOH0L._SL500_.jpg" alt="Product Image"></a><p>Listerine Clinical Solutions Gum Health Antiseptic Mouthwash, Antigingivitis & Antiplaque Oral Rinse Helps Prevent Buildup & Immediately Kills Germs for Healthier Gums, ICY Mint, 1 L</p><p> -11% 0FF </p><p>$11.97 ($0.35 / Fl Oz)</p><a href="https://www.amazon.com/dp/B0CN6F2GBN?tag=eloabder-20&linkCode=osi&th=1&psc=1">View Product</a></div><div class="product"><a href="https://www.amazon.com/dp/B00WIMUVU2?tag=eloabder-20&linkCode=osi&th=1&psc=1"><img src="https://m.media-amazon.com/images/I/41ZdoGErSaL._SL500_.jpg" alt="Product Image"></a><p>Carpet Miracle - Carpet Cleaner Shampoo Solution for Machine Use, Deep Stain Remover and Odor Deodorizing Formula, Use On Rug Car Upholstery and Carpets (32FL OZ)</p><p> -23% 0FF </p><p>$19.99 ($0.62 / Fl Oz)</p><a href="https://www.amazon.com/dp/B00WIMUVU2?tag=eloabder-20&linkCode=osi&th=1&psc=1">View Product</a></div><div class="product"><a href="https://www.amazon.com/dp/B002C2O5EQ?tag=eloabder-20&linkCode=osi&th=1&psc=1"><img src="https://m.media-amazon.com/images/I/412RaKelAmL._SL500_.jpg" alt="Product Image"></a><p>Betadine Antiseptic Liquid First Aid Solution, Povidone-iodine 10%, Infection Protection, Kills Germs In Minor Cuts Scrapes And Burns, No Sting Promise, No Alcohol or Hydrogen Peroxide, 8 FL OZ</p><p> -24% 0FF </p><p>$13.29 ($1.66 / Fl Oz)</p><a href="https://www.amazon.com/dp/B002C2O5EQ?tag=eloabder-20&linkCode=osi&th=1&psc=1">View Product</a></div>

<div class="product"><a href="https://www.amazon.com/dp/B005LJ8EXU?tag=eloabder-20&linkCode=osi&th=1&psc=1"><img src="https://m.media-amazon.com/images/I/51y1lIaCqZL._SL500_.jpg" alt="Product Image"></a><p>iSpring RCC7AK, NSF Certified 75 GPD, Alkaline 6-Stage Reverse Osmosis System, pH+ Remineralization RO Water Filter System Under Sink, Superb Taste Drinking Water Filter</p><p> -33% 0FF </p><p>$186.14</p><a href="https://www.amazon.com/dp/B005LJ8EXU?tag=eloabder-20&linkCode=osi&th=1&psc=1">View Product</a></div><div class="product"><a href="https://www.amazon.com/dp/B00I0ZGOZM?tag=eloabder-20&linkCode=osi&th=1&psc=1"><img src="https://m.media-amazon.com/images/I/419oT125q0L._SL500_.jpg" alt="Product Image"></a><p>APEC Water Systems ROES-50 Essence Series Top Tier 5-Stage WQA Certified Ultra Safe Reverse Osmosis Drinking Water Filter System</p><p> -7% 0FF </p><p>$185.00</p><a href="https://www.amazon.com/dp/B00I0ZGOZM?tag=eloabder-20&linkCode=osi&th=1&psc=1">View Product</a></div><div class="product"><a href="https://www.amazon.com/dp/B00J2DGTD8?tag=eloabder-20&linkCode=osi&th=1&psc=1"><img src="https://m.media-amazon.com/images/I/51a5ku-MyBL._SL500_.jpg" alt="Product Image"></a><p>Express Water RO5DX Reverse Osmosis Filtration NSF Certified 5 Stage RO System with Faucet and Tank ‚Äì Under Sink Water Plus 4 Filters ‚Äì 50 GPD, 14 x 17 x 5, White</p><p> -21% 0FF </p><p>$157.48</p><a href="https://www.amazon.com/dp/B00J2DGTD8?tag=eloabder-20&linkCode=osi&th=1&psc=1">View Product</a></div><div class="product"><a href="https://www.amazon.com/dp/B01F9A4UVU?tag=eloabder-20&linkCode=osi&th=1&psc=1"><img src="https://m.media-amazon.com/images/I/41UItWTKFsS._SL500_.jpg" alt="Product Image"></a><p>iSpring WGB21B 2-Stage Whole House Water Filtration System, with 10" x 4.5" Sediment CTO(Chlorine, Taste, and Odor) Filter, 1" Inlet/Outlet</p><p> -30% 0FF </p><p>$127.49</p><a href="https://www.amazon.com/dp/B01F9A4UVU?tag=eloabder-20&linkCode=osi&th=1&psc=1">View Product</a></div><div class="product"><a href="https://www.amazon.com/dp/B07Y42RD9T?tag=eloabder-20&linkCode=osi&th=1&psc=1"><img src="https://m.media-amazon.com/images/I/219MeTcyMBL._SL500_.jpg" alt="Product Image"></a><p>Bard Medical PWF030 Purewick Female External Catheter, Latex, Pack of 30</p><p> -6% 0FF </p><p>$206.00 ($6.87 / Count)</p><a href="https://www.amazon.com/dp/B07Y42RD9T?tag=eloabder-20&linkCode=osi&th=1&psc=1">View Product</a></div><div class="product"><a href="https://www.amazon.com/dp/B00HRHHFPW?tag=eloabder-20&linkCode=osi&th=1&psc=1"><img src="https://m.media-amazon.com/images/I/51ykZ8b1GwL._SL500_.jpg" alt="Product Image"></a><p>APEC Water Systems RO-90 Ultimate Series Top Tier Supreme Certified High Output 90 GPD Ultra Safe Reverse Osmosis Drinking Water Filter System, Chrome Faucet</p><p> -15% 0FF </p><p>$191.55</p><a href="https://www.amazon.com/dp/B00HRHHFPW?tag=eloabder-20&linkCode=osi&th=1&psc=1">View Product</a></div>
<div class="product"><a href="https://www.amazon.com/dp/B00HKAJ018?tag=eloabder-20&linkCode=osi&th=1&psc=1"><img src="https://m.media-amazon.com/images/I/31cVzL2O1zL._SL500_.jpg" alt="Product Image"></a><p>SmartSign 25 x 12 inch ‚ÄúCaution - Maintenance Work In Progress‚Äù Two-Sided Folding Floor Sign, Digitally Printed Polypropylene Plastic, Black and Yellow</p><p> -11% 0FF </p><p>$36.95</p><a href="https://www.amazon.com/dp/B00HKAJ018?tag=eloabder-20&linkCode=osi&th=1&psc=1">View Product</a></div><div class="product"><a href="https://www.amazon.com/dp/B00HSJ4YLW?tag=eloabder-20&linkCode=osi&th=1&psc=1"><img src="https://m.media-amazon.com/images/I/41mCVFnsRpL._SL500_.jpg" alt="Product Image"></a><p>Accuform TAD847 Standard Door Knob Hanger Tag, Legend"Maintenance Employee Inside", 9" Length x 4" Width x 0.015" Thickness, RP-Plastic, Black on Yellow (Pack of 10)</p><p> -24% 0FF </p><p>$27.69 ($2.77 / Count)</p><a href="https://www.amazon.com/dp/B00HSJ4YLW?tag=eloabder-20&linkCode=osi&th=1&psc=1">View Product</a></div><div class="product"><a href="https://www.amazon.com/dp/B00700N1IQ?tag=eloabder-20&linkCode=osi&th=1&psc=1"><img src="https://m.media-amazon.com/images/I/511bcg+-z2L._SL500_.jpg" alt="Product Image"></a><p>NMC RA15RB Security Sign, Legend "RESTRICTED AREA - MAINTENANCE PERSONNEL ONLY", 14" Length x 10" Height, Rigid Plastic, Black/Red on White</p><p> -11% 0FF </p><p>$13.31</p><a href="https://www.amazon.com/dp/B00700N1IQ?tag=eloabder-20&linkCode=osi&th=1&psc=1">View Product</a></div>
<div class="product"><a href="https://www.amazon.com/dp/B0BKKTFWJK?tag=eloabder-20&linkCode=osi&th=1&psc=1"><img src="https://m.media-amazon.com/images/I/41cvC72AHeL._SL500_.jpg" alt="Product Image"></a><p>AceMining Upgraded Door Security Bar & Sliding Patio Bar, Heavy Duty Stoppers Adjustable Jammer for Home, Apartment, Travel (1 Pack,White)</p><p> -17% 0FF </p><p>$23.99</p><a href="https://www.amazon.com/dp/B0BKKTFWJK?tag=eloabder-20&linkCode=osi&th=1&psc=1">View Product</a></div><div class="product"><a href="https://www.amazon.com/dp/B01LDPHXD2?tag=eloabder-20&linkCode=osi&th=1&psc=1"><img src="https://m.media-amazon.com/images/I/41pcC4hFanL._SL500_.jpg" alt="Product Image"></a><p>Ergodyne Unisex Adult Hi Vis Safety GloWear 8377 Type R Class 3 Lime Quilted Bomber Jacket, Large, Lime, Large US</p><p> -34% 0FF </p><p>$34.99</p><a href="https://www.amazon.com/dp/B01LDPHXD2?tag=eloabder-20&linkCode=osi&th=1&psc=1">View Product</a></div><div class="product"><a href="https://www.amazon.com/dp/B0B7KTV8Q8?tag=eloabder-20&linkCode=osi&th=1&psc=1"><img src="https://m.media-amazon.com/images/I/417c5VIfBtL._SL500_.jpg" alt="Product Image"></a><p>RoadHero 18 Inch 4 Pack Collapsible Traffic Safety Cones, Multi Purpose Pop-up Cones with Reflective Collar for Road Safety, Orange Cones for Driving Training, Parking Lots</p><p> -18% 0FF </p><p>$23.65</p><a href="https://www.amazon.com/dp/B0B7KTV8Q8?tag=eloabder-20&linkCode=osi&th=1&psc=1">View Product</a></div>
<div class="product"><a href="https://www.amazon.com/dp/B000GISU1M?tag=eloabder-20&linkCode=osi&th=1&psc=1"><img src="https://m.media-amazon.com/images/I/41YAvhdmLIL._SL500_.jpg" alt="Product Image"></a><p>Optimum Nutrition Gold Standard 100% Whey Protein Powder, Vanilla Ice Creme, 5 Pound (Packaging May Vary)</p><p> -5% 0FF </p><p>$82.06 ($1.03 / Ounce)</p><a href="https://www.amazon.com/dp/B000GISU1M?tag=eloabder-20&linkCode=osi&th=1&psc=1">View Product</a></div><div class="product"><a href="https://www.amazon.com/dp/B084JHKFCW?tag=eloabder-20&linkCode=osi&th=1&psc=1"><img src="https://m.media-amazon.com/images/I/31wQjwQJR2L._SL500_.jpg" alt="Product Image"></a><p>American Standard 5503A00B.020 Slow Elongated Closed Front Toilet Seat, White</p><p> -42% 0FF </p><p>$32.96</p><a href="https://www.amazon.com/dp/B084JHKFCW?tag=eloabder-20&linkCode=osi&th=1&psc=1">View Product</a></div><div class="product"><a href="https://www.amazon.com/dp/B0CYZJM8PZ?tag=eloabder-20&linkCode=osi&th=1&psc=1"><img src="https://m.media-amazon.com/images/I/41d-M4+HpuL._SL500_.jpg" alt="Product Image"></a><p>DEGNJU LED Light Bulbs Daylight 5000K, 60 Watt Equivalent LED Bulbs, A19 Standard Bulbs, 800 LM, 15000 Hours, E26 Base, Non-Dimmable, 8.5W LED Bulbs for Bedroom Living Room 12 Pack</p><p> -27% 0FF </p><p>$17.99 ($1.50 / Count)</p><a href="https://www.amazon.com/dp/B0CYZJM8PZ?tag=eloabder-20&linkCode=osi&th=1&psc=1">View Product</a></div><div class="product"><a href="https://www.amazon.com/dp/B0CHYK75D4?tag=eloabder-20&linkCode=osi&th=1&psc=1"><img src="https://m.media-amazon.com/images/I/51DjecU3ILL._SL500_.jpg" alt="Product Image"></a><p>30-Piece Ultimate All-Purpose Combination Wrench Set in Roll-up Pouch | SAE 1/4‚Äù to 1‚Äù, Metric 6mm to 24mm | Best Value Complete Wrench Set for General Household, Garage, Truck, Car, Travel Emergency</p><p> -18% 0FF </p><p>$32.99</p><a href="https://www.amazon.com/dp/B0CHYK75D4?tag=eloabder-20&linkCode=osi&th=1&psc=1">View Product</a></div><div class="product"><a href="https://www.amazon.com/dp/B0D3XK7Z4J?tag=eloabder-20&linkCode=osi&th=1&psc=1"><img src="https://m.media-amazon.com/images/I/41wMwgcLSxL._SL500_.jpg" alt="Product Image"></a><p>Miucoguier Thread Checker - 28 Nut & Bolt Thread Checker, Bolt Size and Thread Gauge 14 Standard and 14 Metric Sizes, Bolt and Nut Identifier Gauge for Easy Verifying Sizing</p><p> -21% 0FF </p><p>$22.99</p><a href="https://www.amazon.com/dp/B0D3XK7Z4J?tag=eloabder-20&linkCode=osi&th=1&psc=1">View Product</a></div><div class="product"><a href="https://www.amazon.com/dp/B0CL1WBXG6?tag=eloabder-20&linkCode=osi&th=1&psc=1"><img src="https://m.media-amazon.com/images/I/51lHAQ830tL._SL500_.jpg" alt="Product Image"></a><p>GRENPRO Ratcheting Wrench Set, Combination Wrench Set, 22-Piece SAE & Metric and Standard, 72-Tooth Long Open End, 1/4" to 3/4" & 6-18mm, Organizer With Roll Up Pouch, CR-V Steel, Mechanic Tools Sets</p><p> -16% 0FF </p><p>$51.99 ($0.49 / Ounce)</p><a href="https://www.amazon.com/dp/B0CL1WBXG6?tag=eloabder-20&linkCode=osi&th=1&psc=1">View Product</a></div>

<div class="product"><a href="https://www.amazon.com/dp/B0D5V4PM1L?tag=eloabder-20&linkCode=osi&th=1&psc=1"><img src="https://m.media-amazon.com/images/I/51lbOWv6lZL._SL500_.jpg" alt="Product Image"></a><p>2025 Florida State and Federal Labor Laws Poster - OSHA Compliant UV Waterproof Laminated 24" x 36" English and Spanish Version 2PCS Folded - All in One Compliance Posting</p><p> -20% 0FF </p><p>$19.99</p><a href="https://www.amazon.com/dp/B0D5V4PM1L?tag=eloabder-20&linkCode=osi&th=1&psc=1">View Product</a></div>
<div class="product"><a href="https://www.amazon.com/dp/B0CFF8Z1NF?tag=eloabder-20&linkCode=osi&th=1&psc=1"><img src="https://m.media-amazon.com/images/I/41bDsv2AHdL._SL500_.jpg" alt="Product Image"></a><p>Endoscope Camera with Light - Inspection Borescope Camera with 4.3" IPS Screen, 1920P HD Snake Camera with 8 LED Lights, 16.4FT Semi-Rigid Cord Bore Scope, IP67 Waterproof Endoscope for Sewer(Orange)</p><p> -34% 0FF </p><p>$32.98</p><a href="https://www.amazon.com/dp/B0CFF8Z1NF?tag=eloabder-20&linkCode=osi&th=1&psc=1">View Product</a></div><div class="product"><a href="https://www.amazon.com/dp/B01D4QMUVI?tag=eloabder-20&linkCode=osi&th=1&psc=1"><img src="https://m.media-amazon.com/images/I/31UUBvi72zL._SL500_.jpg" alt="Product Image"></a><p>Optional life Telescoping LED Lighted Flexible Inspection Mirror 360 Swivel for Extra Viewing</p><p> -10% 0FF </p><p>$8.99</p><a href="https://www.amazon.com/dp/B01D4QMUVI?tag=eloabder-20&linkCode=osi&th=1&psc=1">View Product</a></div><div class="product"><a href="https://www.amazon.com/dp/B07HX76VM9?tag=eloabder-20&linkCode=osi&th=1&psc=1"><img src="https://m.media-amazon.com/images/I/31lU0HeUxnL._SL500_.jpg" alt="Product Image"></a><p>Juvale 2 Pack Telescoping Inspection Mirror Tool, Round 2-Inch Mirror with 24.5-Inch Extension for Mechanics, Inspectors</p><p> -38% 0FF </p><p>$7.99</p><a href="https://www.amazon.com/dp/B07HX76VM9?tag=eloabder-20&linkCode=osi&th=1&psc=1">View Product</a></div><div class="product"><a href="https://www.amazon.com/dp/B0BR7MKHF9?tag=eloabder-20&linkCode=osi&th=1&psc=1"><img src="https://m.media-amazon.com/images/I/41Oa1v7l6NL._SL500_.jpg" alt="Product Image"></a><p>Endoscope Camera with Light, 1920P HD Borescope Tools with 8 Adjustable LED Lights, Endoscope with 16.4ft Semi-Rigid Snake Camera, 7.9mm IP67 Waterproof Inspection Camera for iOS (Black)</p><p> -48% 0FF </p><p>$30.99</p><a href="https://www.amazon.com/dp/B0BR7MKHF9?tag=eloabder-20&linkCode=osi&th=1&psc=1">View Product</a></div><div class="product"><a href="https://www.amazon.com/dp/B09FK5QFTR?tag=eloabder-20&linkCode=osi&th=1&psc=1"><img src="https://m.media-amazon.com/images/I/41hfMwNfTWL._SL500_.jpg" alt="Product Image"></a><p>Telescoping Magnetic Pickup Tool Set-Extendable Magnet Flashlight with Inspection Mirror-Cool Gadgets Gifts Idea & Birthday Gifts for Father, Men, Him, Boyfriend, Husband, Handyman, Mechanic</p><p> -22% 0FF </p><p>$27.99</p><a href="https://www.amazon.com/dp/B09FK5QFTR?tag=eloabder-20&linkCode=osi&th=1&psc=1">View Product</a></div>
<div class="product"><a href="https://www.amazon.com/dp/B09KZ6TBNY?tag=eloabder-20&linkCode=osi&th=1&psc=1"><img src="https://m.media-amazon.com/images/I/41oPbadBuQL._SL500_.jpg" alt="Product Image"></a><p>iHealth COVID-19 Antigen Rapid Test, 1 Pack, 2 Tests Total, FDA EUA Authorized OTC at-Home Self Test, Results in 15 Minutes with Non-invasive Nasal Swab, Easy to Use & No Discomfort</p><p> -13% 0FF </p><p>$15.69 ($7.84 / Count)</p><a href="https://www.amazon.com/dp/B09KZ6TBNY?tag=eloabder-20&linkCode=osi&th=1&psc=1">View Product</a></div><div class="product"><a href="https://www.amazon.com/dp/B0C3SR4BNC?tag=eloabder-20&linkCode=osi&th=1&psc=1"><img src="https://m.media-amazon.com/images/I/41vH7tiKQaL._SL500_.jpg" alt="Product Image"></a><p>BinaxNOW COVID-19 Antigen Self Test, 1 Pack, 4 Tests Total, COVID Test With 15-Minute Results Without Sending to a Lab, Easy to Use at Home</p><p> -9% 0FF </p><p>$28.88 ($7.22 / Count)</p><a href="https://www.amazon.com/dp/B0C3SR4BNC?tag=eloabder-20&linkCode=osi&th=1&psc=1">View Product</a></div><div class="product"><a href="https://www.amazon.com/dp/B09PZS1N44?tag=eloabder-20&linkCode=osi&th=1&psc=1"><img src="https://m.media-amazon.com/images/I/418W+HhY5PL._SL500_.jpg" alt="Product Image"></a><p>Flowflex COVID-19 Antigen Home Test kit, 1 Pack, 5 Tests Total. FDA EUA Authorized OTC at-Home Self-Test, Non-invasive Nasal Swab, Easy to Use and No Discomfort, Results in 15 Minutes</p><p> -20% 0FF </p><p>$31.99 ($6.40 / Count)</p><a href="https://www.amazon.com/dp/B09PZS1N44?tag=eloabder-20&linkCode=osi&th=1&psc=1">View Product</a></div><div class="product"><a href="https://www.amazon.com/dp/B0D2DQBJS2?tag=eloabder-20&linkCode=osi&th=1&psc=1"><img src="https://m.media-amazon.com/images/I/51PHwjjreKL._SL500_.jpg" alt="Product Image"></a><p>CorDx TyFast Flu A/B & Covid-19 Multiplex Rapid Test, 10 Mins at Home, FDA Authorized, 3-in-1 Combo Kit, 2 Tests</p><p> -29% 0FF </p><p>$21.21</p><a href="https://www.amazon.com/dp/B0D2DQBJS2?tag=eloabder-20&linkCode=osi&th=1&psc=1">View Product</a></div><div class="product"><a href="https://www.amazon.com/dp/B07CF8C4VX?tag=eloabder-20&linkCode=osi&th=1&psc=1"><img src="https://m.media-amazon.com/images/I/51brLSHm6vL._SL500_.jpg" alt="Product Image"></a><p>CONTOUR NEXT Blood Glucose Test Strips for Diabetes, 70 Count (Pack of 1)</p><p> -17% 0FF </p><p>$26.58 ($0.38 / Count)</p><a href="https://www.amazon.com/dp/B07CF8C4VX?tag=eloabder-20&linkCode=osi&th=1&psc=1">View Product</a></div>
<div class="product"><a href="https://www.amazon.com/dp/B01LYBYFTJ?tag=eloabder-20&linkCode=osi&th=1&psc=1"><img src="https://m.media-amazon.com/images/I/518DrPFcK0L._SL500_.jpg" alt="Product Image"></a><p>Accuform MQTL707VP Plastic Sign, "Quality Control Inspection Area", 10" Length x 14" Width x 0.055" Thickness, Green/Black on White</p><p> -7% 0FF </p><p>$12.72</p><a href="https://www.amazon.com/dp/B01LYBYFTJ?tag=eloabder-20&linkCode=osi&th=1&psc=1">View Product</a></div><div class="product"><a href="https://www.amazon.com/dp/B08HQMBQ79?tag=eloabder-20&linkCode=osi&th=1&psc=1"><img src="https://m.media-amazon.com/images/I/41eP15ePWkL._SL500_.jpg" alt="Product Image"></a><p>CO2 Controller Carbon Dioxide Controller Air Quality Monitor CO2 Meter with Day and Night Control Relay Function, NDIR Sensor Probe Cable, CO2 Detector for Plant, Grow Room, Green House, Garden, Home</p><p> -13% 0FF </p><p>$139.59</p><a href="https://www.amazon.com/dp/B08HQMBQ79?tag=eloabder-20&linkCode=osi&th=1&psc=1">View Product</a></div><div class="product"><a href="https://www.amazon.com/dp/B0CPBKHZNC?tag=eloabder-20&linkCode=osi&th=1&psc=1"><img src="https://m.media-amazon.com/images/I/51jPs5y3CJL._SL500_.jpg" alt="Product Image"></a><p>IUYPKQ Steel Wool for Mice Control - 2 Pack of 3"√ó10Ft Steel Wool, Gap Filter for House & Garage - Keep Mice Away from HolesÔºåSidingÔºåPipelineÔºåVents in Garden, House, 7.04oz (2, 100g)</p><p> -18% 0FF </p><p>$8.20</p><a href="https://www.amazon.com/dp/B0CPBKHZNC?tag=eloabder-20&linkCode=osi&th=1&psc=1">View Product</a></div>

<div class="product"><a href="https://www.amazon.com/dp/B084F3YQMH?tag=eloabder-20&linkCode=osi&th=1&psc=1"><img src="https://m.media-amazon.com/images/I/51XzXeJ5EHS._SL500_.jpg" alt="Product Image"></a><p>Ultrasac Blue Recycling Bags 33 Gallon 0.9 MIL, 33.5" x 38" - Pack of 45 - For Recycling, Kitchen, Industrial, & Commercial</p><p> -37% 0FF </p><p>$15.06 ($0.33 / Count)</p><a href="https://www.amazon.com/dp/B084F3YQMH?tag=eloabder-20&linkCode=osi&th=1&psc=1">View Product</a></div>
<div class="product"><a href="https://www.amazon.com/dp/B09RY35M4S?tag=eloabder-20&linkCode=osi&th=1&psc=1"><img src="https://m.media-amazon.com/images/I/41wjzxrudGL._SL500_.jpg" alt="Product Image"></a><p>Kleenex Lotion Facial Tissues with Coconut Oil, 3 Flat Boxes, 120 Tissues Per Box, 3-Ply</p><p> -9% 0FF </p><p>$5.24 ($1.46 / 100 Sheets)</p><a href="https://www.amazon.com/dp/B09RY35M4S?tag=eloabder-20&linkCode=osi&th=1&psc=1">View Product</a></div><div class="product"><a href="https://www.amazon.com/dp/B09M5XF6JV?tag=eloabder-20&linkCode=osi&th=1&psc=1"><img src="https://m.media-amazon.com/images/I/410w59XOeaL._SL500_.jpg" alt="Product Image"></a><p>Kleenex Ultra Soft Facial Tissues, 4 Cube Boxes, 60 Tissues per Box, 3-Ply (240 Total Tissues), Packaging May Vary</p><p> -12% 0FF </p><p>$6.58 ($2.74 / 100 Sheets)</p><a href="https://www.amazon.com/dp/B09M5XF6JV?tag=eloabder-20&linkCode=osi&th=1&psc=1">View Product</a></div><div class="product"><a href="https://www.amazon.com/dp/B09YKRZR22?tag=eloabder-20&linkCode=osi&th=1&psc=1"><img src="https://m.media-amazon.com/images/I/413kbNG2YCL._SL500_.jpg" alt="Product Image"></a><p>Puffs Plus Lotion Facial Tissues, 8 Family Boxes, 124 Facial Tissues per Box, Allergies and Colds</p><p> -26% 0FF </p><p>$13.28 ($1.34 / 100 Sheets)</p><a href="https://www.amazon.com/dp/B09YKRZR22?tag=eloabder-20&linkCode=osi&th=1&psc=1">View Product</a></div>
<div class="product"><a href="https://www.amazon.com/dp/B0CMTR8NFM?tag=eloabder-20&linkCode=osi&th=1&psc=1"><img src="https://m.media-amazon.com/images/I/418XJgVkJIL._SL500_.jpg" alt="Product Image"></a><p>dalattin 12 Pack A19 LED Bulbs, 9W Equivalent 60 Watts, E26 Base, 5000K Daylight White, 800 LM, Efficient Energy Saving Lights for Living Room, Office, 80+ CRI, 120V, UL Listed</p><p> -6% 0FF </p><p>$15.99 ($1.33 / Count)</p><a href="https://www.amazon.com/dp/B0CMTR8NFM?tag=eloabder-20&linkCode=osi&th=1&psc=1">View Product</a></div><div class="product"><a href="https://www.amazon.com/dp/B0CZHCZ5TL?tag=eloabder-20&linkCode=osi&th=1&psc=1"><img src="https://m.media-amazon.com/images/I/31iJMTbdOTL._SL500_.jpg" alt="Product Image"></a><p>TP-Link Tapo Smart Plug Compatible with Alexa, Google Home & Samsung SmartThings, Energy Monitoring, 15A, ETL Certified, 2.4G Wi-Fi Only, Tapo P110, White</p><p> -27% 0FF </p><p>$10.99</p><a href="https://www.amazon.com/dp/B0CZHCZ5TL?tag=eloabder-20&linkCode=osi&th=1&psc=1">View Product</a></div><div class="product"><a href="https://www.amazon.com/dp/B0CCB442CF?tag=eloabder-20&linkCode=osi&th=1&psc=1"><img src="https://m.media-amazon.com/images/I/31oVkQ9gShL._SL500_.jpg" alt="Product Image"></a><p>DEGNJU A19 LED Light Bulbs, 60 Watt Equivalent LED Bulbs, Soft White 2700K, 800 Lumens, E26 Standard Base, Non-Dimmable, 8.5W Warm White LED Bulbs for Bedroom Living Room, 3 Pack</p><p> -33% 0FF </p><p>$7.98 ($2.66 / Count)</p><a href="https://www.amazon.com/dp/B0CCB442CF?tag=eloabder-20&linkCode=osi&th=1&psc=1">View Product</a></div>
<div class="product"><a href="https://www.amazon.com/dp/B08NX1XYBN?tag=eloabder-20&linkCode=osi&th=1&psc=1"><img src="https://m.media-amazon.com/images/I/51lfim+ZIRL._SL500_.jpg" alt="Product Image"></a><p>DIYSELF 2Pack Utility Knife Box Cutter Retractable Blade Heavy Duty(Red)</p><p> -38% 0FF </p><p>$7.99 ($4.00 / Count)</p><a href="https://www.amazon.com/dp/B08NX1XYBN?tag=eloabder-20&linkCode=osi&th=1&psc=1">View Product</a></div><div class="product"><a href="https://www.amazon.com/dp/B08HCW4V4G?tag=eloabder-20&linkCode=osi&th=1&psc=1"><img src="https://m.media-amazon.com/images/I/51A4GvNLy1S._SL500_.jpg" alt="Product Image"></a><p>HORUSDY 4-Pack Box Cutter Utility Knife, Heavy Duty Aluminum Shell Retractable Box Cutter for Cardboard, Boxes and Cartons, Extra 10 Blades.</p><p> -23% 0FF </p><p>$9.99 ($2.50 / Count)</p><a href="https://www.amazon.com/dp/B08HCW4V4G?tag=eloabder-20&linkCode=osi&th=1&psc=1">View Product</a></div><div class="product"><a href="https://www.amazon.com/dp/B097SXK3FG?tag=eloabder-20&linkCode=osi&th=1&psc=1"><img src="https://m.media-amazon.com/images/I/41QvJkjjQuL._SL500_.jpg" alt="Product Image"></a><p>WORKPRO Premium Utility Knife, Retractable All Metal Heavy Duty Box Cutter, Quick Change Blade Razor Knife, with 10 Extra Blades</p><p> -25% 0FF </p><p>$8.99</p><a href="https://www.amazon.com/dp/B097SXK3FG?tag=eloabder-20&linkCode=osi&th=1&psc=1">View Product</a></div><div class="product"><a href="https://www.amazon.com/dp/B01M27QHE2?tag=eloabder-20&linkCode=osi&th=1&psc=1"><img src="https://m.media-amazon.com/images/I/51ULro8xW3L._SL500_.jpg" alt="Product Image"></a><p>INTERNET'S BEST Premium Utility Knife Set | Retractable Box Cutter with Rubber Handle | Heavy-Duty Cutting for Cardboard, Carpet, Plastic | Retractable Blade | Includes 2 Razor Knives & Extra Blades</p><p> -25% 0FF </p><p>$14.99</p><a href="https://www.amazon.com/dp/B01M27QHE2?tag=eloabder-20&linkCode=osi&th=1&psc=1">View Product</a></div><div class="product"><a href="https://www.amazon.com/dp/B09JYJLQXF?tag=eloabder-20&linkCode=osi&th=1&psc=1"><img src="https://m.media-amazon.com/images/I/51IqddPa30L._SL500_.jpg" alt="Product Image"></a><p>M MEEPO Box Cutter, 4-Pack Tough Folding Box Cutter for Heavy Duty Purpose, Razor Sharp Blade, Comfortable Handle, with Extra 10-Piece Blades, Can cut Drywall, Sheet Plastic, Linoleum, Boxes, Rope</p><p> -31% 0FF </p><p>$10.99 ($2.75 / Count)</p><a href="https://www.amazon.com/dp/B09JYJLQXF?tag=eloabder-20&linkCode=osi&th=1&psc=1">View Product</a></div><div class="product"><a href="https://www.amazon.com/dp/B09K7SJH6X?tag=eloabder-20&linkCode=osi&th=1&psc=1"><img src="https://m.media-amazon.com/images/I/41-bwfYeYRL._SL500_.jpg" alt="Product Image"></a><p>WORKPRO Folding Utility Knife with Stainless Steel Head, Quick-change Blade & Back Lock, Wood Handle Heavy Duty Box Cutter, 1PC Razor Knife with Extra 10PC SK5 Blades</p><p> -25% 0FF </p><p>$14.99</p><a href="https://www.amazon.com/dp/B09K7SJH6X?tag=eloabder-20&linkCode=osi&th=1&psc=1">View Product</a></div><div class="product"><a href="https://www.amazon.com/dp/B07DXTP9M9?tag=eloabder-20&linkCode=osi&th=1&psc=1"><img src="https://m.media-amazon.com/images/I/51DsWoOdb2L._SL500_.jpg" alt="Product Image"></a><p>REXBETI 12-Pack Utility Knife, Retractable Box Cutter for Cartons, Cardboard and Boxes, 18mm Wider Razor Sharp Blade, Smooth Mechanism, Perfect for Office and Home use</p><p> -60% 0FF </p><p>$9.99</p><a href="https://www.amazon.com/dp/B07DXTP9M9?tag=eloabder-20&linkCode=osi&th=1&psc=1">View Product</a></div>
<div class="product"><a href="https://www.amazon.com/dp/B07P6PH5SB?tag=eloabder-20&linkCode=osi&th=1&psc=1"><img src="https://m.media-amazon.com/images/I/41h9Fp94OLL._SL500_.jpg" alt="Product Image"></a><p>3M SecureFit Safety Helmet - Climbing Style Inspired Safety Helmet with 6 Point Suspension System, Non-Vented, White, X5001-ANSI, for Construction and Heavy Infrastructure</p><p> -39% 0FF </p><p>$64.83</p><a href="https://www.amazon.com/dp/B07P6PH5SB?tag=eloabder-20&linkCode=osi&th=1&psc=1">View Product</a></div><div class="product"><a href="https://www.amazon.com/dp/B0DCVQRJCJ?tag=eloabder-20&linkCode=osi&th=1&psc=1"><img src="https://m.media-amazon.com/images/I/41bpS1WjabL._SL500_.jpg" alt="Product Image"></a><p>QYZZRS Generator Interlock Kit Compatible with Eaton Cutler Hammer 100 Amp and 125 Amp Panels Breaker,for Safe Usage of Portable Power During Outage,Professional and Interlock Kit (1)</p><p> -16% 0FF </p><p>$27.59</p><a href="https://www.amazon.com/dp/B0DCVQRJCJ?tag=eloabder-20&linkCode=osi&th=1&psc=1">View Product</a></div><div class="product"><a href="https://www.amazon.com/dp/B00C01W6DG?tag=eloabder-20&linkCode=osi&th=1&psc=1"><img src="https://m.media-amazon.com/images/I/41ajsEzhqeL._SL500_.jpg" alt="Product Image"></a><p>ICC Cat6 Riser 1000ft - UTP 23AWG, 100% Solid Pure Copper, Unshielded CMR, Bulk Ethernet Cable, PoE++, 500MHz, Reelex Pull Box, UL Certified, RoHS and TAA Compliant, Blue</p><p> -9% 0FF </p><p>$142.39</p><a href="https://www.amazon.com/dp/B00C01W6DG?tag=eloabder-20&linkCode=osi&th=1&psc=1">View Product</a></div><div class="product"><a href="https://www.amazon.com/dp/B00QXTXSKQ?tag=eloabder-20&linkCode=osi&th=1&psc=1"><img src="https://m.media-amazon.com/images/I/31dvw-xXqDL._SL500_.jpg" alt="Product Image"></a><p>MSA 10048280 Calibration Cylinder, Aluminium Gas Bottle, 34 Liter, 1.45% CH4, 15% O2, 60 PPM CO, 20 PPM H2S, Galaxy GX2 System Test Stand Compatible, Multi-Use Air Tank</p><p> -11% 0FF </p><p>$364.02</p><a href="https://www.amazon.com/dp/B00QXTXSKQ?tag=eloabder-20&linkCode=osi&th=1&psc=1">View Product</a></div><div class="product"><a href="https://www.amazon.com/dp/B016N3609W?tag=eloabder-20&linkCode=osi&th=1&psc=1"><img src="https://m.media-amazon.com/images/I/31qfvZRAQaL._SL500_.jpg" alt="Product Image"></a><p>MSA 815641 Advantage Respirator Cartridge - Iodine Vapor/P100 (GMI), Quantity: 2 per Pack, Chemical and Combination Air-Purifying Respirator Cartridge</p><p> -38% 0FF </p><p>$22.72 ($11.36 / Count)</p><a href="https://www.amazon.com/dp/B016N3609W?tag=eloabder-20&linkCode=osi&th=1&psc=1">View Product</a></div>
<div class="product"><a href="https://www.amazon.com/dp/B00JKHFR2K?tag=eloabder-20&linkCode=osi&th=1&psc=1"><img src="https://m.media-amazon.com/images/I/31-VtYKPhLL._SL500_.jpg" alt="Product Image"></a><p>Childcraft Construction Paper, 9 x 12 Inches, Assorted Colors, 500 Sheets - 1465886</p><p> -12% 0FF </p><p>$14.02 ($0.03 / Count)</p><a href="https://www.amazon.com/dp/B00JKHFR2K?tag=eloabder-20&linkCode=osi&th=1&psc=1">View Product</a></div><div class="product"><a href="https://www.amazon.com/dp/B07BPWV83H?tag=eloabder-20&linkCode=osi&th=1&psc=1"><img src="https://m.media-amazon.com/images/I/51lp+IIfd7L._SL500_.jpg" alt="Product Image"></a><p>REXBETI Knee Pads for Work, Construction Gel Knee Pads Tools, Heavy Duty Comfortable Anti-slip Foam Knee Pads for Cleaning Flooring and Garden, Strong Stretchable Straps, 1 Pair</p><p> -28% 0FF </p><p>$25.99</p><a href="https://www.amazon.com/dp/B07BPWV83H?tag=eloabder-20&linkCode=osi&th=1&psc=1">View Product</a></div><div class="product"><a href="https://www.amazon.com/dp/B0CQ755FYH?tag=eloabder-20&linkCode=osi&th=1&psc=1"><img src="https://m.media-amazon.com/images/I/41lT80YapPL._SL500_.jpg" alt="Product Image"></a><p>Laser Level with Tripod, Huepar 98Ft Self Leveling Laser Level Green Line Laser Cross Line Laser Leveler Tool for Picture Hanging, Tile, Home Renovation, Indoor Project, Battery&Carrying Bag Included</p><p> -38% 0FF </p><p>$49.99</p><a href="https://www.amazon.com/dp/B0CQ755FYH?tag=eloabder-20&linkCode=osi&th=1&psc=1">View Product</a></div><div class="product"><a href="https://www.amazon.com/dp/B09W8LBWJH?tag=eloabder-20&linkCode=osi&th=1&psc=1"><img src="https://m.media-amazon.com/images/I/4115vnIiXsL._SL500_.jpg" alt="Product Image"></a><p>Deinyi Construction Toddler Utensils - Toddler Forks and Spoons - Kids Spoon and Fork Set - Suitable for Kids Utensils - Baby Utensils, Portable Utensils Set for 1 2 3 4 5 year old Toddlers, Yellow</p><p> -37% 0FF </p><p>$11.99</p><a href="https://www.amazon.com/dp/B09W8LBWJH?tag=eloabder-20&linkCode=osi&th=1&psc=1">View Product</a></div><div class="product"><a href="https://www.amazon.com/dp/B002LARR76?tag=eloabder-20&linkCode=osi&th=1&psc=1"><img src="https://m.media-amazon.com/images/I/31K2j809lBL._SL500_.jpg" alt="Product Image"></a><p>Prang (Formerly SunWorks) Construction Paper, Brown, 9" x 12", 100 Sheets</p><p> -11% 0FF </p><p>$4.27 ($0.04 / Count)</p><a href="https://www.amazon.com/dp/B002LARR76?tag=eloabder-20&linkCode=osi&th=1&psc=1">View Product</a></div>
<div class="product"><a href="https://www.amazon.com/dp/B08GFP7PSK?tag=eloabder-20&linkCode=osi&th=1&psc=1"><img src="https://m.media-amazon.com/images/I/41gooaY8RRL._SL500_.jpg" alt="Product Image"></a><p>BESTAMTOY 36 PCS Wooden Sorting Stacking Rocks Stones,Sensory Toddler Toys Learning Montessori Toys, Building Blocks Game for Kids 3 4 5 6 Years Boy and Girl Birthday Gifts for Kids</p><p> -36% 0FF </p><p>$23.19</p><a href="https://www.amazon.com/dp/B08GFP7PSK?tag=eloabder-20&linkCode=osi&th=1&psc=1">View Product</a></div><div class="product"><a href="https://www.amazon.com/dp/B0CWVT99MF?tag=eloabder-20&linkCode=osi&th=1&psc=1"><img src="https://m.media-amazon.com/images/I/31v6b-LC5ML._SL500_.jpg" alt="Product Image"></a><p>IRWIN Quick-Lift Construction Jack, Hand Lifting Jack Tool, Multifunctional, Lift up to 10" and Lift Capacity 330 lbs (IRHT83100)</p><p> -9% 0FF </p><p>$89.99</p><a href="https://www.amazon.com/dp/B0CWVT99MF?tag=eloabder-20&linkCode=osi&th=1&psc=1">View Product</a></div><div class="product"><a href="https://www.amazon.com/dp/B0BWY4444M?tag=eloabder-20&linkCode=osi&th=1&psc=1"><img src="https://m.media-amazon.com/images/I/51esMBM0unL._SL500_.jpg" alt="Product Image"></a><p>XClifes Labor Saving Handle 2 Pack,15 In Construction Jack, Wall Tile Locator, Multi-Function Height Adjustment Lifting Device, Door Panel Lifting Cabinet Jack,Raised 10 in,Dynamic Load 470 LB</p><p> -69% 0FF </p><p>$43.99</p><a href="https://www.amazon.com/dp/B0BWY4444M?tag=eloabder-20&linkCode=osi&th=1&psc=1">View Product</a></div><div class="product"><a href="https://www.amazon.com/dp/0021402442?tag=eloabder-20&linkCode=osi&th=1&psc=1"><img src="https://m.media-amazon.com/images/I/511QbiOnlIL._SL500_.jpg" alt="Product Image"></a><p>Glencoe Carpentry and Building Construction, Student Edition (CARPENTRY & BLDG CONSTRUCTION)</p><p> -47% 0FF </p><p>$59.50</p><a href="https://www.amazon.com/dp/0021402442?tag=eloabder-20&linkCode=osi&th=1&psc=1">View Product</a></div><div class="product"><a href="https://www.amazon.com/dp/B08R3TW6PD?tag=eloabder-20&linkCode=osi&th=1&psc=1"><img src="https://m.media-amazon.com/images/I/51Ca5qyFUyL._SL500_.jpg" alt="Product Image"></a><p>Coodoo Upgraded Magnetic Blocks Tough Tiles STEM Toys for 3+ Year Old Boys and Girls Learning by Playing Games for Toddlers Kids, Compatible with Major Brands Building Blocks - Starter Set</p><p> -9% 0FF </p><p>$19.99</p><a href="https://www.amazon.com/dp/B08R3TW6PD?tag=eloabder-20&linkCode=osi&th=1&psc=1">View Product</a></div><div class="product"><a href="https://www.amazon.com/dp/B0D17SV1WJ?tag=eloabder-20&linkCode=osi&th=1&psc=1"><img src="https://m.media-amazon.com/images/I/41GZRx1QfVL._SL500_.jpg" alt="Product Image"></a><p>10 Pcs Interlocking Deck Tiles 12" x 12", Patio Flooring Outdoor Waterproof, Acacia Wood Tiles All Weather, Floor Tiles for Balcony, Backyard, Indoor and Outdoor use‚Ä¶ (Espresso)</p><p> -15% 0FF </p><p>$38.99</p><a href="https://www.amazon.com/dp/B0D17SV1WJ?tag=eloabder-20&linkCode=osi&th=1&psc=1">View Product</a></div><div class="product"><a href="https://www.amazon.com/dp/B0CPCZ3V7C?tag=eloabder-20&linkCode=osi&th=1&psc=1"><img src="https://m.media-amazon.com/images/I/51zv+eT4kkL._SL500_.jpg" alt="Product Image"></a><p>Titrot Magnetic Blocks Kids Toys, Large Magnetic Building Sticks STEM Educational Sensory Toy Preschool Learning Montessori Toys for Toddlers Boys Girls Ages 3-8 with 1 Car</p><p> -17% 0FF </p><p>$24.99</p><a href="https://www.amazon.com/dp/B0CPCZ3V7C?tag=eloabder-20&linkCode=osi&th=1&psc=1">View Product</a></div>

<div class="product"><a href="https://www.amazon.com/dp/B0D676KYMV?tag=eloabder-20&linkCode=osi&th=1&psc=1"><img src="https://m.media-amazon.com/images/I/41dhQyG9XZL._SL500_.jpg" alt="Product Image"></a><p>Dimgogo Hexagon LED Garage Ceiling Lights,25 Pack 17280LM Super Bright LED car Lights for Warehouse Basement Workshop Gym Car Detailing Shop Wash Room</p><p> -21% 0FF </p><p>$69.99</p><a href="https://www.amazon.com/dp/B0D676KYMV?tag=eloabder-20&linkCode=osi&th=1&psc=1">View Product</a></div>
<div class="product"><a href="https://www.amazon.com/dp/B0C73SFP11?tag=eloabder-20&linkCode=osi&th=1&psc=1"><img src="https://m.media-amazon.com/images/I/31+p7lB1nDL._SL500_.jpg" alt="Product Image"></a><p>2 Pack, 9 Inch Clear Non-Skid Lazy Susan Organizers - Turntable Rack for Kitchen Cabinet, Pantry Organization and Storage, Fridge, Bathroom Closet, Vanity Countertop Makeup Organizing, Spice Rack</p><p> -32% 0FF </p><p>$12.98</p><a href="https://www.amazon.com/dp/B0C73SFP11?tag=eloabder-20&linkCode=osi&th=1&psc=1">View Product</a></div><div class="product"><a href="https://www.amazon.com/dp/B098991PPP?tag=eloabder-20&linkCode=osi&th=1&psc=1"><img src="https://m.media-amazon.com/images/I/41pFHdubflL._SL500_.jpg" alt="Product Image"></a><p>SpaceAid Heavy Duty Moving Bags, Extra Large Storage Totes W/Backpack Straps Strong Handles & Zippers, Alternative to Moving Boxes, Packing & Moving Supplies, Black (8 Pack)</p><p> -24% 0FF </p><p>$36.99 ($4.62 / Count)</p><a href="https://www.amazon.com/dp/B098991PPP?tag=eloabder-20&linkCode=osi&th=1&psc=1">View Product</a></div>
<div class="product"><a href="https://www.amazon.com/dp/B001JT1LCW?tag=eloabder-20&linkCode=osi&th=1&psc=1"><img src="https://m.media-amazon.com/images/I/41-NrbTtXOL._SL500_.jpg" alt="Product Image"></a><p>Logistic Ratchet Strap, 16ft x 2In, 1000lb</p><p> -37% 0FF </p><p>$11.13</p><a href="https://www.amazon.com/dp/B001JT1LCW?tag=eloabder-20&linkCode=osi&th=1&psc=1">View Product</a></div>
<div class="product"><a href="https://www.amazon.com/dp/B07MM6D6H8?tag=eloabder-20&linkCode=osi&th=1&psc=1"><img src="https://m.media-amazon.com/images/I/51-5i+GLJFL._SL500_.jpg" alt="Product Image"></a><p>edxeducation Transport Counters - Mini Jar - Set of 36 - Learn Counting, Colors, Sorting and Sequencing - Hands-on Math Manipulative for Kids</p><p> -6% 0FF </p><p>$12.66</p><a href="https://www.amazon.com/dp/B07MM6D6H8?tag=eloabder-20&linkCode=osi&th=1&psc=1">View Product</a></div><div class="product"><a href="https://www.amazon.com/dp/B0058ORV6Y?tag=eloabder-20&linkCode=osi&th=1&psc=1"><img src="https://m.media-amazon.com/images/I/415rpz1mnxL._SL500_.jpg" alt="Product Image"></a><p>Didax Educational Resources Transportation Counters, 72</p><p> -31% 0FF </p><p>$14.50</p><a href="https://www.amazon.com/dp/B0058ORV6Y?tag=eloabder-20&linkCode=osi&th=1&psc=1">View Product</a></div><div class="product"><a href="https://www.amazon.com/dp/B0BWNRKN6Y?tag=eloabder-20&linkCode=osi&th=1&psc=1"><img src="https://m.media-amazon.com/images/I/51Fau8rx1IL._SL500_.jpg" alt="Product Image"></a><p>Reusable Sticker Book for Kids, Vehicles Truck Stickers Educational Learning Toys Travel Stickers Activity Books for Toddler Girls Boys Age 3+ Birthday Gifts</p><p> -34% 0FF </p><p>$5.95</p><a href="https://www.amazon.com/dp/B0BWNRKN6Y?tag=eloabder-20&linkCode=osi&th=1&psc=1">View Product</a></div>
<div class="product"><a href="https://www.amazon.com/dp/B0BLTY38V7?tag=eloabder-20&linkCode=osi&th=1&psc=1"><img src="https://m.media-amazon.com/images/I/31zmVFnuy3L._SL500_.jpg" alt="Product Image"></a><p>SWEETAPRIL Slow Moving Vehicle Sign, Rust Free Aluminum Slow Moving Vehicle Triangle Signs, 14"X16", 40-Mil Thick Diamond Grade Reflective For Golf Cart, For Golf Cart, Tractor, Utv, Safety Signs</p><p> -47% 0FF </p><p>$9.99</p><a href="https://www.amazon.com/dp/B0BLTY38V7?tag=eloabder-20&linkCode=osi&th=1&psc=1">View Product</a></div><div class="product"><a href="https://www.amazon.com/dp/B0D9NXPMMR?tag=eloabder-20&linkCode=osi&th=1&psc=1"><img src="https://m.media-amazon.com/images/I/418RV63IwdL._SL500_.jpg" alt="Product Image"></a><p>Mini Car Trash Can Bin with Lid and One Roll Plastic Trash Bags, Small Car Garbage Can Leakproof Car Accessories Trash Bin Car Dustbin Organizer Container for Car, Vehicle, Office, Home</p><p> -16% 0FF </p><p>$9.98</p><a href="https://www.amazon.com/dp/B0D9NXPMMR?tag=eloabder-20&linkCode=osi&th=1&psc=1">View Product</a></div><div class="product"><a href="https://www.amazon.com/dp/B000UHP9EU?tag=eloabder-20&linkCode=osi&th=1&psc=1"><img src="https://m.media-amazon.com/images/I/31wK9xXH7wL._SL500_.jpg" alt="Product Image"></a><p>FIRST ALERT AUTOMAR10 Car and Marine Fire Extinguisher, FE10GR, UL RATED 10-B:C, White, 1-Pack</p><p> -32% 0FF </p><p>$26.44</p><a href="https://www.amazon.com/dp/B000UHP9EU?tag=eloabder-20&linkCode=osi&th=1&psc=1">View Product</a></div><div class="product"><a href="https://www.amazon.com/dp/B0CQSH2J4R?tag=eloabder-20&linkCode=osi&th=1&psc=1"><img src="https://m.media-amazon.com/images/I/41NenTedbdL._SL500_.jpg" alt="Product Image"></a><p>Yaocom 1 Set Slow Moving Vehicle Sign with Mounting Bracket 14 x 16 Inch Slow Moving Vehicle Triangle Signs Aluminum Slow Sign Warning Triangles for Vehicles Golf Cart Tractor Outdoor Accessories</p><p> -5% 0FF </p><p>$18.99</p><a href="https://www.amazon.com/dp/B0CQSH2J4R?tag=eloabder-20&linkCode=osi&th=1&psc=1">View Product</a></div><div class="product"><a href="https://www.amazon.com/dp/B000P0DPGQ?tag=eloabder-20&linkCode=osi&th=1&psc=1"><img src="https://m.media-amazon.com/images/I/41S75Iev+4L._SL500_.jpg" alt="Product Image"></a><p>FIRST ALERT AUTO5 Car Fire Extinguisher, FESA5, UL RATED 5-B:C, Red, 1-Pack</p><p> -39% 0FF </p><p>$23.77</p><a href="https://www.amazon.com/dp/B000P0DPGQ?tag=eloabder-20&linkCode=osi&th=1&psc=1">View Product</a></div><div class="product"><a href="https://www.amazon.com/dp/B00CGSF4F0?tag=eloabder-20&linkCode=osi&th=1&psc=1"><img src="https://m.media-amazon.com/images/I/41O8ARwr2cL._SL500_.jpg" alt="Product Image"></a><p>BAZIC 12 X 16 Inches Sale Sign, 2-Line (L-2)</p><p> -12% 0FF </p><p>$5.13</p><a href="https://www.amazon.com/dp/B00CGSF4F0?tag=eloabder-20&linkCode=osi&th=1&psc=1">View Product</a></div>
<div class="product"><a href="https://www.amazon.com/dp/B0829D1D7V?tag=eloabder-20&linkCode=osi&th=1&psc=1"><img src="https://m.media-amazon.com/images/I/51J7vVLjl6L._SL500_.jpg" alt="Product Image"></a><p>2-Pack Bubble Cushioning Nylon Wrap Rolls, 3/16" x 12" x 72' ft Total, Perforated Every 12", 20 Fragile Stickers for Packaging, Shipping, Mailing</p><p> -15% 0FF </p><p>$15.50 ($7.75 / Count)</p><a href="https://www.amazon.com/dp/B0829D1D7V?tag=eloabder-20&linkCode=osi&th=1&psc=1">View Product</a></div><div class="product"><a href="https://www.amazon.com/dp/B09GPNQCW4?tag=eloabder-20&linkCode=osi&th=1&psc=1"><img src="https://m.media-amazon.com/images/I/416VMuii7+L._SL500_.jpg" alt="Product Image"></a><p>Donyson Frosted T Shirt Bags 10x13, 100 Pack Clear Bags for Packaging, Package Bags, Packaging Bags for Small Business, Shipping Bags with Handle</p><p> -5% 0FF </p><p>$20.99 ($0.21 / Count)</p><a href="https://www.amazon.com/dp/B09GPNQCW4?tag=eloabder-20&linkCode=osi&th=1&psc=1">View Product</a></div><div class="product"><a href="https://www.amazon.com/dp/B000J07BRQ?tag=eloabder-20&linkCode=osi&th=1&psc=1"><img src="https://m.media-amazon.com/images/I/517ZAgVhtNL._SL500_.jpg" alt="Product Image"></a><p>Scotch Heavy Duty Shipping and Moving Packing Tape, Clear, Packing and Moving Supplies, 1.88 in. x 22.2 yd., 6 Tape Rolls with Dispensers</p><p> -31% 0FF </p><p>$13.88</p><a href="https://www.amazon.com/dp/B000J07BRQ?tag=eloabder-20&linkCode=osi&th=1&psc=1">View Product</a></div>

<div class="product"><a href="https://www.amazon.com/dp/B09ZV2364K?tag=eloabder-20&linkCode=osi&th=1&psc=1"><img src="https://m.media-amazon.com/images/I/41Ts3dr3u3L._SL500_.jpg" alt="Product Image"></a><p>DEKOPRO Submersible Water Pump 1/3 HP 2450GPH Utility Pump Thermoplastic Electric Portable Transfer Water Pump with 10-Foot Cord for Pool Tub Garden Pond Draining</p><p> -32% 0FF </p><p>$40.99</p><a href="https://www.amazon.com/dp/B09ZV2364K?tag=eloabder-20&linkCode=osi&th=1&psc=1">View Product</a></div><div class="product"><a href="https://www.amazon.com/dp/B0CRKY91RW?tag=eloabder-20&linkCode=osi&th=1&psc=1"><img src="https://m.media-amazon.com/images/I/31v5rVK5BPL._SL500_.jpg" alt="Product Image"></a><p>Sump Pump Submersible 1.4HP 4800GPH Water Pump Electric for Portable Transfer Water Pump Sump Pumps Utility Pump with 8 Accessories for Pool Draining Basement, 120 Voltage</p><p> -21% 0FF </p><p>$49.00</p><a href="https://www.amazon.com/dp/B0CRKY91RW?tag=eloabder-20&linkCode=osi&th=1&psc=1">View Product</a></div><div class="product"><a href="https://www.amazon.com/dp/B09Y918453?tag=eloabder-20&linkCode=osi&th=1&psc=1"><img src="https://m.media-amazon.com/images/I/41rSFmVH4hL._SL500_.jpg" alt="Product Image"></a><p>FOTING Sump Pump 1HP 3960 GPH for Clean/Dirty Water Use, Thermoplastic Submersible Water Pump Utility Electric Portable Transfer Pump for Swimming Pool Garden Pond Basement Window Wells with 25ft Cord</p><p> -14% 0FF </p><p>$66.99</p><a href="https://www.amazon.com/dp/B09Y918453?tag=eloabder-20&linkCode=osi&th=1&psc=1">View Product</a></div>
<div class="product"><a href="https://www.amazon.com/dp/B085RV5SRY?tag=eloabder-20&linkCode=osi&th=1&psc=1"><img src="https://m.media-amazon.com/images/I/41Irw5yYT4L._SL500_.jpg" alt="Product Image"></a><p>(Pack of 10) EFIELD 1/2 Inch Pex Crimp Brass Full Port Shut-off Ball Valve for Hot and Cold Water, UPC Certified</p><p> -35% 0FF </p><p>$29.95 ($3.00 / Count)</p><a href="https://www.amazon.com/dp/B085RV5SRY?tag=eloabder-20&linkCode=osi&th=1&psc=1">View Product</a></div>
<div class="product"><a href="https://www.amazon.com/dp/B07MTK9Y31?tag=eloabder-20&linkCode=osi&th=1&psc=1"><img src="https://m.media-amazon.com/images/I/41w52vo9Q9L._SL500_.jpg" alt="Product Image"></a><p>GeilSpace 6 Pack 3/4" √ó 12" Pre-Cut Black Metal Pipe, Industrial Steel Fits Standard Three Quarters Inch Black Threaded Pipes and Fittings - Vintage DIY Industrial Shelving (3/4" √ó 12", Black)</p><p> -19% 0FF </p><p>$21.99 ($3.66 / Count)</p><a href="https://www.amazon.com/dp/B07MTK9Y31?tag=eloabder-20&linkCode=osi&th=1&psc=1">View Product</a></div><div class="product"><a href="https://www.amazon.com/dp/B000OHANEM?tag=eloabder-20&linkCode=osi&th=1&psc=1"><img src="https://m.media-amazon.com/images/I/51G4C0ueewL._SL500_.jpg" alt="Product Image"></a><p>Flex-Drain 51710 Flexible/Expandable Solid Drainage Pipe, 3.37in (Inside Diameter) by 12ft</p><p> -16% 0FF </p><p>$14.27</p><a href="https://www.amazon.com/dp/B000OHANEM?tag=eloabder-20&linkCode=osi&th=1&psc=1">View Product</a></div><div class="product"><a href="https://www.amazon.com/dp/B0009PU9CK?tag=eloabder-20&linkCode=osi&th=1&psc=1"><img src="https://m.media-amazon.com/images/I/31NqDYLrlqL._SL500_.jpg" alt="Product Image"></a><p>Rectorseal 25790 1-3/4-Ounce Tube No.5 Pipe Thread Sealant</p><p> -20% 0FF </p><p>$4.63 ($2.63 / Ounce)</p><a href="https://www.amazon.com/dp/B0009PU9CK?tag=eloabder-20&linkCode=osi&th=1&psc=1">View Product</a></div><div class="product"><a href="https://www.amazon.com/dp/B06XDK78GQ?tag=eloabder-20&linkCode=osi&th=1&psc=1"><img src="https://m.media-amazon.com/images/I/41h6Lm9j-EL._SL500_.jpg" alt="Product Image"></a><p>Hiware Drinking Straw Cleaner Brush Kit - (3-Size) 9-Piece Extra Long Pipe Cleaners, Straw Cleaning Brush For Tumbler, Sippy Cup, Bottle and Tube</p><p> -38% 0FF </p><p>$4.99</p><a href="https://www.amazon.com/dp/B06XDK78GQ?tag=eloabder-20&linkCode=osi&th=1&psc=1">View Product</a></div><div class="product"><a href="https://www.amazon.com/dp/B0D75YFQYX?tag=eloabder-20&linkCode=osi&th=1&psc=1"><img src="https://m.media-amazon.com/images/I/31eJKO5QnML._SL500_.jpg" alt="Product Image"></a><p>3/4 inch Water Pipe Repair Clamp,Emergency Pipe Repair Kit for Plastic and Metal Pipes,Suitable for PE/PVC pipe repair,Steel Pipes,Iron Pipes(19mm-21mm)</p><p> -20% 0FF </p><p>$9.99</p><a href="https://www.amazon.com/dp/B0D75YFQYX?tag=eloabder-20&linkCode=osi&th=1&psc=1">View Product</a></div>
<div class="product"><a href="https://www.amazon.com/dp/B098LMBLNW?tag=eloabder-20&linkCode=osi&th=1&psc=1"><img src="https://m.media-amazon.com/images/I/51g1okYsY5L._SL500_.jpg" alt="Product Image"></a><p>1/2" Pex Fittings, SUNGATOR 45 PCS 1/2 Inch Pex Fittings Set, 15 Each Elbow Tee Coupling Pex Fittings for Pex Pipe, No Lead Brass, ASTM F1807</p><p> -8% 0FF </p><p>$33.99</p><a href="https://www.amazon.com/dp/B098LMBLNW?tag=eloabder-20&linkCode=osi&th=1&psc=1">View Product</a></div><div class="product"><a href="https://www.amazon.com/dp/B0C3HBKCBY?tag=eloabder-20&linkCode=osi&th=1&psc=1"><img src="https://m.media-amazon.com/images/I/51PQ+3I4XiL._SL500_.jpg" alt="Product Image"></a><p>KOOTANS 66pcs Brass Pipe Fittings Assortment NPT Adapter Fitting, Reducer Bushing, Hex Nipple, Reducing Hex Coupling, Pipe Head Brass Plug Kit</p><p> -13% 0FF </p><p>$69.99</p><a href="https://www.amazon.com/dp/B0C3HBKCBY?tag=eloabder-20&linkCode=osi&th=1&psc=1">View Product</a></div>
<div class="product"><a href="https://www.amazon.com/dp/B08G1B6Z73?tag=eloabder-20&linkCode=osi&th=1&psc=1"><img src="https://m.media-amazon.com/images/I/41fPrg-ewYS._SL500_.jpg" alt="Product Image"></a><p>SANFU Polyurethane Recoil Air Compressor Hose 1/4"ID x 25FT Long Tail with Bend Restrictor,1/4‚Äù MNPT Fittings Brass Quick Coupler and Plug, Blue(25')</p><p> -50% 0FF </p><p>$8.99 ($0.36 / Foot)</p><a href="https://www.amazon.com/dp/B08G1B6Z73?tag=eloabder-20&linkCode=osi&th=1&psc=1">View Product</a></div><div class="product"><a href="https://www.amazon.com/dp/B0D227WPF7?tag=eloabder-20&linkCode=osi&th=1&psc=1"><img src="https://m.media-amazon.com/images/I/41YwBSYYHuL._SL500_.jpg" alt="Product Image"></a><p>SANFU Polyurethane(PU) Air Hose 1/4-Inch x 100ft Reinforced, lightweight, Flexible, 300PSI With 1/4‚Äù Swivel Aluminum Universal 3IN1 Coupler and Plug, 1PCS Safery Coupler, Bend Restrictor</p><p> -50% 0FF </p><p>$25.99 ($0.26 / Foot)</p><a href="https://www.amazon.com/dp/B0D227WPF7?tag=eloabder-20&linkCode=osi&th=1&psc=1">View Product</a></div><div class="product"><a href="https://www.amazon.com/dp/B09W4KSB5X?tag=eloabder-20&linkCode=osi&th=1&psc=1"><img src="https://m.media-amazon.com/images/I/51w1yQMw7aL._SL500_.jpg" alt="Product Image"></a><p>DAVCO 1/2" ID x 25 ft PVC Reinforced Tubing With Spiral Steel Wire, High Pressure Flexible Vinyl Hose Heavy Duty Clear Suction Tube,Non-Toxic, Vacuum Dust Collection Pipe</p><p> -50% 0FF </p><p>$16.99 ($0.68 / Foot)</p><a href="https://www.amazon.com/dp/B09W4KSB5X?tag=eloabder-20&linkCode=osi&th=1&psc=1">View Product</a></div>

<div class="product"><a href="https://www.amazon.com/dp/B0CYYYZRV9?tag=eloabder-20&linkCode=osi&th=1&psc=1"><img src="https://m.media-amazon.com/images/I/41glXO+YSbL._SL500_.jpg" alt="Product Image"></a><p>YAMASO 20 Pcs 608 2RS Ball Bearings ‚Äì Bearing Steel and Double Rubber Sealed Miniature Deep Groove Ball Bearings (8mm x 22mm x 7mm)</p><p> -8% 0FF </p><p>$5.49</p><a href="https://www.amazon.com/dp/B0CYYYZRV9?tag=eloabder-20&linkCode=osi&th=1&psc=1">View Product</a></div><div class="product"><a href="https://www.amazon.com/dp/B09PKD8QZZ?tag=eloabder-20&linkCode=osi&th=1&psc=1"><img src="https://m.media-amazon.com/images/I/41BYfJNmMoL._SL500_.jpg" alt="Product Image"></a><p>SHKI 20 Pcs 608 2RS Ball Bearings ‚Äì Bearing Steel and Double Rubber Sealed Miniature Deep Groove Ball Bearings (8mm x 22mm x 7mm) (608 2RS)</p><p> -40% 0FF </p><p>$5.99 ($0.30 / Count)</p><a href="https://www.amazon.com/dp/B09PKD8QZZ?tag=eloabder-20&linkCode=osi&th=1&psc=1">View Product</a></div><div class="product"><a href="https://www.amazon.com/dp/B073ST742Z?tag=eloabder-20&linkCode=osi&th=1&psc=1"><img src="https://m.media-amazon.com/images/I/51dWjQm393L._SL500_.jpg" alt="Product Image"></a><p>100 Pack 608-2RS Skateboard Bearing, Rolling Bearings, 8x22x7mm 608rs Bearing</p><p> -11% 0FF </p><p>$17.79</p><a href="https://www.amazon.com/dp/B073ST742Z?tag=eloabder-20&linkCode=osi&th=1&psc=1">View Product</a></div><div class="product"><a href="https://www.amazon.com/dp/B07216D1SZ?tag=eloabder-20&linkCode=osi&th=1&psc=1"><img src="https://m.media-amazon.com/images/I/41P6KPblNDL._SL500_.jpg" alt="Product Image"></a><p>Sackorange 608 ZZ Skateboard Bearings, Double Shielded,8x22x7 Miniature Ball BearingsÔºàPack of 20)</p><p> -29% 0FF </p><p>$7.79</p><a href="https://www.amazon.com/dp/B07216D1SZ?tag=eloabder-20&linkCode=osi&th=1&psc=1">View Product</a></div>
<div class="product"><a href="https://www.amazon.com/dp/B09KRGTLVM?tag=eloabder-20&linkCode=osi&th=1&psc=1"><img src="https://m.media-amazon.com/images/I/41zMlgeopqL._SL500_.jpg" alt="Product Image"></a><p>Vevitts Small Brushed Permanent Magnet Electric Motor for E Scooter Drive Speed Control 24V 350W 3000RPM</p><p> -20% 0FF </p><p>$39.98</p><a href="https://www.amazon.com/dp/B09KRGTLVM?tag=eloabder-20&linkCode=osi&th=1&psc=1">View Product</a></div><div class="product"><a href="https://www.amazon.com/dp/B01M58POHF?tag=eloabder-20&linkCode=osi&th=1&psc=1"><img src="https://m.media-amazon.com/images/I/41dQTChYsBL._SL500_.jpg" alt="Product Image"></a><p>AUTOTOOLHOME 6-12V Mini DC Motor High Torque Gear for Traxxas R/C and Power Wheels PCB DIY Electric Drill</p><p> -23% 0FF </p><p>$6.89</p><a href="https://www.amazon.com/dp/B01M58POHF?tag=eloabder-20&linkCode=osi&th=1&psc=1">View Product</a></div><div class="product"><a href="https://www.amazon.com/dp/B072R5G5GR?tag=eloabder-20&linkCode=osi&th=1&psc=1"><img src="https://m.media-amazon.com/images/I/41Z6ru+wWIL._SL500_.jpg" alt="Product Image"></a><p>Greartisan DC 12V 550RPM Gear Motor High Torque Electric Micro Speed Reduction Geared Motor Centric Output Shaft 37mm Diameter Gearbox</p><p> -6% 0FF </p><p>$14.99</p><a href="https://www.amazon.com/dp/B072R5G5GR?tag=eloabder-20&linkCode=osi&th=1&psc=1">View Product</a></div><div class="product"><a href="https://www.amazon.com/dp/B0CZVH445F?tag=eloabder-20&linkCode=osi&th=1&psc=1"><img src="https://m.media-amazon.com/images/I/51cTdXLKa7L._SL500_.jpg" alt="Product Image"></a><p>6Pcs 280 Micro DC Motors 3V-12V 13500RPM 0.5A with 2.8mm Insulated Connector & 6inch 20AWG Wire for RC Boat, DIY Airplane, Model Toys, 12V DC Motor Compatible</p><p> -23% 0FF </p><p>$9.99</p><a href="https://www.amazon.com/dp/B0CZVH445F?tag=eloabder-20&linkCode=osi&th=1&psc=1">View Product</a></div>
<div class="product"><a href="https://www.amazon.com/dp/B07L7XCSDW?tag=eloabder-20&linkCode=osi&th=1&psc=1"><img src="https://m.media-amazon.com/images/I/31lErudRYvL._SL500_.jpg" alt="Product Image"></a><p>DC HOUSE 12 Inch 12" High Speed 14mm/s Linear Actuator Motor 1000N DC12V with Mounting Brackets</p><p> -7% 0FF </p><p>$39.98</p><a href="https://www.amazon.com/dp/B07L7XCSDW?tag=eloabder-20&linkCode=osi&th=1&psc=1">View Product</a></div><div class="product"><a href="https://www.amazon.com/dp/B07X3Z68GV?tag=eloabder-20&linkCode=osi&th=1&psc=1"><img src="https://m.media-amazon.com/images/I/41j8dmqKsnS._SL500_.jpg" alt="Product Image"></a><p>Electric Micro Linear Actuator 12V - 1.2" Stroke, 64N/14.4lb, Speed 0.6inch/s Mini Waterproof Motion Actuator Small 12 V DC, w/Mounting Brackets, for Sofa Robotic TV Table Cabinet Window Opener Lift</p><p> -16% 0FF </p><p>$30.99 ($19.37 / oz)</p><a href="https://www.amazon.com/dp/B07X3Z68GV?tag=eloabder-20&linkCode=osi&th=1&psc=1">View Product</a></div><div class="product"><a href="https://www.amazon.com/dp/B0CRV927YC?tag=eloabder-20&linkCode=osi&th=1&psc=1"><img src="https://m.media-amazon.com/images/I/41dEUHSH6sL._SL500_.jpg" alt="Product Image"></a><p>ECO-WORTHY Linear Actuator Heavy Duty 3000N/660lbs with Mounting Brackets Multi-Function (12V, 12")</p><p> -18% 0FF </p><p>$59.99</p><a href="https://www.amazon.com/dp/B0CRV927YC?tag=eloabder-20&linkCode=osi&th=1&psc=1">View Product</a></div>
<div class="product"><a href="https://www.amazon.com/dp/B07H8GL44M?tag=eloabder-20&linkCode=osi&th=1&psc=1"><img src="https://m.media-amazon.com/images/I/41TaGFITM0L._SL500_.jpg" alt="Product Image"></a><p>FAERSI 22680-7S000 AF10141 for 2003-2014 Altima & 2006-14 Maxima & 07-13 Sentra & 05-15 Xterra & 2003-2015 Murano | Infiniti 08-13 G37 & 05-08 G35 & More MAF Mass Air Flow Sensor</p><p> -30% 0FF </p><p>$21.68</p><a href="https://www.amazon.com/dp/B07H8GL44M?tag=eloabder-20&linkCode=osi&th=1&psc=1">View Product</a></div><div class="product"><a href="https://www.amazon.com/dp/B08TRKL94H?tag=eloabder-20&linkCode=osi&th=1&psc=1"><img src="https://m.media-amazon.com/images/I/314giu3g36L._SL500_.jpg" alt="Product Image"></a><p>Carbon Monoxide Detector,CO Gas Monitor Alarm Detector,CO Sensor with LED Digital Display for Home,Depot,Battery Powered</p><p> -5% 0FF </p><p>$11.99</p><a href="https://www.amazon.com/dp/B08TRKL94H?tag=eloabder-20&linkCode=osi&th=1&psc=1">View Product</a></div><div class="product"><a href="https://www.amazon.com/dp/B092HK5NJB?tag=eloabder-20&linkCode=osi&th=1&psc=1"><img src="https://m.media-amazon.com/images/I/41RyuQ28lQS._SL500_.jpg" alt="Product Image"></a><p>Marsflex TPMS Sensor, 13598772 for GM 315Mhz, Tire Pressure Monitoring Sensor Compatible with Buick Chevy Cadillac GMC, Tire Pressure Sensor Replacement 13586335,13598771 4 Pack</p><p> -21% 0FF </p><p>$23.81</p><a href="https://www.amazon.com/dp/B092HK5NJB?tag=eloabder-20&linkCode=osi&th=1&psc=1">View Product</a></div><div class="product"><a href="https://www.amazon.com/dp/B0DCBDS359?tag=eloabder-20&linkCode=osi&th=1&psc=1"><img src="https://m.media-amazon.com/images/I/519A7-IMkBL._SL500_.jpg" alt="Product Image"></a><p>Dual Knock Sensors with Wiring Harness and Intake Manifold Gasket Kit | for Chevy Silverado Avalanche Tahoe, GMC Sierra Yukon, Cadillac Hummer & More GM Vehicles | Replace# 12601822,213-3521,89060413</p><p> -6% 0FF </p><p>$33.99</p><a href="https://www.amazon.com/dp/B0DCBDS359?tag=eloabder-20&linkCode=osi&th=1&psc=1">View Product</a></div><div class="product"><a href="https://www.amazon.com/dp/B0CZP2DRW1?tag=eloabder-20&linkCode=osi&th=1&psc=1"><img src="https://m.media-amazon.com/images/I/31CtLXOX-tL._SL500_.jpg" alt="Product Image"></a><p>Mass Air Flow Sensor MAF Fit for 2007-2009 Avalanche Yukon Tahoe Sierra Silverado Suburban 1500 2500 3500 Replace 2451149 MA198 7410146 5S8048 15900023</p><p> -5% 0FF </p><p>$40.99</p><a href="https://www.amazon.com/dp/B0CZP2DRW1?tag=eloabder-20&linkCode=osi&th=1&psc=1">View Product</a></div>
<div class="product"><a href="https://www.amazon.com/dp/B0002YXE7K?tag=eloabder-20&linkCode=osi&th=1&psc=1"><img src="https://m.media-amazon.com/images/I/41hV+B-cOEL._SL500_.jpg" alt="Product Image"></a><p>Titebond, 8 oz, 8 Fl Oz</p><p> -46% 0FF </p><p>$6.51 ($0.81 / Fl Oz)</p><a href="https://www.amazon.com/dp/B0002YXE7K?tag=eloabder-20&linkCode=osi&th=1&psc=1">View Product</a></div><div class="product"><a href="https://www.amazon.com/dp/B077Z6LF91?tag=eloabder-20&linkCode=osi&th=1&psc=1"><img src="https://m.media-amazon.com/images/I/41IeFkWcsyL._SL500_.jpg" alt="Product Image"></a><p>APERA INSTRUMENTS AI209-T Value Series PH20 pH Tester Combo Kit, including the Maintenance Set, and a CalPod Solution Holder for Easy Calibration</p><p> -25% 0FF </p><p>$79.13</p><a href="https://www.amazon.com/dp/B077Z6LF91?tag=eloabder-20&linkCode=osi&th=1&psc=1">View Product</a></div><div class="product"><a href="https://www.amazon.com/dp/B09JV7Y9SZ?tag=eloabder-20&linkCode=osi&th=1&psc=1"><img src="https://m.media-amazon.com/images/I/31TckTV+diL._SL500_.jpg" alt="Product Image"></a><p>Dental Code Rings Instrument 100pcs Dental Color Code Rings Non‚Äë Silicone Dental Color Code Rings Accessory Supplies(02)</p><p> -32% 0FF </p><p>$4.29 ($4.29 / Count)</p><a href="https://www.amazon.com/dp/B09JV7Y9SZ?tag=eloabder-20&linkCode=osi&th=1&psc=1">View Product</a></div>
<div class="product"><a href="https://www.amazon.com/dp/B01NASZ0UM?tag=eloabder-20&linkCode=osi&th=1&psc=1"><img src="https://m.media-amazon.com/images/I/31MgtNuzDdL._SL500_.jpg" alt="Product Image"></a><p>BN-LINK Wireless Remote Control Electrical Outlet Switch for Lights, Fans, Christmas Lights, Small Appliance, Long Range White (Learning Code, 3Rx-1Tx) 1200W/10A</p><p> -43% 0FF </p><p>$16.99</p><a href="https://www.amazon.com/dp/B01NASZ0UM?tag=eloabder-20&linkCode=osi&th=1&psc=1">View Product</a></div><div class="product"><a href="https://www.amazon.com/dp/B0CTH8XDKW?tag=eloabder-20&linkCode=osi&th=1&psc=1"><img src="https://m.media-amazon.com/images/I/31-PaaCxdfL._SL500_.jpg" alt="Product Image"></a><p>DEWENWILS Indoor Remote Control Outlet, Wireless Remote Outlets Switch, 200FT Range, Remote Light Switch for Lights, Fans, Christmas Lights, 15A/1800WÔºåFCC & ETL Listed (5 Outlets + 2 Remotes)</p><p> -19% 0FF </p><p>$23.39</p><a href="https://www.amazon.com/dp/B0CTH8XDKW?tag=eloabder-20&linkCode=osi&th=1&psc=1">View Product</a></div><div class="product"><a href="https://www.amazon.com/dp/B072F9DGRL?tag=eloabder-20&linkCode=osi&th=1&psc=1"><img src="https://m.media-amazon.com/images/I/417lNJFodCS._SL500_.jpg" alt="Product Image"></a><p>Fosmon WavePoint Wireless Remote Control Outdoor Electrical Outlet Switch Weatherproof Heavy Duty 3-Prong Plug-in ETL Listed (Battery Included) 1 Pack</p><p> -50% 0FF </p><p>$11.08</p><a href="https://www.amazon.com/dp/B072F9DGRL?tag=eloabder-20&linkCode=osi&th=1&psc=1">View Product</a></div><div class="product"><a href="https://www.amazon.com/dp/B09X2W2TRT?tag=eloabder-20&linkCode=osi&th=1&psc=1"><img src="https://m.media-amazon.com/images/I/31PoJZqeG-L._SL500_.jpg" alt="Product Image"></a><p>DEWENWILS Indoor Remote Control Outlet, Wireless Remote Light Switch, No Interference Remote Outlet Switch, No Wiring, 15A/1875W, 100ft RF Range, Compact Design, Programmable</p><p> -11% 0FF </p><p>$12.99</p><a href="https://www.amazon.com/dp/B09X2W2TRT?tag=eloabder-20&linkCode=osi&th=1&psc=1">View Product</a></div><div class="product"><a href="https://www.amazon.com/dp/B07CYKNDC2?tag=eloabder-20&linkCode=osi&th=1&psc=1"><img src="https://m.media-amazon.com/images/I/31Fu9a5ikOL._SL500_.jpg" alt="Product Image"></a><p>BN-LINK Mini Wireless Remote Control Outlet Switch Power Plug In for Household Appliances, Wireless Remote Light Switch, LED Light Bulbs, White (1 Remote + 3 Outlet) 1250W/10A</p><p> -11% 0FF </p><p>$15.99</p><a href="https://www.amazon.com/dp/B07CYKNDC2?tag=eloabder-20&linkCode=osi&th=1&psc=1">View Product</a></div>
<div class="product"><a href="https://www.amazon.com/dp/B01AKGRTUM?tag=eloabder-20&linkCode=osi&th=1&psc=1"><img src="https://m.media-amazon.com/images/I/41UKqiyvz6L._SL500_.jpg" alt="Product Image"></a><p>Oral-B Pro 1000 Rechargeable Electric Toothbrush, Black</p><p> -29% 0FF </p><p>$49.94</p><a href="https://www.amazon.com/dp/B01AKGRTUM?tag=eloabder-20&linkCode=osi&th=1&psc=1">View Product</a></div><div class="product"><a href="https://www.amazon.com/dp/B0D6Y9PJJ3?tag=eloabder-20&linkCode=osi&th=1&psc=1"><img src="https://m.media-amazon.com/images/I/31CUz26rR-L._SL500_.jpg" alt="Product Image"></a><p>3Pack Car Carplay Cable for iPhone 16 15 Pro Max 15 Plus Car Charger, USB to USB C Cable 3FT for Car Charger Adapter, Carplay USB C Cord Accessories Charging for iPad 10th Gen/iPad Pro Air 5th-White</p><p> -30% 0FF </p><p>$13.99</p><a href="https://www.amazon.com/dp/B0D6Y9PJJ3?tag=eloabder-20&linkCode=osi&th=1&psc=1">View Product</a></div><div class="product"><a href="https://www.amazon.com/dp/B07DFFYCXS?tag=eloabder-20&linkCode=osi&th=1&psc=1"><img src="https://m.media-amazon.com/images/I/41NIsYLJG1L._SL500_.jpg" alt="Product Image"></a><p>Digital Caliper, Adoric 0-6" Calipers Measuring Tool - Electronic Micrometer Caliper with Large LCD Screen, Auto-Off Feature, Inch and Millimeter Conversion</p><p> -42% 0FF </p><p>$6.99</p><a href="https://www.amazon.com/dp/B07DFFYCXS?tag=eloabder-20&linkCode=osi&th=1&psc=1">View Product</a></div><div class="product"><a href="https://www.amazon.com/dp/B0CR3S4Y5V?tag=eloabder-20&linkCode=osi&th=1&psc=1"><img src="https://m.media-amazon.com/images/I/417gCCQxz9L._SL500_.jpg" alt="Product Image"></a><p>iPhone Charger 3Pack 10FT Apple MFi Certified Lightning Cable Fast Charging iPhone Charger Cord Compatible with iPhone 14 13 12 11 Pro Max XR XS X 8 7 6 Plus SE and More - Colorful</p><p> -64% 0FF </p><p>$9.99</p><a href="https://www.amazon.com/dp/B0CR3S4Y5V?tag=eloabder-20&linkCode=osi&th=1&psc=1">View Product</a></div><div class="product"><a href="https://www.amazon.com/dp/B0DBHTZ6CD?tag=eloabder-20&linkCode=osi&th=1&psc=1"><img src="https://m.media-amazon.com/images/I/41-NMv8UKZL._SL500_.jpg" alt="Product Image"></a><p>iPhone Charger 3pack 10FT Apple MFi Certified Long Lightning Cable Fast Charging Nylon Braided USB Charging Cable High Speed Transfer Cord for iPhone 14 13/12/11 Pro Max/XS MAX/XR/XS/X/8/7/Plus/6S</p><p> -30% 0FF </p><p>$6.99</p><a href="https://www.amazon.com/dp/B0DBHTZ6CD?tag=eloabder-20&linkCode=osi&th=1&psc=1">View Product</a></div>
<div class="product"><a href="https://www.amazon.com/dp/B09YSJQWRG?tag=eloabder-20&linkCode=osi&th=1&psc=1"><img src="https://m.media-amazon.com/images/I/413B1lBD-hL._SL500_.jpg" alt="Product Image"></a><p>Jesverty DC Power Supply Variable, 0-30V 0-10A Adjustable Switching DC Regulated Bench Power Supply with High Precision 4-Digit LED Display, 5V/2A USB Port, Coarse and Fine Adjustment SPS-3010</p><p> -9% 0FF </p><p>$59.99</p><a href="https://www.amazon.com/dp/B09YSJQWRG?tag=eloabder-20&linkCode=osi&th=1&psc=1">View Product</a></div><div class="product"><a href="https://www.amazon.com/dp/B0C17NLZNH?tag=eloabder-20&linkCode=osi&th=1&psc=1"><img src="https://m.media-amazon.com/images/I/41zjhhWu9lL._SL500_.jpg" alt="Product Image"></a><p>DC Power Supply Variable, 32V 10A Bench Power Supply with Encoder Knob, 4-Digits Display, Adjustable Regulated lab Power Supply with 5V 3.6A USB & Type-C Quick-Charge, Output Switch</p><p> -30% 0FF </p><p>$59.99</p><a href="https://www.amazon.com/dp/B0C17NLZNH?tag=eloabder-20&linkCode=osi&th=1&psc=1">View Product</a></div><div class="product"><a href="https://www.amazon.com/dp/B09BFCF13Y?tag=eloabder-20&linkCode=osi&th=1&psc=1"><img src="https://m.media-amazon.com/images/I/51J2ypqHaML._SL500_.jpg" alt="Product Image"></a><p>DC Power Supply Variable, Bench Power Supply with Encoder Adjustment Knob, Output Enable/Disable Button, Adjustable Power Supply with USB Quick-Charge, Short Circuit Alam (30V 10A Black)</p><p> -43% 0FF </p><p>$39.99</p><a href="https://www.amazon.com/dp/B09BFCF13Y?tag=eloabder-20&linkCode=osi&th=1&psc=1">View Product</a></div><div class="product"><a href="https://www.amazon.com/dp/B0CLY9B5XL?tag=eloabder-20&linkCode=osi&th=1&psc=1"><img src="https://m.media-amazon.com/images/I/41Z-aOJT4pL._SL500_.jpg" alt="Product Image"></a><p>Jesverty DC Power Supply Variable, 0-30V 0-10A Adjustable Switching DC Regulated Bench Power Supply with 20W USB & Type-C Quick-Charge, Encoder Knob, 4-Digit LED Display, Preset Memory - SPS-3010X</p><p> -39% 0FF </p><p>$39.99</p><a href="https://www.amazon.com/dp/B0CLY9B5XL?tag=eloabder-20&linkCode=osi&th=1&psc=1">View Product</a></div><div class="product"><a href="https://www.amazon.com/dp/B00R5CI1W0?tag=eloabder-20&linkCode=osi&th=1&psc=1"><img src="https://m.media-amazon.com/images/I/41ffWbR+GVL._SL500_.jpg" alt="Product Image"></a><p>MEAN WELL NDR-120-24 Single Output Industrial DIN Rail Power Supply, 24 Volts 5 Amps 120 Watts</p><p> -19% 0FF </p><p>$27.00</p><a href="https://www.amazon.com/dp/B00R5CI1W0?tag=eloabder-20&linkCode=osi&th=1&psc=1">View Product</a></div><div class="product"><a href="https://www.amazon.com/dp/B07512KQDW?tag=eloabder-20&linkCode=osi&th=1&psc=1"><img src="https://m.media-amazon.com/images/I/41Z+0wP-6xL._SL500_.jpg" alt="Product Image"></a><p>DC Power Supply Variable,0-30 V / 0-10 A LW-K3010D Adjustable Switching Regulated Power Supply Digital,with Alligator Leads US Power Cord Used for Spectrophotometer and lab Equipment Repair</p><p> -9% 0FF </p><p>$38.99</p><a href="https://www.amazon.com/dp/B07512KQDW?tag=eloabder-20&linkCode=osi&th=1&psc=1">View Product</a></div><div class="product"><a href="https://www.amazon.com/dp/B0CGX39NMK?tag=eloabder-20&linkCode=osi&th=1&psc=1"><img src="https://m.media-amazon.com/images/I/41IyjEYE7iL._SL500_.jpg" alt="Product Image"></a><p>Abestop AT6301 DC Power Supply Variable, 60V/10A/300W Adjustable Bench Power Supply with 10mV / 1mA High Resolution 4-Digits 2.8 inch LCD Display, 5V/1A USB Output</p><p> -11% 0FF </p><p>$129.99</p><a href="https://www.amazon.com/dp/B0CGX39NMK?tag=eloabder-20&linkCode=osi&th=1&psc=1">View Product</a></div>
<div class="product"><a href="https://www.amazon.com/dp/B0BD772SK3?tag=eloabder-20&linkCode=osi&th=1&psc=1"><img src="https://m.media-amazon.com/images/I/516CGhpMaUL._SL500_.jpg" alt="Product Image"></a><p>LED Garage Lights Bulb 2 Pack 180W 18000LM 6500K Led Shop Light with 6 Plus 1 Deformable Panels Basement Barn Ceiling Lights E26 and E27</p><p> -13% 0FF </p><p>$25.99 ($13.00 / Count)</p><a href="https://www.amazon.com/dp/B0BD772SK3?tag=eloabder-20&linkCode=osi&th=1&psc=1">View Product</a></div><div class="product"><a href="https://www.amazon.com/dp/B087JDFH4K?tag=eloabder-20&linkCode=osi&th=1&psc=1"><img src="https://m.media-amazon.com/images/I/310SxRkxkfL._SL500_.jpg" alt="Product Image"></a><p>Amico 6 Pack 6 Inch 5CCT Ultra-Thin LED Recessed Ceiling Light with Junction Box, 2700K/3000K/3500K/4000K/5000K Selectable, 12W Eqv 110W 1050LM Brightness Dimmable Canless Wafer Downlight, ETL & FCC</p><p> -29% 0FF </p><p>$49.99 ($8.33 / Count)</p><a href="https://www.amazon.com/dp/B087JDFH4K?tag=eloabder-20&linkCode=osi&th=1&psc=1">View Product</a></div><div class="product"><a href="https://www.amazon.com/dp/B0BZJ9MTST?tag=eloabder-20&linkCode=osi&th=1&psc=1"><img src="https://m.media-amazon.com/images/I/41nTB2ouhZL._SL500_.jpg" alt="Product Image"></a><p>Amico 36 Pack 6 Inch 5CCT Ultra-Thin LED Recessed Ceiling Light with Junction Box, 2700K/3000K/3500K/4000K/5000K Selectable, 12W Eqv 110W, Dimmable Can-Killer Downlight, 1050LM Brightness - ETL&FCC</p><p> -22% 0FF </p><p>$179.99 ($5.00 / Count)</p><a href="https://www.amazon.com/dp/B0BZJ9MTST?tag=eloabder-20&linkCode=osi&th=1&psc=1">View Product</a></div><div class="product"><a href="https://www.amazon.com/dp/B0B8MJV3HN?tag=eloabder-20&linkCode=osi&th=1&psc=1"><img src="https://m.media-amazon.com/images/I/51J2PJDbNgL._SL500_.jpg" alt="Product Image"></a><p>Ensenior 24 Pack 6 Inch LED Recessed Ceiling Light, Dimmable, 2700K-5000K 5CCT, 1050LM 12W 120V, High Brightness Canless Wafer Downlight - ETL&FCC&IC</p><p> -14% 0FF </p><p>$162.48 ($6.77 / Count)</p><a href="https://www.amazon.com/dp/B0B8MJV3HN?tag=eloabder-20&linkCode=osi&th=1&psc=1">View Product</a></div><div class="product"><a href="https://www.amazon.com/dp/B09QHSY5CP?tag=eloabder-20&linkCode=osi&th=1&psc=1"><img src="https://m.media-amazon.com/images/I/514QSD+bYiL._SL500_.jpg" alt="Product Image"></a><p>2 Pack LED Garage Light, 200W 20000LM 6500K LED Shop Lights, Garage Lights Ceiling Led with 6+1 Deformable Panels, Screw in E26/E27 Socket Bulb for Warehouse, Workshop, Basement, Barn, Garage Lighting</p><p> -18% 0FF </p><p>$26.99 ($13.50 / Count)</p><a href="https://www.amazon.com/dp/B09QHSY5CP?tag=eloabder-20&linkCode=osi&th=1&psc=1">View Product</a></div><div class="product"><a href="https://www.amazon.com/dp/B085SZQCL7?tag=eloabder-20&linkCode=osi&th=1&psc=1"><img src="https://m.media-amazon.com/images/I/41is51nuuHL._SL500_.jpg" alt="Product Image"></a><p>6 Pack 4FT Linkable LED Shop Light, Utility Shop Light Fixture, 4400lm, 42W [250W Equivalent], 5000K Daylight Shop Lights for Garage, Hanging or Surface Mount, with Power Cord, ETL, Black</p><p> -29% 0FF </p><p>$49.69 ($24.84 / Count)</p><a href="https://www.amazon.com/dp/B085SZQCL7?tag=eloabder-20&linkCode=osi&th=1&psc=1">View Product</a></div>
<div class="product"><a href="https://www.amazon.com/dp/B00075M1T6?tag=eloabder-20&linkCode=osi&th=1&psc=1"><img src="https://m.media-amazon.com/images/I/31Qodi9u+XL._SL500_.jpg" alt="Product Image"></a><p>Sunbeam¬Æ Heating Pad Standard Size</p><p> -28% 0FF </p><p>$17.99</p><a href="https://www.amazon.com/dp/B00075M1T6?tag=eloabder-20&linkCode=osi&th=1&psc=1">View Product</a></div><div class="product"><a href="https://www.amazon.com/dp/B08MV3Z3GK?tag=eloabder-20&linkCode=osi&th=1&psc=1"><img src="https://m.media-amazon.com/images/I/51D3Ss7U1DL._SL500_.jpg" alt="Product Image"></a><p>GENIANI King Size Heating Pad for Back Pain & Cramps Relief, FSA HSA Eligible, Auto Shut Off, Machine Washable, Moist Heat Pad for Neck & Shoulder, Knee, Leg, Heat Patches 12'‚Äò√ó24‚Äô‚Äô(Aqua Blue)</p><p> -38% 0FF </p><p>$24.97</p><a href="https://www.amazon.com/dp/B08MV3Z3GK?tag=eloabder-20&linkCode=osi&th=1&psc=1">View Product</a></div><div class="product"><a href="https://www.amazon.com/dp/B0B3MBQC57?tag=eloabder-20&linkCode=osi&th=1&psc=1"><img src="https://m.media-amazon.com/images/I/51nlW3dSxQL._SL500_.jpg" alt="Product Image"></a><p>Heating Pad for Back Pain Relief, Extra Large 33 x 17, Portable Heating Pad for Shoulder, Neck, Cramp, Menstrual Pain, with Upgraded 6 Timer & 6 Temperature Controller</p><p> -56% 0FF </p><p>$39.99 ($1.28 / Ounce)</p><a href="https://www.amazon.com/dp/B0B3MBQC57?tag=eloabder-20&linkCode=osi&th=1&psc=1">View Product</a></div><div class="product"><a href="https://www.amazon.com/dp/B00LX5CR0M?tag=eloabder-20&linkCode=osi&th=1&psc=1"><img src="https://m.media-amazon.com/images/I/51OIEWerJUL._SL500_.jpg" alt="Product Image"></a><p>Sunbeam Heating Pad for Neck & Shoulder Pain Relief, XL Renue, 4 Heat Settings with Auto-Off, Blue, 25-Inch x 25-Inch, Sapphire</p><p> -8% 0FF </p><p>$59.99</p><a href="https://www.amazon.com/dp/B00LX5CR0M?tag=eloabder-20&linkCode=osi&th=1&psc=1">View Product</a></div>
<div class="product"><a href="https://www.amazon.com/dp/B00L2LTYDK?tag=eloabder-20&linkCode=osi&th=1&psc=1"><img src="https://m.media-amazon.com/images/I/418TOAEPGxL._SL500_.jpg" alt="Product Image"></a><p>Ergodyne Chill Its 6602 Cooling Towel, Long Lasting Cooling Relief, Gray 29.50" x 13.00"</p><p> -88% 0FF </p><p>$6.23</p><a href="https://www.amazon.com/dp/B00L2LTYDK?tag=eloabder-20&linkCode=osi&th=1&psc=1">View Product</a></div><div class="product"><a href="https://www.amazon.com/dp/B08SHJ47JL?tag=eloabder-20&linkCode=osi&th=1&psc=1"><img src="https://m.media-amazon.com/images/I/41wR--y8NxL._SL500_.jpg" alt="Product Image"></a><p>Arctic Air Freedom Personal Air Cooler - Portable 3-Speed Neck Fan, Hands-Free Wearable Design, Lightweight, Cordless And Rechargeable</p><p> -34% 0FF </p><p>$19.65</p><a href="https://www.amazon.com/dp/B08SHJ47JL?tag=eloabder-20&linkCode=osi&th=1&psc=1">View Product</a></div><div class="product"><a href="https://www.amazon.com/dp/B003FO2B5U?tag=eloabder-20&linkCode=osi&th=1&psc=1"><img src="https://m.media-amazon.com/images/I/41fgkBDrkxL._SL500_.jpg" alt="Product Image"></a><p>Cool Coolers by Fit + Fresh, 4 Pack Slim Ice Packs, Space Saving Reusable Ice Packs for Lunch Boxes or Coolers, Blue, Single Pack</p><p> -6% 0FF </p><p>$9.44</p><a href="https://www.amazon.com/dp/B003FO2B5U?tag=eloabder-20&linkCode=osi&th=1&psc=1">View Product</a></div><div class="product"><a href="https://www.amazon.com/dp/B008A6M34C?tag=eloabder-20&linkCode=osi&th=1&psc=1"><img src="https://m.media-amazon.com/images/I/41ytzrZrLcL._SL500_.jpg" alt="Product Image"></a><p>FlexiKold Gel Soft Flexible Ice Packs for Injuries - Reusable Freezer Cold Pack, Cold Compress & Cooling Gel Pad for Face, Shoulder, Hip, Leg, Arm, Ankle & Foot Injury - Medium - 7.5‚Äù x 11.5‚Äù</p><p> -56% 0FF </p><p>$10.99 ($10.99 / Count)</p><a href="https://www.amazon.com/dp/B008A6M34C?tag=eloabder-20&linkCode=osi&th=1&psc=1">View Product</a></div><div class="product"><a href="https://www.amazon.com/dp/B00GAU74IK?tag=eloabder-20&linkCode=osi&th=1&psc=1"><img src="https://m.media-amazon.com/images/I/41n1pSkwTeL._SL500_.jpg" alt="Product Image"></a><p>BEKOOOL Soft Gel Sheets for Kids for Cooling Relief from Fever discomfort | 4 Count</p><p> -33% 0FF </p><p>$3.99 ($1.00 / Count)</p><a href="https://www.amazon.com/dp/B00GAU74IK?tag=eloabder-20&linkCode=osi&th=1&psc=1">View Product</a></div><div class="product"><a href="https://www.amazon.com/dp/B0CMJMB9J2?tag=eloabder-20&linkCode=osi&th=1&psc=1"><img src="https://m.media-amazon.com/images/I/41t6as6YB8L._SL500_.jpg" alt="Product Image"></a><p>TheraICE Shoulder Ice Pack Wrap/Reusable Ice Pack for Rotator Cuff & Shoulder Pain Relief Cold Therapy Compression/FocusZone Technology with Extra Cooling Support for Targeted Pain Relief</p><p> -33% 0FF </p><p>$39.95 ($39.95 / Count)</p><a href="https://www.amazon.com/dp/B0CMJMB9J2?tag=eloabder-20&linkCode=osi&th=1&psc=1">View Product</a></div>
<div class="product"><a href="https://www.amazon.com/dp/B07SHB2WF9?tag=eloabder-20&linkCode=osi&th=1&psc=1"><img src="https://m.media-amazon.com/images/I/51jQaLCBOvL._SL500_.jpg" alt="Product Image"></a><p>VIVOSUN 4 Inch 190 CFM Inline Fan with Speed Controller, 4 Inch Carbon Filter and 8 Feet of Ducting, Temperature Humidity Monitor for Grow Tent Ventilation</p><p> -16% 0FF </p><p>$129.99</p><a href="https://www.amazon.com/dp/B07SHB2WF9?tag=eloabder-20&linkCode=osi&th=1&psc=1">View Product</a></div><div class="product"><a href="https://www.amazon.com/dp/B01C82SYZ0?tag=eloabder-20&linkCode=osi&th=1&psc=1"><img src="https://m.media-amazon.com/images/I/412vSql4EpL._SL500_.jpg" alt="Product Image"></a><p>VIVOSUN 4 Inch Inline Duct Fan 100 CFM, HVAC Exhaust Ventilation Fan with Low Noise for Basements, Bathrooms, Kitchens and Attics, Silver</p><p> -8% 0FF </p><p>$22.99</p><a href="https://www.amazon.com/dp/B01C82SYZ0?tag=eloabder-20&linkCode=osi&th=1&psc=1">View Product</a></div><div class="product"><a href="https://www.amazon.com/dp/B0D2P8ZHLD?tag=eloabder-20&linkCode=osi&th=1&psc=1"><img src="https://m.media-amazon.com/images/I/41Y+uClljFL._SL500_.jpg" alt="Product Image"></a><p>Multifunctional 3D Printer Enclosure w/Adjustable Ventilation Kit Eliminate Odors Tent Cover Compatible with Anycubic Photon Mono, Elegoo Saturn/Mars 3/4 & Creality Halot Series Resin 3D Printer</p><p> -6% 0FF </p><p>$65.88</p><a href="https://www.amazon.com/dp/B0D2P8ZHLD?tag=eloabder-20&linkCode=osi&th=1&psc=1">View Product</a></div><div class="product"><a href="https://www.amazon.com/dp/B0CS6K1TM4?tag=eloabder-20&linkCode=osi&th=1&psc=1"><img src="https://m.media-amazon.com/images/I/51Xfkoo1eTL._SL500_.jpg" alt="Product Image"></a><p>HOCENWAY Upgrade 3-Layers Filter System Smoke Exhaust Kit with 5000RPM Fan and Speed Control Power Adapter for All Laser Engraver 3D Printer Enclosure Tent Cover DIY (Ventilation Kit)</p><p> -8% 0FF </p><p>$27.48</p><a href="https://www.amazon.com/dp/B0CS6K1TM4?tag=eloabder-20&linkCode=osi&th=1&psc=1">View Product</a></div>
<div class="product"><a href="https://www.amazon.com/dp/B086QNLBB4?tag=eloabder-20&linkCode=osi&th=1&psc=1"><img src="https://m.media-amazon.com/images/I/41qiFymeklL._SL500_.jpg" alt="Product Image"></a><p>Waterdrop Gravity Water Filter Straw, Camping Water Filtration System, Water Purifier Survival for Travel, Backpacking and Emergency Preparedness, 1.5 gal Bag, 0.1 Micron, 5 Stage Filtration</p><p> -7% 0FF </p><p>$39.99</p><a href="https://www.amazon.com/dp/B086QNLBB4?tag=eloabder-20&linkCode=osi&th=1&psc=1">View Product</a></div><div class="product"><a href="https://www.amazon.com/dp/B0BBQNZK7Y?tag=eloabder-20&linkCode=osi&th=1&psc=1"><img src="https://m.media-amazon.com/images/I/41uwbKvNw5L._SL500_.jpg" alt="Product Image"></a><p>SimPure V7 Under Sink Water Filter, 5-Stage Stainless Steel Water Filtration System Direct Connect to Kitchen Faucet, Reduces 99% Lead, Chlorine, Bad Taste, 20K Gallons (No Drilling Required)</p><p> -18% 0FF </p><p>$65.99 ($30.00 / kg)</p><a href="https://www.amazon.com/dp/B0BBQNZK7Y?tag=eloabder-20&linkCode=osi&th=1&psc=1">View Product</a></div><div class="product"><a href="https://www.amazon.com/dp/B07CHXVRS5?tag=eloabder-20&linkCode=osi&th=1&psc=1"><img src="https://m.media-amazon.com/images/I/41KdIPuSgRL._SL500_.jpg" alt="Product Image"></a><p>iSpring US31 Classic 3-Stage Under Sink Water Filtration System for Drinking, Tankless, High Capacity, Sediment + Carbon + Carbon (Newest Version)</p><p> -26% 0FF </p><p>$101.16</p><a href="https://www.amazon.com/dp/B07CHXVRS5?tag=eloabder-20&linkCode=osi&th=1&psc=1">View Product</a></div><div class="product"><a href="https://www.amazon.com/dp/B00QFXGSIY?tag=eloabder-20&linkCode=osi&th=1&psc=1"><img src="https://m.media-amazon.com/images/I/31c5SLHf3GL._SL500_.jpg" alt="Product Image"></a><p>Survivor Filter PRO - Hand Pump Camping Water Filtration System Survival - Water Purifier Survival</p><p> -20% 0FF </p><p>$55.96</p><a href="https://www.amazon.com/dp/B00QFXGSIY?tag=eloabder-20&linkCode=osi&th=1&psc=1">View Product</a></div>
<div class="product"><a href="https://www.amazon.com/dp/B0D8NXKXBK?tag=eloabder-20&linkCode=osi&th=1&psc=1"><img src="https://m.media-amazon.com/images/I/31sV17bo3CL._SL500_.jpg" alt="Product Image"></a><p>Pro Electric Water Purifier Survival w/Hand Pump, Portable Water Filter Camping Backpacking Hiking Outdoor Travel Emergency, Water Filtration System Survival, Water Purification Tablets Alternative</p><p> -20% 0FF </p><p>$79.99</p><a href="https://www.amazon.com/dp/B0D8NXKXBK?tag=eloabder-20&linkCode=osi&th=1&psc=1">View Product</a></div><div class="product"><a href="https://www.amazon.com/dp/B07PZBY7RL?tag=eloabder-20&linkCode=osi&th=1&psc=1"><img src="https://m.media-amazon.com/images/I/41YJFTk3wDL._SL500_.jpg" alt="Product Image"></a><p>Invigorated Water Alkaline Water Purification Unit, White, Plastic, pH001 Filter Included, Convenient Anti-Slip Design</p><p> -36% 0FF </p><p>$50.00</p><a href="https://www.amazon.com/dp/B07PZBY7RL?tag=eloabder-20&linkCode=osi&th=1&psc=1">View Product</a></div>
<div class="product"><a href="https://www.amazon.com/dp/B0CJ1B6D6S?tag=eloabder-20&linkCode=osi&th=1&psc=1"><img src="https://m.media-amazon.com/images/I/41Upf8lJ6ML._SL500_.jpg" alt="Product Image"></a><p>Scrub Daddy Scrub Mommy Sponges - Dish Scrubber + Non-Scratch Cleaning Sponges Kitchen, Bathroom + Multi-Surface Safe - Dual-Sided Dish Sponges for Scrubbing - Online Exclusive (3 Count)</p><p> -7% 0FF </p><p>$13.00 ($4.33 / Count)</p><a href="https://www.amazon.com/dp/B0CJ1B6D6S?tag=eloabder-20&linkCode=osi&th=1&psc=1">View Product</a></div><div class="product"><a href="https://www.amazon.com/dp/B07HF1GTYN?tag=eloabder-20&linkCode=osi&th=1&psc=1"><img src="https://m.media-amazon.com/images/I/61pFb41tDhL._SL500_.jpg" alt="Product Image"></a><p>Tamicy Mop Slippers Shoes 5 Pairs (10 Pieces) - Microfiber Cleaning House Mop Slippers Floor Cleaning Tools Shoe Cover Soft Washable Reusable Microfiber Foot Socks Floor Cleaning Tools Shoe Cover</p><p> -58% 0FF </p><p>$9.98 ($2.00 / Count)</p><a href="https://www.amazon.com/dp/B07HF1GTYN?tag=eloabder-20&linkCode=osi&th=1&psc=1">View Product</a></div><div class="product"><a href="https://www.amazon.com/dp/B07F268WY8?tag=eloabder-20&linkCode=osi&th=1&psc=1"><img src="https://m.media-amazon.com/images/I/51hKjGZILAL._SL500_.jpg" alt="Product Image"></a><p>Holikme 2 Pack Dryer Vent Cleaner Kit Clothes Dryer Lint Brush Vent Trap Cleaner Home Essentials Long Flexible Vacuum Brush</p><p> -50% 0FF </p><p>$7.99 ($4.00 / Count)</p><a href="https://www.amazon.com/dp/B07F268WY8?tag=eloabder-20&linkCode=osi&th=1&psc=1">View Product</a></div>


<div class="product"><a href="https://www.amazon.com/dp/B06XJ17JVD?tag=eloabder-20&linkCode=osi&th=1&psc=1"><img src="https://m.media-amazon.com/images/I/51OoCqwxbrL._SL500_.jpg" alt="Product Image"></a><p>Rust-Oleum 293513 Rocksolid Polycuramine Garage Oil Floor Coating, 2.5 Car Kit, Gray, 180 Fl Oz (Pack of 1)</p><p> -35% 0FF </p><p>$240.00 ($1.33 / Fl Oz)</p><a href="https://www.amazon.com/dp/B06XJ17JVD?tag=eloabder-20&linkCode=osi&th=1&psc=1">View Product</a></div><div class="product"><a href="https://www.amazon.com/dp/B099SFV2MB?tag=eloabder-20&linkCode=osi&th=1&psc=1"><img src="https://m.media-amazon.com/images/I/41SuYdUgtXL._SL500_.jpg" alt="Product Image"></a><p>Adam's Polishes Advanced Graphene Ceramic Coating - 10H Graphene Coating for Auto Detailing, 9+ Years of Car Protection & Patented UV Technology, Apply After Car Wash & Paint Correction</p><p> -15% 0FF </p><p>$138.54</p><a href="https://www.amazon.com/dp/B099SFV2MB?tag=eloabder-20&linkCode=osi&th=1&psc=1">View Product</a></div><div class="product"><a href="https://www.amazon.com/dp/B07B8RY7M6?tag=eloabder-20&linkCode=osi&th=1&psc=1"><img src="https://m.media-amazon.com/images/I/31G91iuk9RL._SL500_.jpg" alt="Product Image"></a><p>MG Chemicals - 419D-55ML 419D Premium Acrylic Conformal Coating, 55 mL Bottle, IPC 830, UL 94V-0 (File # E203094), Clear, 1.86 Fl Oz (Pack of 1)</p><p> -17% 0FF </p><p>$15.95 ($8.62 / Fl Oz)</p><a href="https://www.amazon.com/dp/B07B8RY7M6?tag=eloabder-20&linkCode=osi&th=1&psc=1">View Product</a></div>
<div class="product"><a href="https://www.amazon.com/dp/B005E9KJYE?tag=eloabder-20&linkCode=osi&th=1&psc=1"><img src="https://m.media-amazon.com/images/I/517PNa1vQiL._SL500_.jpg" alt="Product Image"></a><p>Colorations - SWT16 Simply Washable Tempera Paints, 16 fl oz, Set of 11 Colors, Non Toxic, Vibrant, Bold, Kids Paint, Craft, Hobby, Arts & Crafts, Fun, Art Supplies</p><p> -15% 0FF </p><p>$45.89 ($0.26 / Fl Oz)</p><a href="https://www.amazon.com/dp/B005E9KJYE?tag=eloabder-20&linkCode=osi&th=1&psc=1">View Product</a></div><div class="product"><a href="https://www.amazon.com/dp/B01HZP45BM?tag=eloabder-20&linkCode=osi&th=1&psc=1"><img src="https://m.media-amazon.com/images/I/51qsgeT-koL._SL500_.jpg" alt="Product Image"></a><p>Colorations Washable Tempera Paint, Set of 6 Colors, 8oz Each, Non Toxic Paint, Vibrant Paint, Craft Paint Children, Art Supplies, Homeschool, Home School Use</p><p> -15% 0FF </p><p>$16.99 ($0.35 / Fl Oz)</p><a href="https://www.amazon.com/dp/B01HZP45BM?tag=eloabder-20&linkCode=osi&th=1&psc=1">View Product</a></div><div class="product"><a href="https://www.amazon.com/dp/B01HZP4IFA?tag=eloabder-20&linkCode=osi&th=1&psc=1"><img src="https://m.media-amazon.com/images/I/41tdzr9-azL._SL500_.jpg" alt="Product Image"></a><p>Colorations - LWPACK Liquid Watercolor Paint, 4 fl oz, Set of 6, Non-Toxic, Painting, Kids, Craft, Hobby, Fun, Water Color, Posters, Cool Effects, Versatile, Gift</p><p> -10% 0FF </p><p>$18.89 ($0.79 / Fl Oz)</p><a href="https://www.amazon.com/dp/B01HZP4IFA?tag=eloabder-20&linkCode=osi&th=1&psc=1">View Product</a></div><div class="product"><a href="https://www.amazon.com/dp/B000PIK1YC?tag=eloabder-20&linkCode=osi&th=1&psc=1"><img src="https://m.media-amazon.com/images/I/31-jP8tO9yL._SL500_.jpg" alt="Product Image"></a><p>Rust-Oleum 7579838 Professional High Performance Enamel Spray Paint, 15 Oz, Gloss Black</p><p> -9% 0FF </p><p>$9.98 ($0.67 / Ounce)</p><a href="https://www.amazon.com/dp/B000PIK1YC?tag=eloabder-20&linkCode=osi&th=1&psc=1">View Product</a></div>


<div class="product"><a href="https://www.amazon.com/dp/B002SG7PPC?tag=eloabder-20&linkCode=osi&th=1&psc=1"><img src="https://m.media-amazon.com/images/I/31YVD0b4-1L._SL500_.jpg" alt="Product Image"></a><p>Mitutoyo 050101, Edge Finder, 3/8" Dia. Shank, .200" Dia. Tip</p><p> -21% 0FF </p><p>$16.55</p><a href="https://www.amazon.com/dp/B002SG7PPC?tag=eloabder-20&linkCode=osi&th=1&psc=1">View Product</a></div><div class="product"><a href="https://www.amazon.com/dp/1259827445?tag=eloabder-20&linkCode=osi&th=1&psc=1"><img src="https://m.media-amazon.com/images/I/41+0n7UFhrL._SL500_.jpg" alt="Product Image"></a><p>Machining and CNC Technology</p><p> -42% 0FF </p><p>$199.97</p><a href="https://www.amazon.com/dp/1259827445?tag=eloabder-20&linkCode=osi&th=1&psc=1">View Product</a></div><div class="product"><a href="https://www.amazon.com/dp/B07RM1D6WD?tag=eloabder-20&linkCode=osi&th=1&psc=1"><img src="https://m.media-amazon.com/images/I/41WW3tVXkmL._SL500_.jpg" alt="Product Image"></a><p>AFA Tooling - Deburring Tool with 11 High Speed Steel Swivel Blades - Works on Metal, Resin, PVC Pipes, Copper, Plastic and 3D Printed Edges - Plumbing & 3D Printing Burr Removal Reamer Tool</p><p> -20% 0FF </p><p>$15.95 ($9.11 / 100 g)</p><a href="https://www.amazon.com/dp/B07RM1D6WD?tag=eloabder-20&linkCode=osi&th=1&psc=1">View Product</a></div>
<div class="product"><a href="https://www.amazon.com/dp/B08VHYX96W?tag=eloabder-20&linkCode=osi&th=1&psc=1"><img src="https://m.media-amazon.com/images/I/518vzX0FwcL._SL500_.jpg" alt="Product Image"></a><p>HARDELL Mini Cordless Rotary Tool Kit, 5-Speed and USB Charging with 61 Accessories, Multi-Purpose 3.7V Power Rotary Tool for Sanding, Polishing, Drilling, Etching, Engraving, DIY Crafts</p><p> -17% 0FF </p><p>$24.99</p><a href="https://www.amazon.com/dp/B08VHYX96W?tag=eloabder-20&linkCode=osi&th=1&psc=1">View Product</a></div><div class="product"><a href="https://www.amazon.com/dp/B093229VY9?tag=eloabder-20&linkCode=osi&th=1&psc=1"><img src="https://m.media-amazon.com/images/I/51Wby41ESCL._SL500_.jpg" alt="Product Image"></a><p>KATA 4-PACK Folding Utility Knife, Heavy Duty Box Cutter with 20pcs SK5 Quick Change Blades, Safety Lock Back Design, Used for Cutting Cartons, Cardboards and Boxes</p><p> -23% 0FF </p><p>$9.99 ($2.50 / Count)</p><a href="https://www.amazon.com/dp/B093229VY9?tag=eloabder-20&linkCode=osi&th=1&psc=1">View Product</a></div><div class="product"><a href="https://www.amazon.com/dp/B09QXBC6XL?tag=eloabder-20&linkCode=osi&th=1&psc=1"><img src="https://m.media-amazon.com/images/I/41JcpPv9cXL._SL500_.jpg" alt="Product Image"></a><p>180W Rotary Tool Kit, 1.5-Amp PHALANX 6 Variable Speed with Flex Shaft, 8000-32000RPM Multi-Tool& 139pcs Accessories Kit, Power Multiuse Set Prefect for Crafting Projects and DIY Creations‚Ä¶</p><p> -23% 0FF </p><p>$39.99</p><a href="https://www.amazon.com/dp/B09QXBC6XL?tag=eloabder-20&linkCode=osi&th=1&psc=1">View Product</a></div><div class="product"><a href="https://www.amazon.com/dp/B07GR7QF63?tag=eloabder-20&linkCode=osi&th=1&psc=1"><img src="https://m.media-amazon.com/images/I/319qwqAeKXL._SL500_.jpg" alt="Product Image"></a><p>IGAN-170 Wire Cutters, Precision Electronics Flush Cutter, One of the Strongest and Sharpest Side Cutting pliers with an Opening Spring, Ideal for Ultra-fine Cutting Needs.</p><p> -24% 0FF </p><p>$6.97</p><a href="https://www.amazon.com/dp/B07GR7QF63?tag=eloabder-20&linkCode=osi&th=1&psc=1">View Product</a></div>

<div class="product"><a href="https://www.amazon.com/dp/B01LRVX4AS?tag=eloabder-20&linkCode=osi&th=1&psc=1"><img src="https://m.media-amazon.com/images/I/41eRX8GkL8L._SL500_.jpg" alt="Product Image"></a><p>JKSafety 9 Pockets Class 2 High Visibility Zipper Front Safety Vest With Reflective Strips,Meets ANSI/ISEA Standard (Large, 150-Yellow)</p><p> -10% 0FF </p><p>$8.99</p><a href="https://www.amazon.com/dp/B01LRVX4AS?tag=eloabder-20&linkCode=osi&th=1&psc=1">View Product</a></div><div class="product"><a href="https://www.amazon.com/dp/B01LDPHX7S?tag=eloabder-20&linkCode=osi&th=1&psc=1"><img src="https://m.media-amazon.com/images/I/41pcC4hFanL._SL500_.jpg" alt="Product Image"></a><p>Ergodyne GloWear 8377 Type R Class 3 Lime Quilted Bomber Jacket, High Visibility Reflective Insulation, X-Large</p><p> -17% 0FF </p><p>$34.99</p><a href="https://www.amazon.com/dp/B01LDPHX7S?tag=eloabder-20&linkCode=osi&th=1&psc=1">View Product</a></div><div class="product"><a href="https://www.amazon.com/dp/B0CRV7G3WW?tag=eloabder-20&linkCode=osi&th=1&psc=1"><img src="https://m.media-amazon.com/images/I/41KOsJq8HTL._SL500_.jpg" alt="Product Image"></a><p>Bilymate LED Reflective Vest Running Gear,High Visibility with usb Rechargeable Light Up safety Vest for Walking Running Cycling,Adjustable for Men Women Kids Flourence Green</p><p> -50% 0FF </p><p>$6.45</p><a href="https://www.amazon.com/dp/B0CRV7G3WW?tag=eloabder-20&linkCode=osi&th=1&psc=1">View Product</a></div>
<div class="product"><a href="https://www.amazon.com/dp/B01N2ZTB7M?tag=eloabder-20&linkCode=osi&th=1&psc=1"><img src="https://m.media-amazon.com/images/I/419b0AGprhL._SL500_.jpg" alt="Product Image"></a><p>Sellstrom Advantage Face Shield - Lightweight Mask with Crown & Ratchet Headgear, for Work, Grinding, Cutting - ANSI Z87.1 - Clear Uncoated Polycarbonate Window</p><p> -8% 0FF </p><p>$14.39</p><a href="https://www.amazon.com/dp/B01N2ZTB7M?tag=eloabder-20&linkCode=osi&th=1&psc=1">View Product</a></div><div class="product"><a href="https://www.amazon.com/dp/B008MCUZZS?tag=eloabder-20&linkCode=osi&th=1&psc=1"><img src="https://m.media-amazon.com/images/I/51FPpkx4CEL._SL500_.jpg" alt="Product Image"></a><p>3M 8210 Particulate Respirator, N95, Pack of 20 Disposable Respirator, Two-Strap Cup Style Design, Lightweight with Cushioning Nose Foam, NIOSH Approved</p><p> -45% 0FF </p><p>$15.49 ($0.77 / Count)</p><a href="https://www.amazon.com/dp/B008MCUZZS?tag=eloabder-20&linkCode=osi&th=1&psc=1">View Product</a></div><div class="product"><a href="https://www.amazon.com/dp/B08GBRY816?tag=eloabder-20&linkCode=osi&th=1&psc=1"><img src="https://m.media-amazon.com/images/I/51Z0iPJV4uL._SL500_.jpg" alt="Product Image"></a><p>NEIKO 53880A Forestry Helmet for Safety with Shield and Earmuffs, Chainsaw Helmet with Face Shield, Hard Hat Safety Gear Equipment, Protective Face Shield and Mesh Shield for Face Protection</p><p> -18% 0FF </p><p>$27.16</p><a href="https://www.amazon.com/dp/B08GBRY816?tag=eloabder-20&linkCode=osi&th=1&psc=1">View Product</a></div><div class="product"><a href="https://www.amazon.com/dp/B0BLF15Y9Q?tag=eloabder-20&linkCode=osi&th=1&psc=1"><img src="https://m.media-amazon.com/images/I/51+GJrSaWPL._SL500_.jpg" alt="Product Image"></a><p>Tanden Skating Protective Gear Adult Knee and Elbow Pads Wrist Guards for Roller Skating Skateboarding, Skate Pads Adult Knee Pads for Men Women Black</p><p> -6% 0FF </p><p>$26.99</p><a href="https://www.amazon.com/dp/B0BLF15Y9Q?tag=eloabder-20&linkCode=osi&th=1&psc=1">View Product</a></div>
<div class="product"><a href="https://www.amazon.com/dp/B0C9SBFGZR?tag=eloabder-20&linkCode=osi&th=1&psc=1"><img src="https://m.media-amazon.com/images/I/51yTPVBbEUL._SL500_.jpg" alt="Product Image"></a><p>Supmedic Nitrile Exam Glove, 3.5 mil Disposable Medical Gloves Powder-Free Latex-Free, Box of 100 pcs (Blue) (Medium)</p><p> -16% 0FF </p><p>$8.42</p><a href="https://www.amazon.com/dp/B0C9SBFGZR?tag=eloabder-20&linkCode=osi&th=1&psc=1">View Product</a></div><div class="product"><a href="https://www.amazon.com/dp/B07KYWVCP6?tag=eloabder-20&linkCode=osi&th=1&psc=1"><img src="https://m.media-amazon.com/images/I/41q59vUJw6L._SL500_.jpg" alt="Product Image"></a><p>MED PRIDE Medical Vinyl Examination Gloves (Large, 100-Count) Latex & Rubber Free, Ultra-Strong, Clear Disposable Powder-Free Gloves for Healthcare & Food Handling Use</p><p> -11% 0FF </p><p>$7.99 ($0.08 / Count)</p><a href="https://www.amazon.com/dp/B07KYWVCP6?tag=eloabder-20&linkCode=osi&th=1&psc=1">View Product</a></div><div class="product"><a href="https://www.amazon.com/dp/B09KTQMMCM?tag=eloabder-20&linkCode=osi&th=1&psc=1"><img src="https://m.media-amazon.com/images/I/41mQ4yEa-wL._SL500_.jpg" alt="Product Image"></a><p>Schneider Black Vinyl Exam Gloves, 4mil, Disposable Latex-Free, Plastic Gloves for Medical, Cooking, Cleaning, and Food Prep, Sizes Medium</p><p> -20% 0FF </p><p>$7.99</p><a href="https://www.amazon.com/dp/B09KTQMMCM?tag=eloabder-20&linkCode=osi&th=1&psc=1">View Product</a></div><div class="product"><a href="https://www.amazon.com/dp/B09KRT18KC?tag=eloabder-20&linkCode=osi&th=1&psc=1"><img src="https://m.media-amazon.com/images/I/415qb2LeE6L._SL500_.jpg" alt="Product Image"></a><p>Schneider Clear Vinyl Exam Gloves, 4-mil, Medium 100-ct Box, Latex-Free, Rubber Disposable Gloves For Medical, Cleaning , Food Prep, Food Safe, Powder-Free, Non-Sterile</p><p> -20% 0FF </p><p>$7.97 ($0.08 / Count)</p><a href="https://www.amazon.com/dp/B09KRT18KC?tag=eloabder-20&linkCode=osi&th=1&psc=1">View Product</a></div><div class="product"><a href="https://www.amazon.com/dp/B08WJQR2CR?tag=eloabder-20&linkCode=osi&th=1&psc=1"><img src="https://m.media-amazon.com/images/I/414Y7CgkL2L._SL500_.jpg" alt="Product Image"></a><p>FifthPulse Black Vinyl Disposable Gloves Large 50 Pack - Latex Free, Powder Free Medical Exam Gloves - Surgical, Home, Cleaning, and Food Gloves - 3 Mil Thickness</p><p> -60% 0FF </p><p>$5.59</p><a href="https://www.amazon.com/dp/B08WJQR2CR?tag=eloabder-20&linkCode=osi&th=1&psc=1">View Product</a></div><div class="product"><a href="https://www.amazon.com/dp/B0C9MZRBR7?tag=eloabder-20&linkCode=osi&th=1&psc=1"><img src="https://m.media-amazon.com/images/I/41STIBt58JL._SL500_.jpg" alt="Product Image"></a><p>Caring Nitrile Exam Gloves (100ct), Powder Free and Not Made with Natural Rubber Latex, Gloves for Medical Use, Cleaning, Food Prep and More, Large</p><p> -13% 0FF </p><p>$6.99</p><a href="https://www.amazon.com/dp/B0C9MZRBR7?tag=eloabder-20&linkCode=osi&th=1&psc=1">View Product</a></div><div class="product"><a href="https://www.amazon.com/dp/B087LXWY99?tag=eloabder-20&linkCode=osi&th=1&psc=1"><img src="https://m.media-amazon.com/images/I/51ILZr2xj3L._SL500_.jpg" alt="Product Image"></a><p>Basic Medical Blue Nitrile Exam Gloves - Latex-Free & Powder-Free - NGPF-7002 (Case of 1,000), Medium</p><p> -16% 0FF </p><p>$32.82 ($0.03 / Count)</p><a href="https://www.amazon.com/dp/B087LXWY99?tag=eloabder-20&linkCode=osi&th=1&psc=1">View Product</a></div>
<div class="product"><a href="https://www.amazon.com/dp/B09P4DBZHY?tag=eloabder-20&linkCode=osi&th=1&psc=1"><img src="https://m.media-amazon.com/images/I/31YZa5T8JCL._SL500_.jpg" alt="Product Image"></a><p>3M Hard Hat SecureFit H-701SFR-UV, White, Non-Vented Cap Style Safety Helmet with Uvicator Sensor, 4-Point Pressure Diffusion Ratchet Suspension, ANSI Z87.1</p><p> -12% 0FF </p><p>$16.25</p><a href="https://www.amazon.com/dp/B09P4DBZHY?tag=eloabder-20&linkCode=osi&th=1&psc=1">View Product</a></div><div class="product"><a href="https://www.amazon.com/dp/B09VBV3T78?tag=eloabder-20&linkCode=osi&th=1&psc=1"><img src="https://m.media-amazon.com/images/I/31BEt7CIKkL._SL500_.jpg" alt="Product Image"></a><p>UNINOVA Vented Hard Hat with Visor OSHA Construction Safety Helmet 6 pt. Ratchet Suspension Cascos De Construccion ANSI Z89.1 Type I Class C Hardhats(S1 White Smoked)</p><p> -46% 0FF </p><p>$29.99</p><a href="https://www.amazon.com/dp/B09VBV3T78?tag=eloabder-20&linkCode=osi&th=1&psc=1">View Product</a></div>
<div class="product"><a href="https://www.amazon.com/dp/B08C7HDF1F?tag=eloabder-20&linkCode=osi&th=1&psc=1"><img src="https://m.media-amazon.com/images/I/51v5EoPjf3L._SL500_.jpg" alt="Product Image"></a><p>NNPCBT 100PCS 3 Ply Black Disposable Face Mask Filter Protection Face Masks</p><p> -33% 0FF </p><p>$9.98 ($0.10 / Count)</p><a href="https://www.amazon.com/dp/B08C7HDF1F?tag=eloabder-20&linkCode=osi&th=1&psc=1">View Product</a></div><div class="product"><a href="https://www.amazon.com/dp/B09GNXYWDQ?tag=eloabder-20&linkCode=osi&th=1&psc=1"><img src="https://m.media-amazon.com/images/I/41VrygLbB9L._SL500_.jpg" alt="Product Image"></a><p>Gleeporte [Pack Of 100] Black Disposable Face Mask, 3-Ply Adult Masks, Facial Cover with Elastic Earloops For Home, Office, School, and Outdoors</p><p> -22% 0FF </p><p>$6.99 ($0.07 / Count)</p><a href="https://www.amazon.com/dp/B09GNXYWDQ?tag=eloabder-20&linkCode=osi&th=1&psc=1">View Product</a></div><div class="product"><a href="https://www.amazon.com/dp/B08Y8NVW6Y?tag=eloabder-20&linkCode=osi&th=1&psc=1"><img src="https://m.media-amazon.com/images/I/51-zA01VM0L._SL500_.jpg" alt="Product Image"></a><p>LEMENT 50pcs KN95 Face Mask Black 5 Layer Cup Dust Safety Masks Filter Efficiency‚â•95% Breathable Elastic Ear Loops Black Masks</p><p> -33% 0FF </p><p>$19.99 ($0.40 / Count)</p><a href="https://www.amazon.com/dp/B08Y8NVW6Y?tag=eloabder-20&linkCode=osi&th=1&psc=1">View Product</a></div><div class="product"><a href="https://www.amazon.com/dp/B089TX3BPY?tag=eloabder-20&linkCode=osi&th=1&psc=1"><img src="https://m.media-amazon.com/images/I/41qr1sidczL._SL500_.jpg" alt="Product Image"></a><p>Hygenix 3ply Disposable Face Masks PFE 99% Filter Quality Tested by a US lab (Pack of 50 Pcs)</p><p> -13% 0FF </p><p>$12.99 ($0.26 / Count)</p><a href="https://www.amazon.com/dp/B089TX3BPY?tag=eloabder-20&linkCode=osi&th=1&psc=1">View Product</a></div><div class="product"><a href="https://www.amazon.com/dp/B09GLY1S79?tag=eloabder-20&linkCode=osi&th=1&psc=1"><img src="https://m.media-amazon.com/images/I/511vKreiG-L._SL500_.jpg" alt="Product Image"></a><p>Funight KN95 Face Masks 50 Pack 5-Ply Breathable Filter Disposable Face Masks Black</p><p> -50% 0FF </p><p>$19.99 ($0.40 / Count)</p><a href="https://www.amazon.com/dp/B09GLY1S79?tag=eloabder-20&linkCode=osi&th=1&psc=1">View Product</a></div>
<div class="product"><a href="https://www.amazon.com/dp/B07MNZ7C1M?tag=eloabder-20&linkCode=osi&th=1&psc=1"><img src="https://m.media-amazon.com/images/I/41qn5bUxuzL._SL500_.jpg" alt="Product Image"></a><p>ProCase Noise Reduction Ear Muffs, SNR 34dB Noise Cancelling Headphones for Adults Kids Autism, Adjustable Sound Proof Ear Protection for Shooting Mowing Construction -Red</p><p> -21% 0FF </p><p>$14.99</p><a href="https://www.amazon.com/dp/B07MNZ7C1M?tag=eloabder-20&linkCode=osi&th=1&psc=1">View Product</a></div><div class="product"><a href="https://www.amazon.com/dp/B0C5SMT3TX?tag=eloabder-20&linkCode=osi&th=1&psc=1"><img src="https://m.media-amazon.com/images/I/31TGEeMQNBL._SL500_.jpg" alt="Product Image"></a><p>ZOHAN 012 Hearing Protection Earmuffs for Noise Reduction - NRR 28dB Adjustable Safety Ear Muffs for Mowing, Autism, Sporting Events, Outdoor Work, Construction - Purple</p><p> -50% 0FF </p><p>$7.99</p><a href="https://www.amazon.com/dp/B0C5SMT3TX?tag=eloabder-20&linkCode=osi&th=1&psc=1">View Product</a></div><div class="product"><a href="https://www.amazon.com/dp/B01MXYJ2QP?tag=eloabder-20&linkCode=osi&th=1&psc=1"><img src="https://m.media-amazon.com/images/I/412QOjQpaKL._SL500_.jpg" alt="Product Image"></a><p>3M Pro-Grade Earmuff, Noise Reduction Rating (NRR) 30 dB, Lightweight & Adjustable Ear Muffs, Reduce Pressure Points For All-Day Comfort, Steel Wire Headband With Rubber Overmold Design (90565-4DC-PS)</p><p> -19% 0FF </p><p>$27.49</p><a href="https://www.amazon.com/dp/B01MXYJ2QP?tag=eloabder-20&linkCode=osi&th=1&psc=1">View Product</a></div><div class="product"><a href="https://www.amazon.com/dp/B01N7LMH5K?tag=eloabder-20&linkCode=osi&th=1&psc=1"><img src="https://m.media-amazon.com/images/I/516EUUjXKUL._SL500_.jpg" alt="Product Image"></a><p>10 Pair Corded Reusable Ear Plugs for Shooting Range Ear Protection for Gun Range - Hunting Ear Plugs for Construction Firearm Ear Protection Shooting Gun Hearing Protection Ear Plugs Corded</p><p> -13% 0FF </p><p>$6.95 ($0.70 / Count)</p><a href="https://www.amazon.com/dp/B01N7LMH5K?tag=eloabder-20&linkCode=osi&th=1&psc=1">View Product</a></div>
<div class="product"><a href="https://www.amazon.com/dp/B09G8FJNRT?tag=eloabder-20&linkCode=osi&th=1&psc=1"><img src="https://m.media-amazon.com/images/I/414WbTnlb1L._SL500_.jpg" alt="Product Image"></a><p>Aqulius 2 Pack Stylish Safety Glasses Goggles Anti Fog, Scratch Resistant, Safety Glasses for Women, Blue Light, Glasses for Nurses</p><p> -18% 0FF </p><p>$13.99</p><a href="https://www.amazon.com/dp/B09G8FJNRT?tag=eloabder-20&linkCode=osi&th=1&psc=1">View Product</a></div><div class="product"><a href="https://www.amazon.com/dp/B0833VW43J?tag=eloabder-20&linkCode=osi&th=1&psc=1"><img src="https://m.media-amazon.com/images/I/41iY6mE3j6L._SL500_.jpg" alt="Product Image"></a><p>amoolo Clear Safety Glasses Bulk of 24, Protective Eyewear for Men Women, ANSI Z87.1 Impact Resistant Eye Protection for Work, Lab, Construction</p><p> -18% 0FF </p><p>$24.69 ($1.03 / Count)</p><a href="https://www.amazon.com/dp/B0833VW43J?tag=eloabder-20&linkCode=osi&th=1&psc=1">View Product</a></div><div class="product"><a href="https://www.amazon.com/dp/B07YLVH342?tag=eloabder-20&linkCode=osi&th=1&psc=1"><img src="https://m.media-amazon.com/images/I/41bR3jQbKXL._SL500_.jpg" alt="Product Image"></a><p>SolidWork Safety Glasses Clear Lens with Side Shields, Anti Fog, Anti Scratch, Anti-Glare, Protective Eyewear for Men & Women</p><p> -11% 0FF </p><p>$9.99</p><a href="https://www.amazon.com/dp/B07YLVH342?tag=eloabder-20&linkCode=osi&th=1&psc=1">View Product</a></div>

<div class="product"><a href="https://www.amazon.com/dp/B078JGY2MJ?tag=eloabder-20&linkCode=osi&th=1&psc=1"><img src="https://m.media-amazon.com/images/I/41V4pUwXteL._SL500_.jpg" alt="Product Image"></a><p>Cherokee Scrubs for Men Workwear Professionals V-Neck Four-Pocket Scrub Top WW695, L, Navy</p><p> -23% 0FF </p><p>$24.99</p><a href="https://www.amazon.com/dp/B078JGY2MJ?tag=eloabder-20&linkCode=osi&th=1&psc=1">View Product</a></div><div class="product"><a href="https://www.amazon.com/dp/B0721NWRKT?tag=eloabder-20&linkCode=osi&th=1&psc=1"><img src="https://m.media-amazon.com/images/I/41Qw3a-DoWL._SL500_.jpg" alt="Product Image"></a><p>Cherokee Women's V-Neck Top, Navy, X-Large</p><p> -15% 0FF </p><p>$23.99</p><a href="https://www.amazon.com/dp/B0721NWRKT?tag=eloabder-20&linkCode=osi&th=1&psc=1">View Product</a></div><div class="product"><a href="https://www.amazon.com/dp/B012H3JOOK?tag=eloabder-20&linkCode=osi&th=1&psc=1"><img src="https://m.media-amazon.com/images/I/41GrV-dIDYL._SL500_.jpg" alt="Product Image"></a><p>Workwear Women Underscrubs Long Sleeve Knit Tee 4881, L, Caribbean Blue</p><p> -19% 0FF </p><p>$10.47</p><a href="https://www.amazon.com/dp/B012H3JOOK?tag=eloabder-20&linkCode=osi&th=1&psc=1">View Product</a></div>
<div class="product"><a href="https://www.amazon.com/dp/B010QWNDX2?tag=eloabder-20&linkCode=osi&th=1&psc=1"><img src="https://m.media-amazon.com/images/I/31V3r0a9C1L._SL500_.jpg" alt="Product Image"></a><p>Just Love Women's Scrub Sets Six Pocket Medical Scrubs (V-Neck With Cargo Pant), Navy, Medium</p><p> -16% 0FF </p><p>$19.99</p><a href="https://www.amazon.com/dp/B010QWNDX2?tag=eloabder-20&linkCode=osi&th=1&psc=1">View Product</a></div><div class="product"><a href="https://www.amazon.com/dp/B0985Y2RB4?tag=eloabder-20&linkCode=osi&th=1&psc=1"><img src="https://m.media-amazon.com/images/I/3176BjqvasS._SL500_.jpg" alt="Product Image"></a><p>Natural Uniforms Women's Cool Stretch V-Neck Top and Cargo Pant Set (True Navy Blue, Large)</p><p> -17% 0FF </p><p>$24.99</p><a href="https://www.amazon.com/dp/B0985Y2RB4?tag=eloabder-20&linkCode=osi&th=1&psc=1">View Product</a></div><div class="product"><a href="https://www.amazon.com/dp/B0CBNDXYJT?tag=eloabder-20&linkCode=osi&th=1&psc=1"><img src="https://m.media-amazon.com/images/I/31DhOD5-BwL._SL500_.jpg" alt="Product Image"></a><p>MONARCH UNIFORMS Stretchy Scrubs Women's Jogger Scrub Set In Regular and Petite Jogger Scrubs with Tuck-In Top for Women(Navy-L)</p><p> -6% 0FF </p><p>$46.95</p><a href="https://www.amazon.com/dp/B0CBNDXYJT?tag=eloabder-20&linkCode=osi&th=1&psc=1">View Product</a></div><div class="product"><a href="https://www.amazon.com/dp/B0D1TL84LR?tag=eloabder-20&linkCode=osi&th=1&psc=1"><img src="https://m.media-amazon.com/images/I/51iGPF-PnRL._SL500_.jpg" alt="Product Image"></a><p>Electric Warming Trays for Food and Hot Plates, Large and Uniform Surface Heating, Foldable, Durable, 3 Temperature Levels, Can Be On for 12 Hours, Silicone Food Warmer for Gatherings (Beige)</p><p> -8% 0FF </p><p>$36.99</p><a href="https://www.amazon.com/dp/B0D1TL84LR?tag=eloabder-20&linkCode=osi&th=1&psc=1">View Product</a></div><div class="product"><a href="https://www.amazon.com/dp/B09MM2LG84?tag=eloabder-20&linkCode=osi&th=1&psc=1"><img src="https://m.media-amazon.com/images/I/31B25JsiYTL._SL500_.jpg" alt="Product Image"></a><p>Scrubs Set for Women Joggers V-Neck Pocket Top Uniforms (Pink, L)</p><p> -10% 0FF </p><p>$25.99</p><a href="https://www.amazon.com/dp/B09MM2LG84?tag=eloabder-20&linkCode=osi&th=1&psc=1">View Product</a></div>
<div class="product"><a href="https://www.amazon.com/dp/B07K8M42Q5?tag=eloabder-20&linkCode=osi&th=1&psc=1"><img src="https://m.media-amazon.com/images/I/41UMPYXm6lS._SL500_.jpg" alt="Product Image"></a><p>Insulated Thermal Bib Overalls, High Visibility, Weather-Resistant, Large, Ergodyne GloWear 8928,Lime</p><p> -33% 0FF </p><p>$74.69</p><a href="https://www.amazon.com/dp/B07K8M42Q5?tag=eloabder-20&linkCode=osi&th=1&psc=1">View Product</a></div><div class="product"><a href="https://www.amazon.com/dp/B07SB2Z38J?tag=eloabder-20&linkCode=osi&th=1&psc=1"><img src="https://m.media-amazon.com/images/I/31gv4F1tgnL._SL500_.jpg" alt="Product Image"></a><p>Pioneer Hi Vis Ripstop Waterproof Bib Pants/Overalls for Men - Reflective Safety Work Rain Pants - High Visibility Yellow</p><p> -11% 0FF </p><p>$51.72</p><a href="https://www.amazon.com/dp/B07SB2Z38J?tag=eloabder-20&linkCode=osi&th=1&psc=1">View Product</a></div>
<div class="product"><a href="https://www.amazon.com/dp/B000BQRGFU?tag=eloabder-20&linkCode=osi&th=1&psc=1"><img src="https://m.media-amazon.com/images/I/51gnFiaxIAS._SL500_.jpg" alt="Product Image"></a><p>Trimaco SuperTuff Polypropylene Coverall, Medium</p><p> -51% 0FF </p><p>$4.90</p><a href="https://www.amazon.com/dp/B000BQRGFU?tag=eloabder-20&linkCode=osi&th=1&psc=1">View Product</a></div><div class="product"><a href="https://www.amazon.com/dp/B01JOWAOEG?tag=eloabder-20&linkCode=osi&th=1&psc=1"><img src="https://m.media-amazon.com/images/I/31jcH7zLurL._SL500_.jpg" alt="Product Image"></a><p>DuPont unisex-adult TY122S-XL-EACH Disposable Elastic Wrist, Bootie and Hood Tyvek Coverall Suit 1414, X-Large, White</p><p> -16% 0FF </p><p>$9.77</p><a href="https://www.amazon.com/dp/B01JOWAOEG?tag=eloabder-20&linkCode=osi&th=1&psc=1">View Product</a></div>
<div class="product"><a href="https://www.amazon.com/dp/B07D8G82G8?tag=eloabder-20&linkCode=osi&th=1&psc=1"><img src="https://m.media-amazon.com/images/I/317xFAdHZWL._SL500_.jpg" alt="Product Image"></a><p>VOGRYE Professional Lab Coat for Men Women Long Sleeve, White, Unisex</p><p> -12% 0FF </p><p>$14.99</p><a href="https://www.amazon.com/dp/B07D8G82G8?tag=eloabder-20&linkCode=osi&th=1&psc=1">View Product</a></div><div class="product"><a href="https://www.amazon.com/dp/B07HBL83B4?tag=eloabder-20&linkCode=osi&th=1&psc=1"><img src="https://m.media-amazon.com/images/I/31TG2roZU-L._SL500_.jpg" alt="Product Image"></a><p>VOGRYE Professional Lab Coat for Women Men Long Sleeve, White, Unisex (Small, White)</p><p> -32% 0FF </p><p>$16.99</p><a href="https://www.amazon.com/dp/B07HBL83B4?tag=eloabder-20&linkCode=osi&th=1&psc=1">View Product</a></div><div class="product"><a href="https://www.amazon.com/dp/B08VDZ6KCT?tag=eloabder-20&linkCode=osi&th=1&psc=1"><img src="https://m.media-amazon.com/images/I/31ERfg1k-nL._SL500_.jpg" alt="Product Image"></a><p>NY Threads Professional Lab Coat for Men Long Sleeve Poly Cotton Medical Coat 1 Pack, Medium, White</p><p> -11% 0FF </p><p>$16.99</p><a href="https://www.amazon.com/dp/B08VDZ6KCT?tag=eloabder-20&linkCode=osi&th=1&psc=1">View Product</a></div><div class="product"><a href="https://www.amazon.com/dp/B097NS2MHG?tag=eloabder-20&linkCode=osi&th=1&psc=1"><img src="https://m.media-amazon.com/images/I/31jtnrdiCcL._SL500_.jpg" alt="Product Image"></a><p>NY Threads Professional Lab Coat for Women, Long Sleeve Poly Cotton Medical Coat 1 Pack, Medium, White</p><p> -10% 0FF </p><p>$17.99</p><a href="https://www.amazon.com/dp/B097NS2MHG?tag=eloabder-20&linkCode=osi&th=1&psc=1">View Product</a></div>
<div class="product"><a href="https://www.amazon.com/dp/B08LSQFJCL?tag=eloabder-20&linkCode=osi&th=1&psc=1"><img src="https://m.media-amazon.com/images/I/410PoD7Tw+L._SL500_.jpg" alt="Product Image"></a><p>Walking Boot Fracture Boot for Broken Foot, Sprained Ankle-Medium</p><p> -25% 0FF </p><p>$39.85</p><a href="https://www.amazon.com/dp/B08LSQFJCL?tag=eloabder-20&linkCode=osi&th=1&psc=1">View Product</a></div><div class="product"><a href="https://www.amazon.com/dp/B09YPT42D5?tag=eloabder-20&linkCode=osi&th=1&psc=1"><img src="https://m.media-amazon.com/images/I/418-GYTrMOL._SL500_.jpg" alt="Product Image"></a><p>Jewlri Air Walking Boot Fracture Boot Short Walker Protective Boot Fits Left or Right Foot Ankle for Injuries Fractures Sprains Black M</p><p> -13% 0FF </p><p>$39.15</p><a href="https://www.amazon.com/dp/B09YPT42D5?tag=eloabder-20&linkCode=osi&th=1&psc=1">View Product</a></div><div class="product"><a href="https://www.amazon.com/dp/B019T9EHME?tag=eloabder-20&linkCode=osi&th=1&psc=1"><img src="https://m.media-amazon.com/images/I/41vMjfPsvUL._SL500_.jpg" alt="Product Image"></a><p>WOLVERINE Men's Floorhand Waterproof Steeltoe 6" Work Boot, Dark Brown, 9M</p><p> -23% 0FF </p><p>$92.90</p><a href="https://www.amazon.com/dp/B019T9EHME?tag=eloabder-20&linkCode=osi&th=1&psc=1">View Product</a></div>
<div class="product"><a href="https://www.amazon.com/dp/B073WH3WDR?tag=eloabder-20&linkCode=osi&th=1&psc=1"><img src="https://m.media-amazon.com/images/I/31s4J9BNC5L._SL500_.jpg" alt="Product Image"></a><p>Skechers Women's Squad SR Shoe, Black, 8.5</p><p> -63% 0FF </p><p>$25.00</p><a href="https://www.amazon.com/dp/B073WH3WDR?tag=eloabder-20&linkCode=osi&th=1&psc=1">View Product</a></div><div class="product"><a href="https://www.amazon.com/dp/B0C73MZF8M?tag=eloabder-20&linkCode=osi&th=1&psc=1"><img src="https://m.media-amazon.com/images/I/41yuAR+ADmL._SL500_.jpg" alt="Product Image"></a><p>LARNMERN Men Shoes Non Slip Work Sneakers Plantar Fasciitis Food Service Zapatos Trabajo Antideslizantes Orthopedic Walking Shoes Water Resistant Slip-on, Black 10.5</p><p> -15% 0FF </p><p>$42.42</p><a href="https://www.amazon.com/dp/B0C73MZF8M?tag=eloabder-20&linkCode=osi&th=1&psc=1">View Product</a></div><div class="product"><a href="https://www.amazon.com/dp/B0CJ8ZXF49?tag=eloabder-20&linkCode=osi&th=1&psc=1"><img src="https://m.media-amazon.com/images/I/41FQGDRzYhL._SL500_.jpg" alt="Product Image"></a><p>Bruno Marc Men's Non Slip Shoes, Lightweight Mens Work Shoes & Restaurant or Food Service Sneakers,Size 12,Black,SBWO2302M</p><p> -18% 0FF </p><p>$40.99</p><a href="https://www.amazon.com/dp/B0CJ8ZXF49?tag=eloabder-20&linkCode=osi&th=1&psc=1">View Product</a></div><div class="product"><a href="https://www.amazon.com/dp/B08XK8NZ82?tag=eloabder-20&linkCode=osi&th=1&psc=1"><img src="https://m.media-amazon.com/images/I/41VlYm6BhQL._SL500_.jpg" alt="Product Image"></a><p>Shoes for Crews Everlight Mens Non Slip Work Shoes - Men's Work & Safety Footwear, Lace-Up Breathable Work Shoes for Men, Zapato de Trabajo para Hombre, Size 10 Black</p><p> -14% 0FF </p><p>$59.98</p><a href="https://www.amazon.com/dp/B08XK8NZ82?tag=eloabder-20&linkCode=osi&th=1&psc=1">View Product</a></div><div class="product"><a href="https://www.amazon.com/dp/B01N2ZIDHO?tag=eloabder-20&linkCode=osi&th=1&psc=1"><img src="https://m.media-amazon.com/images/I/41TB3tRdI3L._SL500_.jpg" alt="Product Image"></a><p>Skechers Men's Flex Advantage Bendon Work Shoe, Black, 9.5 Wide</p><p> -25% 0FF </p><p>$63.73</p><a href="https://www.amazon.com/dp/B01N2ZIDHO?tag=eloabder-20&linkCode=osi&th=1&psc=1">View Product</a></div><div class="product"><a href="https://www.amazon.com/dp/B0D95RCCV4?tag=eloabder-20&linkCode=osi&th=1&psc=1"><img src="https://m.media-amazon.com/images/I/414THsyORKL._SL500_.jpg" alt="Product Image"></a><p>Bruno Marc Men's Hands Free Non Slip Work Shoes, Water Resistance Restaurant Slip on Food Service Sneakers,Size 11,Black,SNIC2410M</p><p> -15% 0FF </p><p>$33.14</p><a href="https://www.amazon.com/dp/B0D95RCCV4?tag=eloabder-20&linkCode=osi&th=1&psc=1">View Product</a></div><div class="product"><a href="https://www.amazon.com/dp/B08XLPHX2K?tag=eloabder-20&linkCode=osi&th=1&psc=1"><img src="https://m.media-amazon.com/images/I/41hIoqZEa+L._SL500_.jpg" alt="Product Image"></a><p>Shoes for Crews Everlight, Women's Slip Resistant Work Shoes, Water Resistant, Black, Size 9</p><p> -14% 0FF </p><p>$59.98</p><a href="https://www.amazon.com/dp/B08XLPHX2K?tag=eloabder-20&linkCode=osi&th=1&psc=1">View Product</a></div>

<div class="product"><a href="https://www.amazon.com/dp/B0CP3Q6CCG?tag=eloabder-20&linkCode=osi&th=1&psc=1"><img src="https://m.media-amazon.com/images/I/41sFYNo44HL._SL500_.jpg" alt="Product Image"></a><p>SAFETOE Welding Boots for Men Composite Toe Safety Boots Fire Resistant Welding Boot 300‚ÑÉHeat Resistant Welder Working Boots</p><p> -20% 0FF </p><p>$71.99</p><a href="https://www.amazon.com/dp/B0CP3Q6CCG?tag=eloabder-20&linkCode=osi&th=1&psc=1">View Product</a></div><div class="product"><a href="https://www.amazon.com/dp/B08L6HJJ7C?tag=eloabder-20&linkCode=osi&th=1&psc=1"><img src="https://m.media-amazon.com/images/I/41RzvjdVq0S._SL500_.jpg" alt="Product Image"></a><p>TOSAFZXY Work Safety Boots for Men Durable Crazy-Horse Leather Indestructible Steel Toe Waterproof and Non-Slip Better Warmth Men Work Shoes Black 13</p><p> -21% 0FF </p><p>$76.99</p><a href="https://www.amazon.com/dp/B08L6HJJ7C?tag=eloabder-20&linkCode=osi&th=1&psc=1">View Product</a></div><div class="product"><a href="https://www.amazon.com/dp/B01E7T2S7M?tag=eloabder-20&linkCode=osi&th=1&psc=1"><img src="https://m.media-amazon.com/images/I/41h2ZazEbDL._SL500_.jpg" alt="Product Image"></a><p>Timberland PRO Men's Powertrain Sport Alloy Safety Toe Industrial Athletic Work Shoe AL, Black/Grey, 11</p><p> -15% 0FF </p><p>$93.45</p><a href="https://www.amazon.com/dp/B01E7T2S7M?tag=eloabder-20&linkCode=osi&th=1&psc=1">View Product</a></div>

<div class="product"><a href="https://www.amazon.com/dp/B08G5DNWPH?tag=eloabder-20&linkCode=osi&th=1&psc=1"><img src="https://m.media-amazon.com/images/I/51z+-4Ne7OS._SL500_.jpg" alt="Product Image"></a><p>Palmer Safety Safety Harness w/Detachable 6 ft Lanyard I Single Leg Lanyard w/Internal Shock Absorbing & Snap Hook I OSHA/ANSI Fall Arrest Kit</p><p> -19% 0FF </p><p>$41.80</p><a href="https://www.amazon.com/dp/B08G5DNWPH?tag=eloabder-20&linkCode=osi&th=1&psc=1">View Product</a></div>
<div class="product"><a href="https://www.amazon.com/dp/B07MPC2DL1?tag=eloabder-20&linkCode=osi&th=1&psc=1"><img src="https://m.media-amazon.com/images/I/414lPL-+oSL._SL500_.jpg" alt="Product Image"></a><p>SHINKODA Black Glasses Strap, Sports Sunglasses & Eyeglasses Holder Straps for Men Women, String Holder, Neck Lanyard Cord, Adjustable Rope Eyewear Keeper Strap, Pack of 6</p><p> -30% 0FF </p><p>$6.99</p><a href="https://www.amazon.com/dp/B07MPC2DL1?tag=eloabder-20&linkCode=osi&th=1&psc=1">View Product</a></div>

<div class="product"><a href="https://www.amazon.com/dp/B07N42HH5R?tag=eloabder-20&linkCode=osi&th=1&psc=1"><img src="https://m.media-amazon.com/images/I/41ckLVLEd2L._SL500_.jpg" alt="Product Image"></a><p>X MONSTER HMPE Synthetic Winch Rope 3/8" x 90' Off Road for UTV/ATV Winch Line Cable Rope with Black Protecting Sleeve 18,000 lbs, Orange</p><p> -50% 0FF </p><p>$39.99 ($0.44 / Foot)</p><a href="https://www.amazon.com/dp/B07N42HH5R?tag=eloabder-20&linkCode=osi&th=1&psc=1">View Product</a></div><div class="product"><a href="https://www.amazon.com/dp/B08GC5NMY2?tag=eloabder-20&linkCode=osi&th=1&psc=1"><img src="https://m.media-amazon.com/images/I/41DLu2HOubL._SL500_.jpg" alt="Product Image"></a><p>AuInn Pack of 2 Velvet Stanchion Ropes, 4.9 Feet Stanchion Queue Barrier Rope Velvet Rope, Crowd Control Rope Barrier, with Mirror Polished Hooks (Red)</p><p> -50% 0FF </p><p>$8.24</p><a href="https://www.amazon.com/dp/B08GC5NMY2?tag=eloabder-20&linkCode=osi&th=1&psc=1">View Product</a></div><div class="product"><a href="https://www.amazon.com/dp/B004XAD2IU?tag=eloabder-20&linkCode=osi&th=1&psc=1"><img src="https://m.media-amazon.com/images/I/41OMk7JUdRL._SL500_.jpg" alt="Product Image"></a><p>SeaSense Rope Cutting Gun for Fishing, Boating & Camping ‚Äì 4‚Äô Cord, 1.5 Lbs, 120 V, 100 W & 1.5 A ‚Äì Lightweight Electric Cutter Tool for Synthetic Rope or Line</p><p> -17% 0FF </p><p>$34.49</p><a href="https://www.amazon.com/dp/B004XAD2IU?tag=eloabder-20&linkCode=osi&th=1&psc=1">View Product</a></div><div class="product"><a href="https://www.amazon.com/dp/B000KA4NZI?tag=eloabder-20&linkCode=osi&th=1&psc=1"><img src="https://m.media-amazon.com/images/I/41dG6S68MnL._SL500_.jpg" alt="Product Image"></a><p>Champion Sports DD Series Double Dutch Licorice Jump Ropes - Pink, 16-Feet (Set)</p><p> -37% 0FF </p><p>$10.10</p><a href="https://www.amazon.com/dp/B000KA4NZI?tag=eloabder-20&linkCode=osi&th=1&psc=1">View Product</a></div><div class="product"><a href="https://www.amazon.com/dp/B0BMVK163Z?tag=eloabder-20&linkCode=osi&th=1&psc=1"><img src="https://m.media-amazon.com/images/I/41lSc76CkEL._SL500_.jpg" alt="Product Image"></a><p>FVIEXE 6 Pack Red Velvet Stanchion Rope, 5 Feet Crowd Control Velvet Ropes with Gold Clasps, Foam Core Red Rope Queue Safety Sarriers Stanchion Post Rope for Party Event and Red Carpet</p><p> -6% 0FF </p><p>$32.99</p><a href="https://www.amazon.com/dp/B0BMVK163Z?tag=eloabder-20&linkCode=osi&th=1&psc=1">View Product</a></div>


<div class="product"><a href="https://www.amazon.com/dp/B06X9CYNJF?tag=eloabder-20&linkCode=osi&th=1&psc=1"><img src="https://m.media-amazon.com/images/I/51ZZNuuD3RL._SL500_.jpg" alt="Product Image"></a><p>VIVOHOME Motorcycle Lift Scissor Jack Steel Wide Deck Hoist Crank Center Stand 1100 LBS Capacity for Motorcycles, ATVs, Dirt Bikes Red</p><p> -20% 0FF </p><p>$79.99</p><a href="https://www.amazon.com/dp/B06X9CYNJF?tag=eloabder-20&linkCode=osi&th=1&psc=1">View Product</a></div><div class="product"><a href="https://www.amazon.com/dp/B0B19LHQG9?tag=eloabder-20&linkCode=osi&th=1&psc=1"><img src="https://m.media-amazon.com/images/I/41KGf+arU0L._SL500_.jpg" alt="Product Image"></a><p>EnryKuo Labor Saving Arm Jack 2 Pack,15.5 Inch Multifunctional Furniture Lifter Jacks for Installing Cabinets and Wall Tile Height Adjuster Handheld Tool</p><p> -42% 0FF </p><p>$28.99</p><a href="https://www.amazon.com/dp/B0B19LHQG9?tag=eloabder-20&linkCode=osi&th=1&psc=1">View Product</a></div><div class="product"><a href="https://www.amazon.com/dp/B002671WFC?tag=eloabder-20&linkCode=osi&th=1&psc=1"><img src="https://m.media-amazon.com/images/I/41SUknvQFBL._SL500_.jpg" alt="Product Image"></a><p>Lumex Stand Assist Patient Lift - Safely Sit, Stand, Transfer & Transport - LF1600</p><p> -11% 0FF </p><p>$648.29</p><a href="https://www.amazon.com/dp/B002671WFC?tag=eloabder-20&linkCode=osi&th=1&psc=1">View Product</a></div><div class="product"><a href="https://www.amazon.com/dp/B00022749Q?tag=eloabder-20&linkCode=osi&th=1&psc=1"><img src="https://m.media-amazon.com/images/I/41yCiXKQqmL._SL500_.jpg" alt="Product Image"></a><p>Shoulder Dolly Moving Straps - Lifting Strap for 2 Movers - Move, Lift, Carry, And Secure Furniture, Appliances, Heavy, Bulky Objects Safely, Efficiently, More Easily Like The Pros - LD1000</p><p> -11% 0FF </p><p>$39.99</p><a href="https://www.amazon.com/dp/B00022749Q?tag=eloabder-20&linkCode=osi&th=1&psc=1">View Product</a></div>
<div class="product"><a href="https://www.amazon.com/dp/B01MT1C80C?tag=eloabder-20&linkCode=osi&th=1&psc=1"><img src="https://m.media-amazon.com/images/I/41lL1b8gXCL._SL500_.jpg" alt="Product Image"></a><p>Happybuy Belt Conveyor 59 x 7.8 inch Conveyor Table Heavy Duty Stainless Steel Motorized Belt Conveyor for Inkjet Coding Applications Powered Rubber PVC Belt Anti Static (One Guardrail)</p><p> -30% 0FF </p><p>$249.99</p><a href="https://www.amazon.com/dp/B01MT1C80C?tag=eloabder-20&linkCode=osi&th=1&psc=1">View Product</a></div><div class="product"><a href="https://www.amazon.com/dp/B0C1PBQT7R?tag=eloabder-20&linkCode=osi&th=1&psc=1"><img src="https://m.media-amazon.com/images/I/41qlOkZESjL._SL500_.jpg" alt="Product Image"></a><p>Winco ECT-300 Commercial Conveyor Toaster, 300 Slices/Hour</p><p> -6% 0FF </p><p>$387.41</p><a href="https://www.amazon.com/dp/B0C1PBQT7R?tag=eloabder-20&linkCode=osi&th=1&psc=1">View Product</a></div>

<div class="product"><a href="https://www.amazon.com/dp/B018ANYYJG?tag=eloabder-20&linkCode=osi&th=1&psc=1"><img src="https://m.media-amazon.com/images/I/416JDvu6ogL._SL500_.jpg" alt="Product Image"></a><p>Global Industrial Pallet Jack Truck, 6600 Lb. Capacity, 27 x 48</p><p> -9% 0FF </p><p>$569.73</p><a href="https://www.amazon.com/dp/B018ANYYJG?tag=eloabder-20&linkCode=osi&th=1&psc=1">View Product</a></div>
<div class="product"><a href="https://www.amazon.com/dp/B0D6FZH97Y?tag=eloabder-20&linkCode=osi&th=1&psc=1"><img src="https://m.media-amazon.com/images/I/31pz8LhlttL._SL500_.jpg" alt="Product Image"></a><p>Golpart 6 Tier Adjustable Storage Shelves,Narrow Mesh Gaps Metal Utility Shelf,Wire Shelving Unit Organizer Rack for Home,Kitchen,Office,Bathroom,Pantry Room,10" D x 16" W x 60" H,Black</p><p> -28% 0FF </p><p>$42.99</p><a href="https://www.amazon.com/dp/B0D6FZH97Y?tag=eloabder-20&linkCode=osi&th=1&psc=1">View Product</a></div>


<div class="product"><a href="https://www.amazon.com/dp/B0000AXNO5?tag=eloabder-20&linkCode=osi&th=1&psc=1"><img src="https://m.media-amazon.com/images/I/411lu8hpsTL._SL500_.jpg" alt="Product Image"></a><p>SIMPLE GREEN ndustrial Cleaner and Degreaser, 1 US GALLON</p><p> -49% 0FF </p><p>$12.79 ($0.10 / Fl Oz)</p><a href="https://www.amazon.com/dp/B0000AXNO5?tag=eloabder-20&linkCode=osi&th=1&psc=1">View Product</a></div><div class="product"><a href="https://www.amazon.com/dp/B0B6HNYPD1?tag=eloabder-20&linkCode=osi&th=1&psc=1"><img src="https://m.media-amazon.com/images/I/51EInWKBX1L._SL500_.jpg" alt="Product Image"></a><p>String Mop for Floor Cleaning - Heavy Duty Industrial Commercial Mop with Extra Replacement Mop Head , 59inch Mop Handle, Wet Mop for Home,Garage,Office, Workshop, Warehouse Floor Cleaning</p><p> -22% 0FF </p><p>$28.98</p><a href="https://www.amazon.com/dp/B0B6HNYPD1?tag=eloabder-20&linkCode=osi&th=1&psc=1">View Product</a></div><div class="product"><a href="https://www.amazon.com/dp/B09V5FV7H8?tag=eloabder-20&linkCode=osi&th=1&psc=1"><img src="https://m.media-amazon.com/images/I/41GFVuDbcUL._SL500_.jpg" alt="Product Image"></a><p>VELCRO Brand Industrial Strength Fasteners | Extreme Outdoor Weather Conditions | Heavy Duty Strength Holds up to 15 lbs | 4 x 2 inch Strips, 3 Sets, Black (VEL-30758-USA)</p><p> -30% 0FF </p><p>$5.27</p><a href="https://www.amazon.com/dp/B09V5FV7H8?tag=eloabder-20&linkCode=osi&th=1&psc=1">View Product</a></div><div class="product"><a href="https://www.amazon.com/dp/B00006RSP1?tag=eloabder-20&linkCode=osi&th=1&psc=1"><img src="https://m.media-amazon.com/images/I/41oE--c0W-L._SL500_.jpg" alt="Product Image"></a><p>VELCRO Brand Heavy Duty Tape with Adhesive | 15 Ft x 2 In | Holds 10 lbs, Black | Industrial Strength Roll, Cut Strips to Length | Strong Hold for Indoor or Outdoor Use, 15ft x 2in</p><p> -50% 0FF </p><p>$20.24</p><a href="https://www.amazon.com/dp/B00006RSP1?tag=eloabder-20&linkCode=osi&th=1&psc=1">View Product</a></div><div class="product"><a href="https://www.amazon.com/dp/B0BDLFSZR4?tag=eloabder-20&linkCode=osi&th=1&psc=1"><img src="https://m.media-amazon.com/images/I/41tLbo5s0BL._SL500_.jpg" alt="Product Image"></a><p>KeFanta Commercial Mop Heavy Duty Industrial Mop with Long Handle,60" Looped-End String Wet Cotton Mops for Floor Cleaning,Home,Kitchen,Office,Garage and Concrete/Tile Floor</p><p> -5% 0FF </p><p>$19.97</p><a href="https://www.amazon.com/dp/B0BDLFSZR4?tag=eloabder-20&linkCode=osi&th=1&psc=1">View Product</a></div>
<div class="product"><a href="https://www.amazon.com/dp/B0CTJ4Y52T?tag=eloabder-20&linkCode=osi&th=1&psc=1"><img src="https://m.media-amazon.com/images/I/410DrBVMpwL._SL500_.jpg" alt="Product Image"></a><p>Ernst Manufacturing Wrench Pro Wrench Storage for 20 Wrenches - Hi-Viz</p><p> -5% 0FF </p><p>$16.10</p><a href="https://www.amazon.com/dp/B0CTJ4Y52T?tag=eloabder-20&linkCode=osi&th=1&psc=1">View Product</a></div><div class="product"><a href="https://www.amazon.com/dp/B011BDWS5Y?tag=eloabder-20&linkCode=osi&th=1&psc=1"><img src="https://m.media-amazon.com/images/I/31vzNsRYhkL._SL500_.jpg" alt="Product Image"></a><p>Tower Manufacturing 30434009 Auto-Reset 15 AMP Right Angle GFCI Plug, Black</p><p> -6% 0FF </p><p>$16.96</p><a href="https://www.amazon.com/dp/B011BDWS5Y?tag=eloabder-20&linkCode=osi&th=1&psc=1">View Product</a></div><div class="product"><a href="https://www.amazon.com/dp/B0CTJ78V81?tag=eloabder-20&linkCode=osi&th=1&psc=1"><img src="https://m.media-amazon.com/images/I/41NufwoDLiL._SL500_.jpg" alt="Product Image"></a><p>Ernst Manufacturing Wrench Pro - Modular Wrench Organizer for 40 Tools with Magnetic Base (Hi-Viz) - Made in the USA</p><p> -5% 0FF </p><p>$37.95</p><a href="https://www.amazon.com/dp/B0CTJ78V81?tag=eloabder-20&linkCode=osi&th=1&psc=1">View Product</a></div><div class="product"><a href="https://www.amazon.com/dp/B075XZPMHX?tag=eloabder-20&linkCode=osi&th=1&psc=1"><img src="https://m.media-amazon.com/images/I/41YihmHjGFL._SL500_.jpg" alt="Product Image"></a><p>PURELL Brand CLEAN RELEASE Technology (CRT) HEALTHY SOAP Naturally Clean Foam, Fragrance Free, 1200 mL Refill for PURELL ES6 Automatic Soap Dispenser (Pack of 2) - 6470-02-Manufactured by GOJO, Inc.</p><p> -14% 0FF </p><p>$51.86 ($1.28 / Fl Oz)</p><a href="https://www.amazon.com/dp/B075XZPMHX?tag=eloabder-20&linkCode=osi&th=1&psc=1">View Product</a></div><div class="product"><a href="https://www.amazon.com/dp/B012IMWAXW?tag=eloabder-20&linkCode=osi&th=1&psc=1"><img src="https://m.media-amazon.com/images/I/41jdAol8VML._SL500_.jpg" alt="Product Image"></a><p>Schaeffer Manufacturing Co. 0191-012S Micron Moly Racing Engine Oil 20W-50, 1-Quart Bottle</p><p> -8% 0FF </p><p>$10.48</p><a href="https://www.amazon.com/dp/B012IMWAXW?tag=eloabder-20&linkCode=osi&th=1&psc=1">View Product</a></div><div class="product"><a href="https://www.amazon.com/dp/B09F8CM69J?tag=eloabder-20&linkCode=osi&th=1&psc=1"><img src="https://m.media-amazon.com/images/I/41Ok3l4S+nL._SL500_.jpg" alt="Product Image"></a><p>Boka Fluoride Free Toothpaste- Nano Hydroxyapatite, Remineralizing, Sensitive Teeth, Whitening - Dentist Recommended for Adult, Kids Oral Care- Lemon Lavender Flavor, 4 Fl Oz 1Pk US Manufactured</p><p> -19% 0FF </p><p>$12.99 ($3.25 / Ounce)</p><a href="https://www.amazon.com/dp/B09F8CM69J?tag=eloabder-20&linkCode=osi&th=1&psc=1">View Product</a></div><div class="product"><a href="https://www.amazon.com/dp/B0060BFYHM?tag=eloabder-20&linkCode=osi&th=1&psc=1"><img src="https://m.media-amazon.com/images/I/41oFKMzBXIL._SL500_.jpg" alt="Product Image"></a><p>Ernst Manufacturing 3/8-Inch Dura-Pro Twist Lock Socket Clips, 15-Pack, Black - 8441</p><p> -25% 0FF </p><p>$7.99</p><a href="https://www.amazon.com/dp/B0060BFYHM?tag=eloabder-20&linkCode=osi&th=1&psc=1">View Product</a></div>
<div class="product"><a href="https://www.amazon.com/dp/B0094KPK70?tag=eloabder-20&linkCode=osi&th=1&psc=1"><img src="https://m.media-amazon.com/images/I/31gFDiqADHL._SL500_.jpg" alt="Product Image"></a><p>Miss Jessie's Pillow Soft Curls Unisex Lotion 8.5 oz</p><p> -11% 0FF </p><p>$21.97 ($2.58 / Fl Oz)</p><a href="https://www.amazon.com/dp/B0094KPK70?tag=eloabder-20&linkCode=osi&th=1&psc=1">View Product</a></div><div class="product"><a href="https://www.amazon.com/dp/B000052YCL?tag=eloabder-20&linkCode=osi&th=1&psc=1"><img src="https://m.media-amazon.com/images/I/41LCxmzicBL._SL500_.jpg" alt="Product Image"></a><p>biot√®ne Oral Rinse Mouthwash for Dry Mouth, Breath Freshener and Dry Mouth Treatment, Fresh Mint, 16 fl oz</p><p> -15% 0FF </p><p>$6.79 ($0.42 / Fl Oz)</p><a href="https://www.amazon.com/dp/B000052YCL?tag=eloabder-20&linkCode=osi&th=1&psc=1">View Product</a></div><div class="product"><a href="https://www.amazon.com/dp/B006ZUW070?tag=eloabder-20&linkCode=osi&th=1&psc=1"><img src="https://m.media-amazon.com/images/I/311iQ7u1zvS._SL500_.jpg" alt="Product Image"></a><p>Method Antibacterial Toilet Bowl Cleaner, Spearmint, Kills 99.9% of Household Germs, 24 Fl Oz</p><p> -58% 0FF </p><p>$4.39 ($0.18 / Fl Oz)</p><a href="https://www.amazon.com/dp/B006ZUW070?tag=eloabder-20&linkCode=osi&th=1&psc=1">View Product</a></div><div class="product"><a href="https://www.amazon.com/dp/B002KAOAZ4?tag=eloabder-20&linkCode=osi&th=1&psc=1"><img src="https://m.media-amazon.com/images/I/41MXc4FkUXL._SL500_.jpg" alt="Product Image"></a><p>biot√®ne Oral Rinse Mouthwash for Dry Mouth, Breath Freshener and Dry Mouth Treatment, Fresh Mint - 33.8 fl oz</p><p> -22% 0FF </p><p>$10.98 ($0.32 / Fl Oz)</p><a href="https://www.amazon.com/dp/B002KAOAZ4?tag=eloabder-20&linkCode=osi&th=1&psc=1">View Product</a></div><div class="product"><a href="https://www.amazon.com/dp/B002L13EK4?tag=eloabder-20&linkCode=osi&th=1&psc=1"><img src="https://m.media-amazon.com/images/I/41WL7dl9L-L._SL500_.jpg" alt="Product Image"></a><p>Core Products Soft Comfort CorPak, No Frost Hot and Cold Therapy Pack - 10" x 13", Made in The USA</p><p> -17% 0FF </p><p>$14.98 ($14.98 / Count)</p><a href="https://www.amazon.com/dp/B002L13EK4?tag=eloabder-20&linkCode=osi&th=1&psc=1">View Product</a></div>
<div class="product"><a href="https://www.amazon.com/dp/B0CRNSYY12?tag=eloabder-20&linkCode=osi&th=1&psc=1"><img src="https://m.media-amazon.com/images/I/41CCImE12+L._SL500_.jpg" alt="Product Image"></a><p>Pvilub UFO LED High Bay Light 200W 2 Pack, 5000K Dimmable High Bay LED Light Fixture with US Plug 5' Cable, 28000LM IP65 Waterproof High Bay Lights for Workshop Factory Barn Warehouse</p><p> -50% 0FF </p><p>$44.99 ($22.50 / Count)</p><a href="https://www.amazon.com/dp/B0CRNSYY12?tag=eloabder-20&linkCode=osi&th=1&psc=1">View Product</a></div><div class="product"><a href="https://www.amazon.com/dp/B0CXX9R85C?tag=eloabder-20&linkCode=osi&th=1&psc=1"><img src="https://m.media-amazon.com/images/I/415nSzRaRzL._SL500_.jpg" alt="Product Image"></a><p>Sud Factory Dissolve X2 Upgraded Paint Hard Water Spot & Stain Remover for Cars, Trucks, Boats, Motorcycle, RVs, Homes & More - 16oz</p><p> -5% 0FF </p><p>$31.32 ($1.96 / Fl Oz)</p><a href="https://www.amazon.com/dp/B0CXX9R85C?tag=eloabder-20&linkCode=osi&th=1&psc=1">View Product</a></div><div class="product"><a href="https://www.amazon.com/dp/B0CYQ6YG8V?tag=eloabder-20&linkCode=osi&th=1&psc=1"><img src="https://m.media-amazon.com/images/I/415R2W7EePL._SL500_.jpg" alt="Product Image"></a><p>4-Pack UFO LED High Bay Light 200W, High Bay LED Shop Lights 6500K 30000LM Daylight UL Listed with US Plug 5' Cable, Hanging Hook, LED UFO High Bay Lights for Warehouse Workshop Garage Factory Barn</p><p> -32% 0FF </p><p>$129.99</p><a href="https://www.amazon.com/dp/B0CYQ6YG8V?tag=eloabder-20&linkCode=osi&th=1&psc=1">View Product</a></div><div class="product"><a href="https://www.amazon.com/dp/B00T3Z6VG0?tag=eloabder-20&linkCode=osi&th=1&psc=1"><img src="https://m.media-amazon.com/images/I/41HMtL8drLL._SL500_.jpg" alt="Product Image"></a><p>Lifefactory 20-Ounce Indoor/Outdoor Protective Silicone Sleeve Beverage Glass, 4 Count (Pack of 1), Orange, Grass Green, Cobalt, Huckleberry</p><p> -20% 0FF </p><p>$39.99 ($10.00 / Count)</p><a href="https://www.amazon.com/dp/B00T3Z6VG0?tag=eloabder-20&linkCode=osi&th=1&psc=1">View Product</a></div><div class="product"><a href="https://www.amazon.com/dp/B0CYQ2W7YR?tag=eloabder-20&linkCode=osi&th=1&psc=1"><img src="https://m.media-amazon.com/images/I/41zMwlG6vaL._SL500_.jpg" alt="Product Image"></a><p>6 Packs UFO LED High Bay Light - 200W High Bay LED Shop Lights, 6500K 30000LM UFO Lights with US Plug 5ft Cable, Hanging Hook, Commercial Bay Lighting Daylight for Warehouse Factory Shop - UL Listed</p><p> -36% 0FF </p><p>$179.99 ($30.00 / Count)</p><a href="https://www.amazon.com/dp/B0CYQ2W7YR?tag=eloabder-20&linkCode=osi&th=1&psc=1">View Product</a></div><div class="product"><a href="https://www.amazon.com/dp/B08Y2J4C4C?tag=eloabder-20&linkCode=osi&th=1&psc=1"><img src="https://m.media-amazon.com/images/I/41T83Y3drrL._SL500_.jpg" alt="Product Image"></a><p>Factory Direct Partners 10368-BK 16" School Stack Chair, Stacking Student Seat with Chromed Steel Legs and Nylon Swivel Glides for in-Home Learning or Classroom - Black (6-Pack)</p><p> -21% 0FF </p><p>$240.05 ($40.01 / Count)</p><a href="https://www.amazon.com/dp/B08Y2J4C4C?tag=eloabder-20&linkCode=osi&th=1&psc=1">View Product</a></div><div class="product"><a href="https://www.amazon.com/dp/B0D6X64LWH?tag=eloabder-20&linkCode=osi&th=1&psc=1"><img src="https://m.media-amazon.com/images/I/41MQiiwVEsL._SL500_.jpg" alt="Product Image"></a><p>White Knight M12x1.25 Lug Nuts for Select Nissan and Infiniti, Factory Style Chrome Med Mag with Washer - 5306-20AM (20 Pack)</p><p> -16% 0FF </p><p>$20.88</p><a href="https://www.amazon.com/dp/B0D6X64LWH?tag=eloabder-20&linkCode=osi&th=1&psc=1">View Product</a></div>
<div class="product"><a href="https://www.amazon.com/dp/B0CKWZTJTL?tag=eloabder-20&linkCode=osi&th=1&psc=1"><img src="https://m.media-amazon.com/images/I/51x2qwWd-3L._SL500_.jpg" alt="Product Image"></a><p>VEVOR 4pcs Machinery Mover, 8T Machinery Skate Dolly, 17637lbs Machinery Moving Skate, Machinery Mover Skate w/ 360¬∞ Rotation Cap and 4 Rollers, Heavy Duty Industrial Moving Equipment, Yellow</p><p> -5% 0FF </p><p>$142.49</p><a href="https://www.amazon.com/dp/B0CKWZTJTL?tag=eloabder-20&linkCode=osi&th=1&psc=1">View Product</a></div><div class="product"><a href="https://www.amazon.com/dp/B0CB8VNTLN?tag=eloabder-20&linkCode=osi&th=1&psc=1"><img src="https://m.media-amazon.com/images/I/41PG7e4nerL._SL500_.jpg" alt="Product Image"></a><p>VEVOR Machinery Skate Dolly, 13,200 LBS/6T Industrial Machinery Mover, Heavy Duty Carbon Steel Machinery Moving Skate with 4 PU Wheels and 360¬∞ Rotation Non-Slip Cap for Warehouse, Workshop, Factory</p><p> -26% 0FF </p><p>$29.69</p><a href="https://www.amazon.com/dp/B0CB8VNTLN?tag=eloabder-20&linkCode=osi&th=1&psc=1">View Product</a></div><div class="product"><a href="https://www.amazon.com/dp/B0BG5HT6VK?tag=eloabder-20&linkCode=osi&th=1&psc=1"><img src="https://m.media-amazon.com/images/I/419hHIpihrL._SL500_.jpg" alt="Product Image"></a><p>VEVOR Machinery Skate Dolly, 6614 LBS/3T Industrial Machinery Mover with Handle, Carbon Steel Machinery Moving Skate with 3 360¬∞ Swivel PU Wheels, 360¬∞ Rotation Non-Slip Cap for Warehouse, Workshop</p><p> -9% 0FF </p><p>$99.99</p><a href="https://www.amazon.com/dp/B0BG5HT6VK?tag=eloabder-20&linkCode=osi&th=1&psc=1">View Product</a></div>
<div class="product"><a href="https://www.amazon.com/dp/B07R71PYPH?tag=eloabder-20&linkCode=osi&th=1&psc=1"><img src="https://m.media-amazon.com/images/I/51xY0A0dj6L._SL500_.jpg" alt="Product Image"></a><p>NEENCA Professional Knee Brace for Pain Relief, Medical Knee Support with Patella Pad & Side Stabilizers, Compression Knee Sleeve for Meniscus Tear, ACL, Joint Pain, Runner, Workout - FSA/HSA Eligible</p><p> -15% 0FF </p><p>$22.07</p><a href="https://www.amazon.com/dp/B07R71PYPH?tag=eloabder-20&linkCode=osi&th=1&psc=1">View Product</a></div><div class="product"><a href="https://www.amazon.com/dp/B0D8KQ4349?tag=eloabder-20&linkCode=osi&th=1&psc=1"><img src="https://m.media-amazon.com/images/I/41E0E-DrOiL._SL500_.jpg" alt="Product Image"></a><p>Rechargeable EMF Meter, 5 Level LED Portable Handheld Magnetic Field Detector for Ghost Hunting and Inspections in Home, Electromagnetic Paranormal Equipment Tester Up to 20 + MG</p><p> -17% 0FF </p><p>$14.99</p><a href="https://www.amazon.com/dp/B0D8KQ4349?tag=eloabder-20&linkCode=osi&th=1&psc=1">View Product</a></div><div class="product"><a href="https://www.amazon.com/dp/B08R6XRYVD?tag=eloabder-20&linkCode=osi&th=1&psc=1"><img src="https://m.media-amazon.com/images/I/31Oss0Gr+fL._SL500_.jpg" alt="Product Image"></a><p>99.9% Copper Dowsing Rods - 2PCS Divining Rods - for Ghost Hunting Tools, Divining Water, Treasure, Buried Items Etc</p><p> -30% 0FF </p><p>$13.99</p><a href="https://www.amazon.com/dp/B08R6XRYVD?tag=eloabder-20&linkCode=osi&th=1&psc=1">View Product</a></div>
<div class="product"><a href="https://www.amazon.com/dp/B0723914V1?tag=eloabder-20&linkCode=osi&th=1&psc=1"><img src="https://m.media-amazon.com/images/I/51A+d87r2aL._SL500_.jpg" alt="Product Image"></a><p>DEKOPRO 228 Piece Socket Wrench Auto Repair Tool Combination Package Mixed Tool Set Hand Tool Kit with Plastic Toolbox Storage Case</p><p> -20% 0FF </p><p>$79.99</p><a href="https://www.amazon.com/dp/B0723914V1?tag=eloabder-20&linkCode=osi&th=1&psc=1">View Product</a></div><div class="product"><a href="https://www.amazon.com/dp/B0105SSMRO?tag=eloabder-20&linkCode=osi&th=1&psc=1"><img src="https://m.media-amazon.com/images/I/313ovohBnZL._SL500_.jpg" alt="Product Image"></a><p>7-piece Workpro Pliers Set with Groove Joint, Long Nose, Slip Joint, Linesman, and Diagonal Pliers for DIY & Home Use</p><p> -20% 0FF </p><p>$19.99</p><a href="https://www.amazon.com/dp/B0105SSMRO?tag=eloabder-20&linkCode=osi&th=1&psc=1">View Product</a></div><div class="product"><a href="https://www.amazon.com/dp/B0BR8B8XKJ?tag=eloabder-20&linkCode=osi&th=1&psc=1"><img src="https://m.media-amazon.com/images/I/41fSDIgwWCL._SL500_.jpg" alt="Product Image"></a><p>2Pcs Heavy Duty Automatic Center Punch, 5'' Premium Steel Spring Loaded Center Hole Punch, Adjustable Spring Impact Center Marker Scriber Tool for Metel, Plastics, Wood, Glass by karmiero</p><p> -20% 0FF </p><p>$3.99</p><a href="https://www.amazon.com/dp/B0BR8B8XKJ?tag=eloabder-20&linkCode=osi&th=1&psc=1">View Product</a></div><div class="product"><a href="https://www.amazon.com/dp/B08YRLZCPJ?tag=eloabder-20&linkCode=osi&th=1&psc=1"><img src="https://m.media-amazon.com/images/I/51LIpo1iBZS._SL500_.jpg" alt="Product Image"></a><p>Egofine 46 Pieces 1/4 inch Drive Socket Ratchet Wrench Set, with Bit Socket Set Metric and Extension Bar for Auto Repairing and Household, with Storage Case</p><p> -23% 0FF </p><p>$19.87</p><a href="https://www.amazon.com/dp/B08YRLZCPJ?tag=eloabder-20&linkCode=osi&th=1&psc=1">View Product</a></div><div class="product"><a href="https://www.amazon.com/dp/B07WP4165D?tag=eloabder-20&linkCode=osi&th=1&psc=1"><img src="https://m.media-amazon.com/images/I/51TA+8eP4zL._SL500_.jpg" alt="Product Image"></a><p>Laser Level Line Tool, Multipurpose Laser Level Kit Standard Cross Line Laser leveler Beam Tool with Metric Rulers 8ft/2.5M for Picture Hanging cabinets Tile Walls by AikTryee.</p><p> -48% 0FF </p><p>$9.95</p><a href="https://www.amazon.com/dp/B07WP4165D?tag=eloabder-20&linkCode=osi&th=1&psc=1">View Product</a></div><div class="product"><a href="https://www.amazon.com/dp/B09TB7M842?tag=eloabder-20&linkCode=osi&th=1&psc=1"><img src="https://m.media-amazon.com/images/I/412U9M3sOcL._SL500_.jpg" alt="Product Image"></a><p>DEWALT 20V MAX XR Cut Off Tool, Brushless and Compact, Bare Tool Only (DCS438B)</p><p> -37% 0FF </p><p>$125.90</p><a href="https://www.amazon.com/dp/B09TB7M842?tag=eloabder-20&linkCode=osi&th=1&psc=1">View Product</a></div><div class="product"><a href="https://www.amazon.com/dp/B0BRPVRC77?tag=eloabder-20&linkCode=osi&th=1&psc=1"><img src="https://m.media-amazon.com/images/I/51DFLa11vEL._SL500_.jpg" alt="Product Image"></a><p>HORUSDY 16-Piece Punch and Chisel Set, Including Taper Punch, Cold Chisels, Pin Punch, Center Punch</p><p> -22% 0FF </p><p>$20.99</p><a href="https://www.amazon.com/dp/B0BRPVRC77?tag=eloabder-20&linkCode=osi&th=1&psc=1">View Product</a></div>
<div class="product"><a href="https://www.amazon.com/dp/B088M48Z3G?tag=eloabder-20&linkCode=osi&th=1&psc=1"><img src="https://m.media-amazon.com/images/I/51MV5+juS8L._SL500_.jpg" alt="Product Image"></a><p>anezus Self Healing Sewing Mat, 12inch x 18inch Rotary Cutting Mat Double Sided 5-Ply Craft Cutting Board for Sewing Crafts Hobby Fabric Precision Scrapbooking Project</p><p> -44% 0FF </p><p>$8.99</p><a href="https://www.amazon.com/dp/B088M48Z3G?tag=eloabder-20&linkCode=osi&th=1&psc=1">View Product</a></div><div class="product"><a href="https://www.amazon.com/dp/B0BX2BN5KQ?tag=eloabder-20&linkCode=osi&th=1&psc=1"><img src="https://m.media-amazon.com/images/I/31VTaTFWBXL._SL500_.jpg" alt="Product Image"></a><p>12 * 12 inch Packing Paper for Moving 100 Sheets Protecting Fragile China and Glasses,Small Wrapping Paper for Shipping and Moving Box Filler</p><p> -20% 0FF </p><p>$6.99 ($0.07 / Count)</p><a href="https://www.amazon.com/dp/B0BX2BN5KQ?tag=eloabder-20&linkCode=osi&th=1&psc=1">View Product</a></div>
<div class="product"><a href="https://www.amazon.com/dp/B0CMZZGXPX?tag=eloabder-20&linkCode=osi&th=1&psc=1"><img src="https://m.media-amazon.com/images/I/31YMA2qw31L._SL500_.jpg" alt="Product Image"></a><p>CREGEAR ABS Plastic Sheet 1/8 Inch Thick - 12" x 12", Black Plastic Sheet Rigid Thermoplastic Sheet, ABS Plastic Board for Sign, Craft, DIY Project, 2 Different Surfaces - Texture & Smooth, 1 Pack</p><p> -11% 0FF </p><p>$7.97</p><a href="https://www.amazon.com/dp/B0CMZZGXPX?tag=eloabder-20&linkCode=osi&th=1&psc=1">View Product</a></div>
<div class="product"><a href="https://www.amazon.com/dp/B0B293QNWQ?tag=eloabder-20&linkCode=osi&th=1&psc=1"><img src="https://m.media-amazon.com/images/I/41+feq08GCL._SL500_.jpg" alt="Product Image"></a><p>Metal Ice Scoop 6 OzÔºåKitchen Ice Scooper for Ice Maker, Small Food Scoops for Bar Party Wedding Pet Dog Food, Stainless Steel Silver</p><p> -30% 0FF </p><p>$6.99</p><a href="https://www.amazon.com/dp/B0B293QNWQ?tag=eloabder-20&linkCode=osi&th=1&psc=1">View Product</a></div><div class="product"><a href="https://www.amazon.com/dp/B07PXLJ9MP?tag=eloabder-20&linkCode=osi&th=1&psc=1"><img src="https://m.media-amazon.com/images/I/41YOR10YvIL._SL500_.jpg" alt="Product Image"></a><p>Fayleeko Wire Coat Hangers 40 Pack Strong Heavy Duty Stainless Steel Metal Ultra Thin Space Saving Clothes Hangers 16.5 Inch</p><p> -38% 0FF </p><p>$24.88 ($0.62 / Count)</p><a href="https://www.amazon.com/dp/B07PXLJ9MP?tag=eloabder-20&linkCode=osi&th=1&psc=1">View Product</a></div><div class="product"><a href="https://www.amazon.com/dp/B000H5W3PI?tag=eloabder-20&linkCode=osi&th=1&psc=1"><img src="https://m.media-amazon.com/images/I/21FCToLy5VL._SL500_.jpg" alt="Product Image"></a><p>K&S Sheet Metal Stock, Made in The USA,Stainless Steel/Silver</p><p> -14% 0FF </p><p>$6.47</p><a href="https://www.amazon.com/dp/B000H5W3PI?tag=eloabder-20&linkCode=osi&th=1&psc=1">View Product</a></div><div class="product"><a href="https://www.amazon.com/dp/B07GDDF5JB?tag=eloabder-20&linkCode=osi&th=1&psc=1"><img src="https://m.media-amazon.com/images/I/31dFxe1Df0L._SL500_.jpg" alt="Product Image"></a><p>HURRICANE 10 Inch Aviation Tin Snips, Heavy Duty Metal Cutter Shears for Cutting Sheet Metal, Straight Cut, Chrome Vanadium Steel</p><p> -30% 0FF </p><p>$13.99</p><a href="https://www.amazon.com/dp/B07GDDF5JB?tag=eloabder-20&linkCode=osi&th=1&psc=1">View Product</a></div>
<div class="product"><a href="https://www.amazon.com/dp/B0D95L6W5J?tag=eloabder-20&linkCode=osi&th=1&psc=1"><img src="https://m.media-amazon.com/images/I/41tbedSgDfL._SL500_.jpg" alt="Product Image"></a><p>Tandefio 40 Sticks Brazing Rods Bcup-5 Solder Phos Copper Brazing Alloys Flat Welding Rods Industry 0.050"x1/8"x10" for Air Conditioning Refrigerator Cold Storage HVAC Units (Phosphor Copper)</p><p> -5% 0FF </p><p>$20.99</p><a href="https://www.amazon.com/dp/B0D95L6W5J?tag=eloabder-20&linkCode=osi&th=1&psc=1">View Product</a></div>
<div class="product"><a href="https://www.amazon.com/dp/B0053KMAMI?tag=eloabder-20&linkCode=osi&th=1&psc=1"><img src="https://m.media-amazon.com/images/I/41f4ot2fnZL._SL500_.jpg" alt="Product Image"></a><p>Party Dimensions Plastic 300 Count Cutlery Combo Box, Clear, Combo Box, Clear 300 Count</p><p> -25% 0FF </p><p>$14.99</p><a href="https://www.amazon.com/dp/B0053KMAMI?tag=eloabder-20&linkCode=osi&th=1&psc=1">View Product</a></div><div class="product"><a href="https://www.amazon.com/dp/B0CCMNPWGW?tag=eloabder-20&linkCode=osi&th=1&psc=1"><img src="https://m.media-amazon.com/images/I/41k5QSXXF8L._SL500_.jpg" alt="Product Image"></a><p>6 Pack Black Plastic Sheets 8x12x0.04 in Flexible High Tensile Plastic Sheets,Plastic Sheet Hard Plastic Sheet Black Plastic Panel for DIY Materials Handicrafts Home Decoration</p><p> -22% 0FF </p><p>$6.99</p><a href="https://www.amazon.com/dp/B0CCMNPWGW?tag=eloabder-20&linkCode=osi&th=1&psc=1">View Product</a></div><div class="product"><a href="https://www.amazon.com/dp/B085T6685R?tag=eloabder-20&linkCode=osi&th=1&psc=1"><img src="https://m.media-amazon.com/images/I/41RbX0YJ2PL._SL500_.jpg" alt="Product Image"></a><p>POSATE Heavy Weight Plastic Forks, Clear Disposable, 100 Count</p><p> -47% 0FF </p><p>$13.80</p><a href="https://www.amazon.com/dp/B085T6685R?tag=eloabder-20&linkCode=osi&th=1&psc=1">View Product</a></div><div class="product"><a href="https://www.amazon.com/dp/B0C1JMKHL4?tag=eloabder-20&linkCode=osi&th=1&psc=1"><img src="https://m.media-amazon.com/images/I/51vGnsuo0GL._SL500_.jpg" alt="Product Image"></a><p>MOACOCK 200 Count Plastic Silverware, Heavy Weight Plastic Forks Spoons Disposable Utensils Cutlery Set for Wedding Party Supplies Everyday Use</p><p> -7% 0FF </p><p>$12.99</p><a href="https://www.amazon.com/dp/B0C1JMKHL4?tag=eloabder-20&linkCode=osi&th=1&psc=1">View Product</a></div><div class="product"><a href="https://www.amazon.com/dp/B0CZHZ4VYY?tag=eloabder-20&linkCode=osi&th=1&psc=1"><img src="https://m.media-amazon.com/images/I/41NCRYSzzPL._SL500_.jpg" alt="Product Image"></a><p>Dealusy 100 Count Extra Heavy Duty Clear Plastic Knives Disposable, BPA-Free, Heat Resistant, Solid and Durable Disposable Knives Bulk, Premium Plastic Knives heavy duty for Party Supply</p><p> -31% 0FF </p><p>$8.99</p><a href="https://www.amazon.com/dp/B0CZHZ4VYY?tag=eloabder-20&linkCode=osi&th=1&psc=1">View Product</a></div><div class="product"><a href="https://www.amazon.com/dp/B00I9J3ACY?tag=eloabder-20&linkCode=osi&th=1&psc=1"><img src="https://m.media-amazon.com/images/I/51W96ohIwyL._SL500_.jpg" alt="Product Image"></a><p>Hefty Party On Disposable Plastic Cups, Red, 18 Ounce, 50 Count</p><p> -27% 0FF </p><p>$5.84 ($0.12 / Count)</p><a href="https://www.amazon.com/dp/B00I9J3ACY?tag=eloabder-20&linkCode=osi&th=1&psc=1">View Product</a></div>
<div class="product"><a href="https://www.amazon.com/dp/B08ZX4PNGL?tag=eloabder-20&linkCode=osi&th=1&psc=1"><img src="https://m.media-amazon.com/images/I/41qtw-wXhWL._SL500_.jpg" alt="Product Image"></a><p>Soil Moist SAP Water Storing Crystals Polymer Small Granular_20-100 mesh (1), White</p><p> -18% 0FF </p><p>$12.99 ($0.81 / Ounce)</p><a href="https://www.amazon.com/dp/B08ZX4PNGL?tag=eloabder-20&linkCode=osi&th=1&psc=1">View Product</a></div><div class="product"><a href="https://www.amazon.com/dp/B099KS2PDW?tag=eloabder-20&linkCode=osi&th=1&psc=1"><img src="https://m.media-amazon.com/images/I/51JgOs5PnML._SL500_.jpg" alt="Product Image"></a><p>Polymaker PLA PRO Filament 1.75mm, Tough & High Rigidity Black PLA Filament 1.75mm 1kg Cardboard Spool - PolyLite PLA PRO 3D Printer Filament 1.75mm, Print with Most 3D Printers Using 3D Filament</p><p> -14% 0FF </p><p>$24.99 ($0.71 / Ounce)</p><a href="https://www.amazon.com/dp/B099KS2PDW?tag=eloabder-20&linkCode=osi&th=1&psc=1">View Product</a></div><div class="product"><a href="https://www.amazon.com/dp/B0CK9D7FYJ?tag=eloabder-20&linkCode=osi&th=1&psc=1"><img src="https://m.media-amazon.com/images/I/51lrOOPPi4L._SL500_.jpg" alt="Product Image"></a><p>Scrub Daddy Color Sponge - Scratch-Free Multipurpose Dish Sponge Color Variety Pack - BPA Free & Made with Polymer Foam - Stain & Odor Resistant Kitchen Sponge (3 Count, 2 Pack)</p><p> -12% 0FF </p><p>$19.30 ($3.22 / Count)</p><a href="https://www.amazon.com/dp/B0CK9D7FYJ?tag=eloabder-20&linkCode=osi&th=1&psc=1">View Product</a></div><div class="product"><a href="https://www.amazon.com/dp/B00XXOFV2M?tag=eloabder-20&linkCode=osi&th=1&psc=1"><img src="https://m.media-amazon.com/images/I/31DpBHBqqxL._SL500_.jpg" alt="Product Image"></a><p>Intertape Polymer Group K2525P293 Central 260 Medium Duty Reinforced Water Activated Tape, 3" Width, 450' Length, FRAGILE, Pack of 10</p><p> -12% 0FF </p><p>$89.16 ($8.92 / Count)</p><a href="https://www.amazon.com/dp/B00XXOFV2M?tag=eloabder-20&linkCode=osi&th=1&psc=1">View Product</a></div><div class="product"><a href="https://www.amazon.com/dp/B0C6DNQF1H?tag=eloabder-20&linkCode=osi&th=1&psc=1"><img src="https://m.media-amazon.com/images/I/51lbJOfwjFL._SL500_.jpg" alt="Product Image"></a><p>DIYMAG Ceramic Round Magnets for Crafts 35 Packs with Adhesive Backing. 0.98Inch (25mm) Small Magnets Perfect for Fridge, DIY, Building, Scientific, Craft, and Office.Ôºà0.98 * 0.2Inch-35pÔºâ</p><p> -13% 0FF </p><p>$6.99 ($0.20 / Count)</p><a href="https://www.amazon.com/dp/B0C6DNQF1H?tag=eloabder-20&linkCode=osi&th=1&psc=1">View Product</a></div>
<div class="product"><a href="https://www.amazon.com/dp/B001TK0DSY?tag=eloabder-20&linkCode=osi&th=1&psc=1"><img src="https://m.media-amazon.com/images/I/41sY5CJF40L._SL500_.jpg" alt="Product Image"></a><p>Chemical Guys CWS_301_16 Citrus Wash & Gloss Foaming Car Wash Soap (Works with Foam Cannons, Foam Guns or Bucket Washes) Safe for Cars, Trucks, Motorcycles, RVs & More, 16 fl oz, Citrus Scent</p><p> -17% 0FF </p><p>$9.97 ($0.62 / Fl Oz)</p><a href="https://www.amazon.com/dp/B001TK0DSY?tag=eloabder-20&linkCode=osi&th=1&psc=1">View Product</a></div><div class="product"><a href="https://www.amazon.com/dp/B00HK95ZZY?tag=eloabder-20&linkCode=osi&th=1&psc=1"><img src="https://m.media-amazon.com/images/I/41ztWGvZpCL._SL500_.jpg" alt="Product Image"></a><p>SmartSign - U9-1214-NA_7x10 "Danger - Chemical Storage Area, Authorized Personnel Only" Sign | 7" x 10" Aluminum Black/Red on White</p><p> -16% 0FF </p><p>$10.93</p><a href="https://www.amazon.com/dp/B00HK95ZZY?tag=eloabder-20&linkCode=osi&th=1&psc=1">View Product</a></div>
<div class="product"><a href="https://www.amazon.com/dp/B0916KZ598?tag=eloabder-20&linkCode=osi&th=1&psc=1"><img src="https://m.media-amazon.com/images/I/510bNE6qm3L._SL500_.jpg" alt="Product Image"></a><p>Gorilla Max Strength Clear Construction Adhesive, 2.5 Ounce Squeeze Tube, Clear, (Pack of 1)</p><p> -11% 0FF </p><p>$7.97 ($3.19 / Fl Oz)</p><a href="https://www.amazon.com/dp/B0916KZ598?tag=eloabder-20&linkCode=osi&th=1&psc=1">View Product</a></div><div class="product"><a href="https://www.amazon.com/dp/B0BM27YSBB?tag=eloabder-20&linkCode=osi&th=1&psc=1"><img src="https://m.media-amazon.com/images/I/41j2z0sRK8L._SL500_.jpg" alt="Product Image"></a><p>Gorilla Heavy Duty Construction Adhesive, 7 Ounce Squeeze Tube, White, (Pack of 1)</p><p> -5% 0FF </p><p>$9.47 ($1.35 / Fl Oz)</p><a href="https://www.amazon.com/dp/B0BM27YSBB?tag=eloabder-20&linkCode=osi&th=1&psc=1">View Product</a></div><div class="product"><a href="https://www.amazon.com/dp/B07VNSXY31?tag=eloabder-20&linkCode=osi&th=1&psc=1"><img src="https://m.media-amazon.com/images/I/31AwF4uloCL._SL500_.jpg" alt="Product Image"></a><p>EZlifego Double Sided Tape Heavy Duty, Extra Large Nano Double Sided Adhesive Tape, Clear Mounting Tape Picture Hanging Adhesive Strips,Removable Wall Tape Sticky Poster Tape Decor Carpet Tape(9.85FT)</p><p> -20% 0FF </p><p>$11.99</p><a href="https://www.amazon.com/dp/B07VNSXY31?tag=eloabder-20&linkCode=osi&th=1&psc=1">View Product</a></div><div class="product"><a href="https://www.amazon.com/dp/B0006HUJCQ?tag=eloabder-20&linkCode=osi&th=1&psc=1"><img src="https://m.media-amazon.com/images/I/511pTqChTCL._SL500_.jpg" alt="Product Image"></a><p>Loctite 1364076 Super Glue Easy Squeeze Gel, .14 oz, Super Glue Liquid</p><p> -45% 0FF </p><p>$3.64 ($26.00 / Fl Oz)</p><a href="https://www.amazon.com/dp/B0006HUJCQ?tag=eloabder-20&linkCode=osi&th=1&psc=1">View Product</a></div><div class="product"><a href="https://www.amazon.com/dp/B000BQYHSY?tag=eloabder-20&linkCode=osi&th=1&psc=1"><img src="https://m.media-amazon.com/images/I/41jVQXZlyKL._SL500_.jpg" alt="Product Image"></a><p>Liquid Nails LN-700 4-Ounce Small Projects and Repairs Adhesive</p><p> -22% 0FF </p><p>$3.98 ($1.00 / Fl Oz)</p><a href="https://www.amazon.com/dp/B000BQYHSY?tag=eloabder-20&linkCode=osi&th=1&psc=1">View Product</a></div>
<div class="product"><a href="https://www.amazon.com/dp/B0002UEPVI?tag=eloabder-20&linkCode=osi&th=1&psc=1"><img src="https://m.media-amazon.com/images/I/41VgMnT8V8L._SL500_.jpg" alt="Product Image"></a><p>Permatex 80050 Clear RTV Silicone Adhesive Sealant, 3 oz</p><p> -28% 0FF </p><p>$5.04 ($1.68 / Ounce)</p><a href="https://www.amazon.com/dp/B0002UEPVI?tag=eloabder-20&linkCode=osi&th=1&psc=1">View Product</a></div><div class="product"><a href="https://www.amazon.com/dp/B01NCSN5AS?tag=eloabder-20&linkCode=osi&th=1&psc=1"><img src="https://m.media-amazon.com/images/I/41u1Bk8aMML._SL500_.jpg" alt="Product Image"></a><p>Gorilla Waterproof Caulk & Seal 100% Silicone Sealant, White, 10oz Cartridge (Pack of 1)</p><p> -10% 0FF </p><p>$9.84 ($0.98 / Ounce)</p><a href="https://www.amazon.com/dp/B01NCSN5AS?tag=eloabder-20&linkCode=osi&th=1&psc=1">View Product</a></div><div class="product"><a href="https://www.amazon.com/dp/B0B8QPH3RW?tag=eloabder-20&linkCode=osi&th=1&psc=1"><img src="https://m.media-amazon.com/images/I/31FmC2PDnsL._SL500_.jpg" alt="Product Image"></a><p>GE All Purpose Silicone Caulk - 100% Waterproof Silicone Sealant, Stronger Adhesion, Freeze & Sun Proof - 10 oz Cartridge, Clear, Pack of 1</p><p> -22% 0FF </p><p>$6.98</p><a href="https://www.amazon.com/dp/B0B8QPH3RW?tag=eloabder-20&linkCode=osi&th=1&psc=1">View Product</a></div><div class="product"><a href="https://www.amazon.com/dp/B000XBDJWC?tag=eloabder-20&linkCode=osi&th=1&psc=1"><img src="https://m.media-amazon.com/images/I/31O8FwTY5WL._SL500_.jpg" alt="Product Image"></a><p>3M Marine Adhesive Sealant 4000 UV, PN06580, White, 295 mL Cartridge, 10 Fl Oz (Pack of 1)</p><p> -15% 0FF </p><p>$18.75 ($1.88 / Fl Oz)</p><a href="https://www.amazon.com/dp/B000XBDJWC?tag=eloabder-20&linkCode=osi&th=1&psc=1">View Product</a></div><div class="product"><a href="https://www.amazon.com/dp/B01MQW8AEM?tag=eloabder-20&linkCode=osi&th=1&psc=1"><img src="https://m.media-amazon.com/images/I/31gdoMW-i8L._SL500_.jpg" alt="Product Image"></a><p>Gorilla 8050002 Clear Silicone Sealant, 1-Pack</p><p> -10% 0FF </p><p>$9.84 ($0.98 / Fl Oz)</p><a href="https://www.amazon.com/dp/B01MQW8AEM?tag=eloabder-20&linkCode=osi&th=1&psc=1">View Product</a></div>

<div class="product"><a href="https://www.amazon.com/dp/B004UICH5O?tag=eloabder-20&linkCode=osi&th=1&psc=1"><img src="https://m.media-amazon.com/images/I/5123T4CVtTL._SL500_.jpg" alt="Product Image"></a><p>Dynarex DynaLube Lubricating Jelly, Water Soluble and Sterile Lubricant Jelly, Used for Body Orifices, Hinged Instruments and Medical Devices, 1 Box of 144 DynaLube Packets, 2.7g</p><p> -5% 0FF </p><p>$12.49 ($0.09 / Count)</p><a href="https://www.amazon.com/dp/B004UICH5O?tag=eloabder-20&linkCode=osi&th=1&psc=1">View Product</a></div><div class="product"><a href="https://www.amazon.com/dp/B087ZHPVRW?tag=eloabder-20&linkCode=osi&th=1&psc=1"><img src="https://m.media-amazon.com/images/I/51My23RlqsL._SL500_.jpg" alt="Product Image"></a><p>3-IN-ONE Professional Garage Door Lubricant with Smart Straw Sprays 2 Ways, 11 OZ Twin Pack, 100584, Clear</p><p> -20% 0FF </p><p>$15.96 ($7.98 / Count)</p><a href="https://www.amazon.com/dp/B087ZHPVRW?tag=eloabder-20&linkCode=osi&th=1&psc=1">View Product</a></div><div class="product"><a href="https://www.amazon.com/dp/B07K323XYQ?tag=eloabder-20&linkCode=osi&th=1&psc=1"><img src="https://m.media-amazon.com/images/I/41Stkw4geDL._SL500_.jpg" alt="Product Image"></a><p>McKesson Lubricating Jelly Sterile 4 oz. Tube 1 Each 16-8919</p><p> -63% 0FF </p><p>$5.48 ($0.11 / Ounce)</p><a href="https://www.amazon.com/dp/B07K323XYQ?tag=eloabder-20&linkCode=osi&th=1&psc=1">View Product</a></div><div class="product"><a href="https://www.amazon.com/dp/B00AF0ODGM?tag=eloabder-20&linkCode=osi&th=1&psc=1"><img src="https://m.media-amazon.com/images/I/418phnGj-VL._SL500_.jpg" alt="Product Image"></a><p>WD-40 Specialist Dry Lube with SMART STRAW SPRAYS 2 WAYS, 10 OZ</p><p> -6% 0FF </p><p>$7.98 ($0.80 / Ounce)</p><a href="https://www.amazon.com/dp/B00AF0ODGM?tag=eloabder-20&linkCode=osi&th=1&psc=1">View Product</a></div><div class="product"><a href="https://www.amazon.com/dp/B0081JE0OO?tag=eloabder-20&linkCode=osi&th=1&psc=1"><img src="https://m.media-amazon.com/images/I/31YRFZU58NL._SL500_.jpg" alt="Product Image"></a><p>Super Lube 92003 Silicone Lubricating Grease with PTFE, 3 oz Tube, Translucent White</p><p> -34% 0FF </p><p>$11.80 ($3.93 / Ounce)</p><a href="https://www.amazon.com/dp/B0081JE0OO?tag=eloabder-20&linkCode=osi&th=1&psc=1">View Product</a></div><div class="product"><a href="https://www.amazon.com/dp/B000UKUHXK?tag=eloabder-20&linkCode=osi&th=1&psc=1"><img src="https://m.media-amazon.com/images/I/31PHNtI4eWL._SL500_.jpg" alt="Product Image"></a><p>Super Lube 51004 Synthetic Oil with PTFE, High Viscosity, 4 oz Bottle,Translucent white(Packaging may vary)</p><p> -27% 0FF </p><p>$7.82 ($1.96 / Fl Oz)</p><a href="https://www.amazon.com/dp/B000UKUHXK?tag=eloabder-20&linkCode=osi&th=1&psc=1">View Product</a></div>

<div class="product"><a href="https://www.amazon.com/dp/B0BRPQW3G9?tag=eloabder-20&linkCode=osi&th=1&psc=1"><img src="https://m.media-amazon.com/images/I/51TpMRJpWeL._SL500_.jpg" alt="Product Image"></a><p>JEGONFRI High Hardness Wood Screws Assortment Kit, 209 pcs, Phillips Drive Flat Head, Wood Screws, Screws, Drywall Screws, Assorted Screws, Screws Set, 6 Sizes (2‚Äù,1-1/2‚Äù,1-1/4‚Äù,1‚Äù,3/4‚Äù,1/2‚Äù)</p><p> -20% 0FF </p><p>$7.96</p><a href="https://www.amazon.com/dp/B0BRPQW3G9?tag=eloabder-20&linkCode=osi&th=1&psc=1">View Product</a></div><div class="product"><a href="https://www.amazon.com/dp/B0BHNK23GJ?tag=eloabder-20&linkCode=osi&th=1&psc=1"><img src="https://m.media-amazon.com/images/I/51ZAmhP99TL._SL500_.jpg" alt="Product Image"></a><p>KURUI Drywall Screws Assortment Kit, #6 Black Wood Screws for Drywall,165pcs Coarse Thread Sheetrock Screws Set, Phillips Drive Self Tapping Dry Wall Screws 4 Sizes 1",1-1/4",1-5/8",2"</p><p> -24% 0FF </p><p>$7.59 ($0.05 / Count)</p><a href="https://www.amazon.com/dp/B0BHNK23GJ?tag=eloabder-20&linkCode=osi&th=1&psc=1">View Product</a></div><div class="product"><a href="https://www.amazon.com/dp/B0D3HVHPXW?tag=eloabder-20&linkCode=osi&th=1&psc=1"><img src="https://m.media-amazon.com/images/I/51boObkp+HL._SL500_.jpg" alt="Product Image"></a><p>GVAKMM Drywall Screws Assortment Kit,#7 Black Wood Screws Set,160pcsÔºå5 Sizes(3'',2'',1-3/8'',1'',5/8''),Coarse Thread Phillips Drive Bugle Head Sharp Point,Ideal for Wood,Sheetrock and More</p><p> -13% 0FF </p><p>$6.99 ($0.58 / Ounce)</p><a href="https://www.amazon.com/dp/B0D3HVHPXW?tag=eloabder-20&linkCode=osi&th=1&psc=1">View Product</a></div>
<div class="product"><a href="https://www.amazon.com/dp/B09KS23KQ6?tag=eloabder-20&linkCode=osi&th=1&psc=1"><img src="https://m.media-amazon.com/images/I/41ZHEcuqY-L._SL500_.jpg" alt="Product Image"></a><p>Mr. Pen- Bolts, Nuts, and Washer Assortment Kit, 113 pcs, Nuts and Bolts Assortment Kit, Assorted Nuts and Bolts, Nut Bolt and Washer Assortment, Bolt and Nut Assortment</p><p> -24% 0FF </p><p>$6.85</p><a href="https://www.amazon.com/dp/B09KS23KQ6?tag=eloabder-20&linkCode=osi&th=1&psc=1">View Product</a></div><div class="product"><a href="https://www.amazon.com/dp/B076CVQZWG?tag=eloabder-20&linkCode=osi&th=1&psc=1"><img src="https://m.media-amazon.com/images/I/51LutRS-fXL._SL500_.jpg" alt="Product Image"></a><p>Jackson Palmer 2201 Piece Hardware Assortment Kit with Screws, Nuts, Bolts & Washers (3 Trays)‚Ä¶</p><p> -24% 0FF </p><p>$37.99</p><a href="https://www.amazon.com/dp/B076CVQZWG?tag=eloabder-20&linkCode=osi&th=1&psc=1">View Product</a></div><div class="product"><a href="https://www.amazon.com/dp/B0BC24J6SS?tag=eloabder-20&linkCode=osi&th=1&psc=1"><img src="https://m.media-amazon.com/images/I/517eaNxBNaL._SL500_.jpg" alt="Product Image"></a><p>720 Pcs Nuts and Bolts Assortment Kit, M3 M4 M5 Carbon Steel Screws Bolts and Nuts and Washers Assortment Set, Assorted Cross Pan Head Machine Screws Nuts and Bolts, with Storage Case</p><p> -10% 0FF </p><p>$8.98</p><a href="https://www.amazon.com/dp/B0BC24J6SS?tag=eloabder-20&linkCode=osi&th=1&psc=1">View Product</a></div><div class="product"><a href="https://www.amazon.com/dp/B0CF8NNVKQ?tag=eloabder-20&linkCode=osi&th=1&psc=1"><img src="https://m.media-amazon.com/images/I/61oepk6Ti8L._SL500_.jpg" alt="Product Image"></a><p>FOLIV 907pcs Grade 8.8 Metric Bolt Assortment, M4 M5 M6 M8 Heavy Duty Bolts and Nuts Kit, Yellow Zinc Plated, Length from 12-30mm</p><p> -20% 0FF </p><p>$35.19</p><a href="https://www.amazon.com/dp/B0CF8NNVKQ?tag=eloabder-20&linkCode=osi&th=1&psc=1">View Product</a></div>
<div class="product"><a href="https://www.amazon.com/dp/B0CP7D6KP4?tag=eloabder-20&linkCode=osi&th=1&psc=1"><img src="https://m.media-amazon.com/images/I/51R0Yv5C8aL._SL500_.jpg" alt="Product Image"></a><p>Dianrui 187PCS Metric Hex Nuts Assortment Kit, 9 Size 304 Stainless Steel Hex Nut M2 M2.5 M3 M4 M5 M6 M10 M12 Hexnut Set Hardware Nuts</p><p> -22% 0FF </p><p>$6.99</p><a href="https://www.amazon.com/dp/B0CP7D6KP4?tag=eloabder-20&linkCode=osi&th=1&psc=1">View Product</a></div><div class="product"><a href="https://www.amazon.com/dp/B002SA36AG?tag=eloabder-20&linkCode=osi&th=1&psc=1"><img src="https://m.media-amazon.com/images/I/51cZlQGUFRL._SL500_.jpg" alt="Product Image"></a><p>Dorman 6110761 Lug Nut (M12 x 1.25 Thread Size)</p><p> -45% 0FF </p><p>$3.49</p><a href="https://www.amazon.com/dp/B002SA36AG?tag=eloabder-20&linkCode=osi&th=1&psc=1">View Product</a></div><div class="product"><a href="https://www.amazon.com/dp/B07WCSW7HR?tag=eloabder-20&linkCode=osi&th=1&psc=1"><img src="https://m.media-amazon.com/images/I/51uxWdeYcjL._SL500_.jpg" alt="Product Image"></a><p>ECCPP 20 Pieces Wheel Lug Nuts M12x1.25 12mmx1.25 Wheel Lug Bolts Shank Length 28mm fits for 2015-2022 for Renegade |2018-2022 for Compass |2014-2022 for Cherokee</p><p> -28% 0FF </p><p>$14.47</p><a href="https://www.amazon.com/dp/B07WCSW7HR?tag=eloabder-20&linkCode=osi&th=1&psc=1">View Product</a></div><div class="product"><a href="https://www.amazon.com/dp/B0D1Y5PQ4K?tag=eloabder-20&linkCode=osi&th=1&psc=1"><img src="https://m.media-amazon.com/images/I/51SyHC67C5L._SL500_.jpg" alt="Product Image"></a><p>Quacc 20pcs M8 Nyloc Steel Nuts, Nylon Locknuts for Fastener, Nylon Inserted Hex Lock Nuts, Silver 304 Stainless Steel Self Locking Nuts for Bolts</p><p> -19% 0FF </p><p>$3.79 ($0.19 / Ounce)</p><a href="https://www.amazon.com/dp/B0D1Y5PQ4K?tag=eloabder-20&linkCode=osi&th=1&psc=1">View Product</a></div>
<div class="product"><a href="https://www.amazon.com/dp/B0BZYSSWY8?tag=eloabder-20&linkCode=osi&th=1&psc=1"><img src="https://m.media-amazon.com/images/I/419sIfP-AJL._SL500_.jpg" alt="Product Image"></a><p>1/4" x 1" Stainless Fender Washer,18-8 (304) Stainless Steel Flat Washer,1/4" ID x 1" OD x 0.078" Thick(40Pcs)</p><p> -31% 0FF </p><p>$6.19</p><a href="https://www.amazon.com/dp/B0BZYSSWY8?tag=eloabder-20&linkCode=osi&th=1&psc=1">View Product</a></div><div class="product"><a href="https://www.amazon.com/dp/B0BFJMK5QW?tag=eloabder-20&linkCode=osi&th=1&psc=1"><img src="https://m.media-amazon.com/images/I/51D9Ij56zKL._SL500_.jpg" alt="Product Image"></a><p>Fender Washers for Screws ‚Äî 225Pcs Washers Assortment, Washers for Bolts in 15 Different Sizes (M2 M2.5 M3 M4 M5 M6 M8 M10 M12)‚ÄîStainless Steel Washers for Home & Industrial Usage</p><p> -9% 0FF </p><p>$20.87 ($0.09 / Count)</p><a href="https://www.amazon.com/dp/B0BFJMK5QW?tag=eloabder-20&linkCode=osi&th=1&psc=1">View Product</a></div><div class="product"><a href="https://www.amazon.com/dp/B07K8W71N1?tag=eloabder-20&linkCode=osi&th=1&psc=1"><img src="https://m.media-amazon.com/images/I/412HYFMiQBL._SL500_.jpg" alt="Product Image"></a><p>100 Qty #8 Stainless Steel Countersunk Finish Washers | 304 SS Finishing Cup (BCP574)</p><p> -30% 0FF </p><p>$7.49 ($0.07 / Count)</p><a href="https://www.amazon.com/dp/B07K8W71N1?tag=eloabder-20&linkCode=osi&th=1&psc=1">View Product</a></div>
<div class="product"><a href="https://www.amazon.com/dp/B09V32CKNJ?tag=eloabder-20&linkCode=osi&th=1&psc=1"><img src="https://m.media-amazon.com/images/I/41MtaPf4TNL._SL500_.jpg" alt="Product Image"></a><p>KURUI 28Pcs Heavy Duty Hollow Wall Anchors for Drywall Ceiling, Toggle Bolts and Wing Nut Kit, Metal Drywall Anchors and Screws Assortment Set, 3 Sizes Butterfly Anchors (1/8in, 3/16in, 1/4in)</p><p> -23% 0FF </p><p>$9.99</p><a href="https://www.amazon.com/dp/B09V32CKNJ?tag=eloabder-20&linkCode=osi&th=1&psc=1">View Product</a></div><div class="product"><a href="https://www.amazon.com/dp/B07VS5QKBC?tag=eloabder-20&linkCode=osi&th=1&psc=1"><img src="https://m.media-amazon.com/images/I/41MIrlAQ6nL._SL500_.jpg" alt="Product Image"></a><p>HongWay 370pcs Plastic Drywall Wall Anchors Kit with Screws, Includes 5 Different Assorted Size Anchors and Screws</p><p> -17% 0FF </p><p>$14.99</p><a href="https://www.amazon.com/dp/B07VS5QKBC?tag=eloabder-20&linkCode=osi&th=1&psc=1">View Product</a></div>
<div class="product"><a href="https://www.amazon.com/dp/B0CY2YK7ZG?tag=eloabder-20&linkCode=osi&th=1&psc=1"><img src="https://m.media-amazon.com/images/I/51kBI181CNL._SL500_.jpg" alt="Product Image"></a><p>Linkup 600pcs 15 Sizes Pop Rivets Assortment Kit,Aluminum Rivets, Silver pop rivet set including 3/32" 1/8" 5/32" 3/16" 1/4" blind rivets for metal Dome Head rivet kit</p><p> -31% 0FF </p><p>$21.99</p><a href="https://www.amazon.com/dp/B0CY2YK7ZG?tag=eloabder-20&linkCode=osi&th=1&psc=1">View Product</a></div><div class="product"><a href="https://www.amazon.com/dp/B08J2NZK4D?tag=eloabder-20&linkCode=osi&th=1&psc=1"><img src="https://m.media-amazon.com/images/I/51iH27ON2BL._SL500_.jpg" alt="Product Image"></a><p>ISPINNER 385pcs 8 Sizes Aluminum Blind Rivets, Pop Rivets Assortment Kit (Silver)</p><p> -21% 0FF </p><p>$13.59</p><a href="https://www.amazon.com/dp/B08J2NZK4D?tag=eloabder-20&linkCode=osi&th=1&psc=1">View Product</a></div><div class="product"><a href="https://www.amazon.com/dp/B0BZ7WKC3V?tag=eloabder-20&linkCode=osi&th=1&psc=1"><img src="https://m.media-amazon.com/images/I/51fSy2j6lSL._SL500_.jpg" alt="Product Image"></a><p>SATANTECH 200PCS Black Rivets Pop Rivets Assortment Kit, Large flange Aluminum Rivets(1/8" 3/16" 1/4") Assorted Blind Rivets with Case</p><p> -16% 0FF </p><p>$21.77</p><a href="https://www.amazon.com/dp/B0BZ7WKC3V?tag=eloabder-20&linkCode=osi&th=1&psc=1">View Product</a></div><div class="product"><a href="https://www.amazon.com/dp/B0CWR7K9P2?tag=eloabder-20&linkCode=osi&th=1&psc=1"><img src="https://m.media-amazon.com/images/I/512Gp89+ScL._SL500_.jpg" alt="Product Image"></a><p>Zuorery 500pcs Pop Rivets Assortment Kit, 14 Sizes Aluminum Blind Rivets (3/32" 1/8" 5/32" 3/16") Assorted Blind Rivets</p><p> -6% 0FF </p><p>$12.99</p><a href="https://www.amazon.com/dp/B0CWR7K9P2?tag=eloabder-20&linkCode=osi&th=1&psc=1">View Product</a></div>
<div class="product"><a href="https://www.amazon.com/dp/B0CNC3WJ58?tag=eloabder-20&linkCode=osi&th=1&psc=1"><img src="https://m.media-amazon.com/images/I/41MDnQ+2C5L._SL500_.jpg" alt="Product Image"></a><p>Eujqo Nails for Hanging Pictures Small Nails Picture Hanging Nails 700Pcs Finishing Nails Hardware Nails for Wall Wood Nails</p><p> -50% 0FF </p><p>$3.99</p><a href="https://www.amazon.com/dp/B0CNC3WJ58?tag=eloabder-20&linkCode=osi&th=1&psc=1">View Product</a></div><div class="product"><a href="https://www.amazon.com/dp/B08BJC6MJC?tag=eloabder-20&linkCode=osi&th=1&psc=1"><img src="https://m.media-amazon.com/images/I/414ssEUuJRL._SL500_.jpg" alt="Product Image"></a><p>Mr. Pen- Nail Assortment Kit, 600 Pcs, 4 Sizes, Silver, Small Nails for Hanging Pictures, Finishing Nails, Gold Wall Nails for Hanging, Pin Nails, Hardware Nails, Assorted Nails, Galvanized Nails</p><p> -54% 0FF </p><p>$5.99</p><a href="https://www.amazon.com/dp/B08BJC6MJC?tag=eloabder-20&linkCode=osi&th=1&psc=1">View Product</a></div><div class="product"><a href="https://www.amazon.com/dp/B0BSH3P97Y?tag=eloabder-20&linkCode=osi&th=1&psc=1"><img src="https://m.media-amazon.com/images/I/515eMwXqY0L._SL500_.jpg" alt="Product Image"></a><p>KURUI 700pcs Hardware Nails for Hanging Pictures Assorted Kit, Up to 2"-Long Picture Hanging Nails for Wall Drywall Wood, Finish Nails Assortment Kit, 640 Frame Nails and 60 Small Finishing Nails</p><p> -36% 0FF </p><p>$6.38</p><a href="https://www.amazon.com/dp/B0BSH3P97Y?tag=eloabder-20&linkCode=osi&th=1&psc=1">View Product</a></div><div class="product"><a href="https://www.amazon.com/dp/B089FLMFPB?tag=eloabder-20&linkCode=osi&th=1&psc=1"><img src="https://m.media-amazon.com/images/I/51p5T9Cef4L._SL500_.jpg" alt="Product Image"></a><p>376pcs Premium Hardware Nails Assortment Kit, Maximum Length 2 Inches Galvanized Nails, Picture Hanging Nails, Wood Nails, Wall Nails with Storage Box | 6 Sizes</p><p> -30% 0FF </p><p>$6.99</p><a href="https://www.amazon.com/dp/B089FLMFPB?tag=eloabder-20&linkCode=osi&th=1&psc=1">View Product</a></div><div class="product"><a href="https://www.amazon.com/dp/B0B3CFCZGW?tag=eloabder-20&linkCode=osi&th=1&psc=1"><img src="https://m.media-amazon.com/images/I/51rr+Y77q0L._SL500_.jpg" alt="Product Image"></a><p>6 Sizes Gold Hardware Nails Assortment Kit, 358pcs, Brass Plated, Nails for Hanging Pictures, Finishing Nails, Wood Nails, Wall Nails for Hanging (3‚Äù, 2‚Äù, 1-1/2‚Äù, 1-1/4", 1‚Äù, 3/4")</p><p> -25% 0FF </p><p>$8.98</p><a href="https://www.amazon.com/dp/B0B3CFCZGW?tag=eloabder-20&linkCode=osi&th=1&psc=1">View Product</a></div>
<div class="product"><a href="https://www.amazon.com/dp/B0BDBJJQJR?tag=eloabder-20&linkCode=osi&th=1&psc=1"><img src="https://m.media-amazon.com/images/I/41iMq4y4RWL._SL500_.jpg" alt="Product Image"></a><p>Standard Chisel Point Staples, 0.25" Leg, 0.5" Crown, Steel, 5,000/Box, 5 Boxes/Pack, 25,000/Pack</p><p> -18% 0FF </p><p>$11.80</p><a href="https://www.amazon.com/dp/B0BDBJJQJR?tag=eloabder-20&linkCode=osi&th=1&psc=1">View Product</a></div><div class="product"><a href="https://www.amazon.com/dp/B0052ECDD6?tag=eloabder-20&linkCode=osi&th=1&psc=1"><img src="https://m.media-amazon.com/images/I/41miIfkguxL._SL500_.jpg" alt="Product Image"></a><p>BOSTITCH BTA706-5C Heavy Duty Construction Staples, 3/8 x 2/5-Inch, 5000-Pack</p><p> -21% 0FF </p><p>$10.48 ($0.00 / Count)</p><a href="https://www.amazon.com/dp/B0052ECDD6?tag=eloabder-20&linkCode=osi&th=1&psc=1">View Product</a></div><div class="product"><a href="https://www.amazon.com/dp/B00004Z2HC?tag=eloabder-20&linkCode=osi&th=1&psc=1"><img src="https://m.media-amazon.com/images/I/51vaslx65UL._SL500_.jpg" alt="Product Image"></a><p>Arrow 215 JT21 Thin Wire Staples for Staple Guns and Staplers, Use for Upholstery, Crafts, General Repairs, 5/16-Inch Leg Length, 7/16-Inch Crown Width, 1000-Pack</p><p> -35% 0FF </p><p>$4.97</p><a href="https://www.amazon.com/dp/B00004Z2HC?tag=eloabder-20&linkCode=osi&th=1&psc=1">View Product</a></div><div class="product"><a href="https://www.amazon.com/dp/B09VP4YTPQ?tag=eloabder-20&linkCode=osi&th=1&psc=1"><img src="https://m.media-amazon.com/images/I/41WvD-VnynL._SL500_.jpg" alt="Product Image"></a><p>OMOTOOL Steel Wire Fencing Staples (200 pcs), Galvanized U-shaped fasteners Nails for Wire Mesh and Woven Fencing</p><p> -30% 0FF </p><p>$6.98</p><a href="https://www.amazon.com/dp/B09VP4YTPQ?tag=eloabder-20&linkCode=osi&th=1&psc=1">View Product</a></div>
<div class="product"><a href="https://www.amazon.com/dp/B08N6DYNKQ?tag=eloabder-20&linkCode=osi&th=1&psc=1"><img src="https://m.media-amazon.com/images/I/51oGt2PvPLL._SL500_.jpg" alt="Product Image"></a><p>Mixiflor 20 Pcs 5 Sizes 60/80/120/240 Grits Abrasive Flap Wheel Sander, 1/4 Inch Shank Flap Wheels for Drill, Die Grinder Flap Wheel,Flap Wheel Sander for Drill</p><p> -15% 0FF </p><p>$22.99</p><a href="https://www.amazon.com/dp/B08N6DYNKQ?tag=eloabder-20&linkCode=osi&th=1&psc=1">View Product</a></div>
<div class="product"><a href="https://www.amazon.com/dp/B0B5GHT937?tag=eloabder-20&linkCode=osi&th=1&psc=1"><img src="https://m.media-amazon.com/images/I/51LBYzTtFqL._SL500_.jpg" alt="Product Image"></a><p>SALI 25 Pack 4-1/2 Inch Grinding Wheels for General Purpose Metal & Stainless Steel, Aluminum Oxide Grinding Disc for Angle Grinder, Depressed Center 4.5" * 1/4" * 7/8"(115 * 6.0 * 22.2 mm)</p><p> -9% 0FF </p><p>$26.49</p><a href="https://www.amazon.com/dp/B0B5GHT937?tag=eloabder-20&linkCode=osi&th=1&psc=1">View Product</a></div><div class="product"><a href="https://www.amazon.com/dp/B00002246K?tag=eloabder-20&linkCode=osi&th=1&psc=1"><img src="https://m.media-amazon.com/images/I/51cqvp+fIGL._SL500_.jpg" alt="Product Image"></a><p>DEWALT DW4514 1/4" Thick Grinding Wheel with 4-1/2" Diameter and 7/8" Arbor</p><p> -46% 0FF </p><p>$1.65</p><a href="https://www.amazon.com/dp/B00002246K?tag=eloabder-20&linkCode=osi&th=1&psc=1">View Product</a></div><div class="product"><a href="https://www.amazon.com/dp/B07SQP8JGR?tag=eloabder-20&linkCode=osi&th=1&psc=1"><img src="https://m.media-amazon.com/images/I/51M3TdMS3OL._SL500_.jpg" alt="Product Image"></a><p>KSEIBI 651006 Grinding Wheels 25-Pack, Aluminum Oxide Discs for Metal & Stainless Steel, 4-1/2" x 1/4" x 7/8", Aggressive Grinding for Angle Grinders, Depressed Center Design</p><p> -6% 0FF </p><p>$26.99</p><a href="https://www.amazon.com/dp/B07SQP8JGR?tag=eloabder-20&linkCode=osi&th=1&psc=1">View Product</a></div><div class="product"><a href="https://www.amazon.com/dp/B00004RH8I?tag=eloabder-20&linkCode=osi&th=1&psc=1"><img src="https://m.media-amazon.com/images/I/6113QduJyJL._SL500_.jpg" alt="Product Image"></a><p>DEWALT Grinding Wheel, General Purpose for Metal, 4-1/2-Inch x 1/4-Inch x 5/8-Inch (DW4523)</p><p> -40% 0FF </p><p>$2.92</p><a href="https://www.amazon.com/dp/B00004RH8I?tag=eloabder-20&linkCode=osi&th=1&psc=1">View Product</a></div><div class="product"><a href="https://www.amazon.com/dp/B0791MGN72?tag=eloabder-20&linkCode=osi&th=1&psc=1"><img src="https://m.media-amazon.com/images/I/51LQaKOgppL._SL500_.jpg" alt="Product Image"></a><p>BHA Depressed Center Metal Grinding Wheels for Angle Grinders, 4.5‚Äù x 1/4‚Äù x 7/8‚Äù - 5 Pack</p><p> -15% 0FF </p><p>$16.99</p><a href="https://www.amazon.com/dp/B0791MGN72?tag=eloabder-20&linkCode=osi&th=1&psc=1">View Product</a></div><div class="product"><a href="https://www.amazon.com/dp/B09TSV5SP9?tag=eloabder-20&linkCode=osi&th=1&psc=1"><img src="https://m.media-amazon.com/images/I/61w4UIIWQdL._SL500_.jpg" alt="Product Image"></a><p>PRETEC 26 Packs Angle Grinder Cutting Flap Grinding Disc Wheel 4 1/2in Inches - 20 Packs 4.5"x1/4"x7/8" Cut off Wheels,3 Packs 4.5"x7/8" 60 Grit Flap Discs, 3 Packs 4.5"x1/25"x7/8" Grinding Wheels</p><p> -8% 0FF </p><p>$22.99</p><a href="https://www.amazon.com/dp/B09TSV5SP9?tag=eloabder-20&linkCode=osi&th=1&psc=1">View Product</a></div><div class="product"><a href="https://www.amazon.com/dp/B07FT71TLC?tag=eloabder-20&linkCode=osi&th=1&psc=1"><img src="https://m.media-amazon.com/images/I/51-wpozOUIL._SL500_.jpg" alt="Product Image"></a><p>NEIKO 11142A 10 Pack Zirconia Flap Discs 4-1/2 for Angle Grinder, 40 Grit Flapper Wheel, Angled T29 Grinding Wheel 4.5 Inch Flap Disc, 7/8" Arbor Grinding Disc, Flap Wheel for Wood & Metal Sanding</p><p> -19% 0FF </p><p>$17.07</p><a href="https://www.amazon.com/dp/B07FT71TLC?tag=eloabder-20&linkCode=osi&th=1&psc=1">View Product</a></div>
<div class="product"><a href="https://www.amazon.com/dp/B0956S39GC?tag=eloabder-20&linkCode=osi&th=1&psc=1"><img src="https://m.media-amazon.com/images/I/51mP1FW0pIL._SL500_.jpg" alt="Product Image"></a><p>Truswe Cut Off Wheels 52 Pack,4 1/2 Inch,0.45 USD/Pack,Metal and Stainless Steel Cutting Wheel for Angle Grinder,Ultra Thin Cut-Off Wheel Cutting Disc (52 PCS 4-1/2 x .045 x 7/8 inch Cut Off Wheels)</p><p> -26% 0FF </p><p>$24.29</p><a href="https://www.amazon.com/dp/B0956S39GC?tag=eloabder-20&linkCode=osi&th=1&psc=1">View Product</a></div><div class="product"><a href="https://www.amazon.com/dp/B07WGSK4V7?tag=eloabder-20&linkCode=osi&th=1&psc=1"><img src="https://m.media-amazon.com/images/I/510MTzQR9sL._SL500_.jpg" alt="Product Image"></a><p>WORKPRO 20-Pack Cut-Off Wheels, 4-1/2 x 7/8-inch Metal&Stainless Steel Cutting Wheel, Thin Metal Cutting Disc for Angle Grinder</p><p> -6% 0FF </p><p>$15.99</p><a href="https://www.amazon.com/dp/B07WGSK4V7?tag=eloabder-20&linkCode=osi&th=1&psc=1">View Product</a></div><div class="product"><a href="https://www.amazon.com/dp/B08C7F9CVS?tag=eloabder-20&linkCode=osi&th=1&psc=1"><img src="https://m.media-amazon.com/images/I/51KoNeHcHyL._SL500_.jpg" alt="Product Image"></a><p>EZARC Diamond Cutting Wheel 4 1/2 x 7/8 Inch for Metal, Cut Off Wheel with 5000+ Cuts on Rebar, Steel, Iron and INOX</p><p> -11% 0FF </p><p>$16.97</p><a href="https://www.amazon.com/dp/B08C7F9CVS?tag=eloabder-20&linkCode=osi&th=1&psc=1">View Product</a></div><div class="product"><a href="https://www.amazon.com/dp/B08FR63K33?tag=eloabder-20&linkCode=osi&th=1&psc=1"><img src="https://m.media-amazon.com/images/I/51Js3m5R8aL._SL500_.jpg" alt="Product Image"></a><p>50 Pack Cut Off Wheels 4 1/2 inch Thin Metal & Stainless Steel Cutting Wheel, Professional Fast Cutting Disc for Angle Grinder</p><p> -20% 0FF </p><p>$26.49</p><a href="https://www.amazon.com/dp/B08FR63K33?tag=eloabder-20&linkCode=osi&th=1&psc=1">View Product</a></div>
<div class="product"><a href="https://www.amazon.com/dp/B01K22Q9R8?tag=eloabder-20&linkCode=osi&th=1&psc=1"><img src="https://m.media-amazon.com/images/I/41VcU0uPlLL._SL500_.jpg" alt="Product Image"></a><p>42 Pcs Wet Dry Sandpaper 120 to 3000 Grit Assortment 9 * 3.6 Inches Abrasive Paper Sheets for Automotive Sanding Wood Furniture Finishing</p><p> -11% 0FF </p><p>$7.99 ($0.19 / Count)</p><a href="https://www.amazon.com/dp/B01K22Q9R8?tag=eloabder-20&linkCode=osi&th=1&psc=1">View Product</a></div><div class="product"><a href="https://www.amazon.com/dp/B0894N7QT2?tag=eloabder-20&linkCode=osi&th=1&psc=1"><img src="https://m.media-amazon.com/images/I/51Rfp3gQTWL._SL500_.jpg" alt="Product Image"></a><p>100PCS 5 Inch 8 Holes Sanding Discs 60 120 240 400 600 800 1000 1200 1500 2000 Grit Sandpaper Sander Round Sand Paper (100pcs 60-2000 grit)</p><p> -24% 0FF </p><p>$12.99</p><a href="https://www.amazon.com/dp/B0894N7QT2?tag=eloabder-20&linkCode=osi&th=1&psc=1">View Product</a></div><div class="product"><a href="https://www.amazon.com/dp/B07HHY6MKY?tag=eloabder-20&linkCode=osi&th=1&psc=1"><img src="https://m.media-amazon.com/images/I/41QDuvYCQlL._SL500_.jpg" alt="Product Image"></a><p>WORKPRO 150-piece Sanding Discs Set - 5-Inch 8-Hole Sandpaper 10 Grades Include 60, 80, 100, 120, 150,180, 240, 320, 400, 600 Grits for Random Orbital Sander(Not for Oscillating Tools or Mouse Sander)</p><p> -20% 0FF </p><p>$19.99 ($0.13 / Count)</p><a href="https://www.amazon.com/dp/B07HHY6MKY?tag=eloabder-20&linkCode=osi&th=1&psc=1">View Product</a></div><div class="product"><a href="https://www.amazon.com/dp/B09X6DY6RW?tag=eloabder-20&linkCode=osi&th=1&psc=1"><img src="https://m.media-amazon.com/images/I/41rifda9wbL._SL500_.jpg" alt="Product Image"></a><p>Afruxy 4 Pack Extra Fine Sanding Block, Washable and Reusable Sanding Sponge for Wood Drywall Metal Glasses Coarse/Medium/Fine/Superfine in 60/80/120/220 Grit Sandpaper Block Sand Paper Brick</p><p> -25% 0FF </p><p>$8.99 ($2.25 / Count)</p><a href="https://www.amazon.com/dp/B09X6DY6RW?tag=eloabder-20&linkCode=osi&th=1&psc=1">View Product</a></div>
<div class="product"><a href="https://www.amazon.com/dp/B07CH6QNCV?tag=eloabder-20&linkCode=osi&th=1&psc=1"><img src="https://m.media-amazon.com/images/I/413Vmyc4FPL._SL500_.jpg" alt="Product Image"></a><p>VASTOOLS Welding Chipping Hammer with Coil Spring Handle,10.5",Cone and Vertical Chisel/ 10" Wire Brush(Free), Black</p><p> -18% 0FF </p><p>$13.99</p><a href="https://www.amazon.com/dp/B07CH6QNCV?tag=eloabder-20&linkCode=osi&th=1&psc=1">View Product</a></div><div class="product"><a href="https://www.amazon.com/dp/B0D6QRJJ4R?tag=eloabder-20&linkCode=osi&th=1&psc=1"><img src="https://m.media-amazon.com/images/I/41KF4m4nNfL._SL500_.jpg" alt="Product Image"></a><p>120A MIG Welding Machine, 110V/220V Flux Core Welder/Lift TIG/Stick Welder 3 in 1, Portable Gasless Welder with IGBT Inverter, Welding Gun & Welding Wire, Weld Kit for Aluminum, Metal</p><p> -56% 0FF </p><p>$69.99</p><a href="https://www.amazon.com/dp/B0D6QRJJ4R?tag=eloabder-20&linkCode=osi&th=1&psc=1">View Product</a></div>
<div class="product"><a href="https://www.amazon.com/dp/B09YGXKZC1?tag=eloabder-20&linkCode=osi&th=1&psc=1"><img src="https://m.media-amazon.com/images/I/417vPDmhw0L._SL500_.jpg" alt="Product Image"></a><p>ARCCAPTAIN Stick Welder, [Large LED Display] 200A ARC/Lift TIG Welding Machine with Synergic Control, IGBT Inverter 110V/220V Portable MMA Welder Machine with Hot Start, Arc force and Anti-Stick</p><p> -31% 0FF </p><p>$116.63</p><a href="https://www.amazon.com/dp/B09YGXKZC1?tag=eloabder-20&linkCode=osi&th=1&psc=1">View Product</a></div><div class="product"><a href="https://www.amazon.com/dp/B0D9LDRJV7?tag=eloabder-20&linkCode=osi&th=1&psc=1"><img src="https://m.media-amazon.com/images/I/51o3VwWmuzL._SL500_.jpg" alt="Product Image"></a><p>AwxryoX Portable Handheld Welding Machine, 110V 140Amp Upgraded Maquina de Soldar with IGBT Inverter 6 Variable Current, Soldadora Welding Tool Set with 3/32"-1/8" Welding Rod & Protective Gloves</p><p> -25% 0FF </p><p>$89.99</p><a href="https://www.amazon.com/dp/B0D9LDRJV7?tag=eloabder-20&linkCode=osi&th=1&psc=1">View Product</a></div><div class="product"><a href="https://www.amazon.com/dp/B09WDGL3GQ?tag=eloabder-20&linkCode=osi&th=1&psc=1"><img src="https://m.media-amazon.com/images/I/518jYZZcNhL._SL500_.jpg" alt="Product Image"></a><p>Welding Machine, Upgraded MMA-250A 110V Welder Machine,Portable Stick Welder IGBT Digital Display LCD,Home DIY Arc Welder,Hot Start Arc Force Anti-stick Mini Welder</p><p> -14% 0FF </p><p>$67.79</p><a href="https://www.amazon.com/dp/B09WDGL3GQ?tag=eloabder-20&linkCode=osi&th=1&psc=1">View Product</a></div><div class="product"><a href="https://www.amazon.com/dp/B0BR8TS34Y?tag=eloabder-20&linkCode=osi&th=1&psc=1"><img src="https://m.media-amazon.com/images/I/51NzsbTpmyL._SL500_.jpg" alt="Product Image"></a><p>Welding machine handheld | 110V IGBT Digital Stick WelderÔºåPortable welder machine with Complete Accessory Set & Carrying Case</p><p> -50% 0FF </p><p>$49.99</p><a href="https://www.amazon.com/dp/B0BR8TS34Y?tag=eloabder-20&linkCode=osi&th=1&psc=1">View Product</a></div><div class="product"><a href="https://www.amazon.com/dp/B0BN81636G?tag=eloabder-20&linkCode=osi&th=1&psc=1"><img src="https://m.media-amazon.com/images/I/41q0oXAoP1L._SL500_.jpg" alt="Product Image"></a><p>AZZUNO MIG Welder,Flux Core Welder Machine 110V 130Amp, Gasless MIG Welding Machine IGBT Inverter Welder Portable Wire Feed Welder (110V)</p><p> -21% 0FF </p><p>$85.99</p><a href="https://www.amazon.com/dp/B0BN81636G?tag=eloabder-20&linkCode=osi&th=1&psc=1">View Product</a></div>
<div class="product"><a href="https://www.amazon.com/dp/B07MKRYWMD?tag=eloabder-20&linkCode=osi&th=1&psc=1"><img src="https://m.media-amazon.com/images/I/31nmFb6CayL._SL500_.jpg" alt="Product Image"></a><p>Hobart 770890 Auto-Darkening Welding Helmet, Large, Black</p><p> -10% 0FF </p><p>$98.99</p><a href="https://www.amazon.com/dp/B07MKRYWMD?tag=eloabder-20&linkCode=osi&th=1&psc=1">View Product</a></div><div class="product"><a href="https://www.amazon.com/dp/B07V9G94NK?tag=eloabder-20&linkCode=osi&th=1&psc=1"><img src="https://m.media-amazon.com/images/I/31SAUhqpDZL._SL500_.jpg" alt="Product Image"></a><p>Lincoln Electric K3034-4 VIKING 3350 Auto Darkening Welding Helmet with 4C Lens Technology, Matte Black, extra large</p><p> -29% 0FF </p><p>$357.99</p><a href="https://www.amazon.com/dp/B07V9G94NK?tag=eloabder-20&linkCode=osi&th=1&psc=1">View Product</a></div><div class="product"><a href="https://www.amazon.com/dp/B0BYXPR9F3?tag=eloabder-20&linkCode=osi&th=1&psc=1"><img src="https://m.media-amazon.com/images/I/51ggHp1dC3L._SL500_.jpg" alt="Product Image"></a><p>TOOLIOM Welding Helmet Solar Power Auto Darkening Welding Helmet Adjustable Shade Range for MIG TIG Stick Welder Mask Blue Eagle</p><p> -13% 0FF </p><p>$27.99</p><a href="https://www.amazon.com/dp/B0BYXPR9F3?tag=eloabder-20&linkCode=osi&th=1&psc=1">View Product</a></div><div class="product"><a href="https://www.amazon.com/dp/B0BV6RYWV9?tag=eloabder-20&linkCode=osi&th=1&psc=1"><img src="https://m.media-amazon.com/images/I/41HBwMbwbaL._SL500_.jpg" alt="Product Image"></a><p>ARCCAPTAIN Welding Helmet Auto Darkening, 3.94"X3.66" Large Viewing Screen True Color Welding Hood with 4 Arc Sensor Solar Powered, Wide Shade 4-5/5-9/9-13 for ARC TIG MIG Welding Helmets for Men</p><p> -17% 0FF </p><p>$59.99</p><a href="https://www.amazon.com/dp/B0BV6RYWV9?tag=eloabder-20&linkCode=osi&th=1&psc=1">View Product</a></div>
<div class="product"><a href="https://www.amazon.com/dp/B07RX7TNBY?tag=eloabder-20&linkCode=osi&th=1&psc=1"><img src="https://m.media-amazon.com/images/I/417ep0UH1cL._SL500_.jpg" alt="Product Image"></a><p>WZQH 16 Inches,932‚Ñâ,Leather Forge Welding Gloves, Heat/Fire Resistant,Mitts for BBQ,Oven,Grill,Fireplace,Tig,Mig,Baking,Furnace,Stove,Pot Holder,Animal Handling Glove.Black-gray</p><p> -32% 0FF </p><p>$19.74 ($19.74 / Count)</p><a href="https://www.amazon.com/dp/B07RX7TNBY?tag=eloabder-20&linkCode=osi&th=1&psc=1">View Product</a></div><div class="product"><a href="https://www.amazon.com/dp/B00IYX04YC?tag=eloabder-20&linkCode=osi&th=1&psc=1"><img src="https://m.media-amazon.com/images/I/51vjm0ZOsgL._SL500_.jpg" alt="Product Image"></a><p>Lincoln Electric Leather Welding Gloves KH641, Premium Hand Protection from Welder and Cutting Torch Heat, Commercial Quality, Cotton Lined, Gauntlet Cuff, Unisex, Grey, One Size</p><p> -5% 0FF </p><p>$18.98</p><a href="https://www.amazon.com/dp/B00IYX04YC?tag=eloabder-20&linkCode=osi&th=1&psc=1">View Product</a></div><div class="product"><a href="https://www.amazon.com/dp/B078FMLJSW?tag=eloabder-20&linkCode=osi&th=1&psc=1"><img src="https://m.media-amazon.com/images/I/41cO-Y-5sjL._SL500_.jpg" alt="Product Image"></a><p>Revco GM1611 Top Grain Leather Cowhide MIG Welding Gloves with Reinforced Palm & Thumb & Index Finger, Seamless Forefinger, 5" Cuff for Extra Protection (Medium)</p><p> -7% 0FF </p><p>$27.99</p><a href="https://www.amazon.com/dp/B078FMLJSW?tag=eloabder-20&linkCode=osi&th=1&psc=1">View Product</a></div>
<div class="product"><a href="https://www.amazon.com/dp/B07W41G6P3?tag=eloabder-20&linkCode=osi&th=1&psc=1"><img src="https://m.media-amazon.com/images/I/51FnU0Vr4ZL._SL500_.jpg" alt="Product Image"></a><p>YESWELDER Flux Core Gasless Mig Wire, Mild Steel E71TGS .030-Diameter, 2-Pound Strong ABS Plastic Spool</p><p> -30% 0FF </p><p>$15.99</p><a href="https://www.amazon.com/dp/B07W41G6P3?tag=eloabder-20&linkCode=osi&th=1&psc=1">View Product</a></div><div class="product"><a href="https://www.amazon.com/dp/B0BRCT2NLM?tag=eloabder-20&linkCode=osi&th=1&psc=1"><img src="https://m.media-amazon.com/images/I/412YtbTwWWL._SL500_.jpg" alt="Product Image"></a><p>0.035 flux core welding wire, 3 Spools E71T-GS Low Splatter gasless Carbon Steel Mig Welding Wire Compatible With HF Fourney Harbor Welder(3 PACK)</p><p> -9% 0FF </p><p>$29.99</p><a href="https://www.amazon.com/dp/B0BRCT2NLM?tag=eloabder-20&linkCode=osi&th=1&psc=1">View Product</a></div><div class="product"><a href="https://www.amazon.com/dp/B003XKH71O?tag=eloabder-20&linkCode=osi&th=1&psc=1"><img src="https://m.media-amazon.com/images/I/51aO46a0SrL._SL500_.jpg" alt="Product Image"></a><p>INEFIL ER70S-6 .030-Inch on 10-Pound Spool Carbon Steel Mig Solid Welding Wire</p><p> -24% 0FF </p><p>$25.05 ($0.16 / Ounce)</p><a href="https://www.amazon.com/dp/B003XKH71O?tag=eloabder-20&linkCode=osi&th=1&psc=1">View Product</a></div><div class="product"><a href="https://www.amazon.com/dp/B00F429SZM?tag=eloabder-20&linkCode=osi&th=1&psc=1"><img src="https://m.media-amazon.com/images/I/41BHKwqBRIL._SL500_.jpg" alt="Product Image"></a><p>Blue Demon E71TGS X .035‚Äù X 2 LB MIG/GMAW Gasless Flux Core Carbon Steel Welding Wire, All Position, Easy Slag Removal, Formulated To Provide Porosity-Free, X-Ray Quality Welds</p><p> -30% 0FF </p><p>$11.91</p><a href="https://www.amazon.com/dp/B00F429SZM?tag=eloabder-20&linkCode=osi&th=1&psc=1">View Product</a></div><div class="product"><a href="https://www.amazon.com/dp/B01I82OSC2?tag=eloabder-20&linkCode=osi&th=1&psc=1"><img src="https://m.media-amazon.com/images/I/41QrzqdrCEL._SL500_.jpg" alt="Product Image"></a><p>Lincoln Electric MIG Welding Wire, NR-211-MP, .035, Spool, Model: ED030584 (Pack of 3)</p><p> -6% 0FF </p><p>$46.99 ($15.66 / Count)</p><a href="https://www.amazon.com/dp/B01I82OSC2?tag=eloabder-20&linkCode=osi&th=1&psc=1">View Product</a></div><div class="product"><a href="https://www.amazon.com/dp/B09YYCRKR2?tag=eloabder-20&linkCode=osi&th=1&psc=1"><img src="https://m.media-amazon.com/images/I/51DpQ1PI8pL._SL500_.jpg" alt="Product Image"></a><p>ARCCAPTAIN Flux Core Welding Wire .030, E71T-GS Mig Welding Wire 2-Pound Spool Gasless Mild Carbon Steel Compatible With Lincoln Miller Forney Harbor Welder</p><p> -8% 0FF </p><p>$16.99</p><a href="https://www.amazon.com/dp/B09YYCRKR2?tag=eloabder-20&linkCode=osi&th=1&psc=1">View Product</a></div><div class="product"><a href="https://www.amazon.com/dp/B09DYCK78H?tag=eloabder-20&linkCode=osi&th=1&psc=1"><img src="https://m.media-amazon.com/images/I/41umOmMUkzL._SL500_.jpg" alt="Product Image"></a><p>TOOLIOM ER70S-6 .030"(0.8 mm) Mild Steel Mig Solid Welding Wire on 10-Pound Spool for TL-200M TL-250M Pro</p><p> -7% 0FF </p><p>$27.99</p><a href="https://www.amazon.com/dp/B09DYCK78H?tag=eloabder-20&linkCode=osi&th=1&psc=1">View Product</a></div>
<div class="product"><a href="https://www.amazon.com/dp/B0B3D96MN6?tag=eloabder-20&linkCode=osi&th=1&psc=1"><img src="https://m.media-amazon.com/images/I/51k0bP+5e6L._SL500_.jpg" alt="Product Image"></a><p>Soldering Iron Premium Kit, 60W Soldering Gun with Ceramic Heater, 12-in-1 Soldering Tool, Adjustable Temperature 200 to 450¬∞C, Includes Soldering Iron Tip, Solder Wire, Pump and Paste</p><p> -20% 0FF </p><p>$23.99</p><a href="https://www.amazon.com/dp/B0B3D96MN6?tag=eloabder-20&linkCode=osi&th=1&psc=1">View Product</a></div><div class="product"><a href="https://www.amazon.com/dp/B087767KNW?tag=eloabder-20&linkCode=osi&th=1&psc=1"><img src="https://m.media-amazon.com/images/I/41rapiHruXL._SL500_.jpg" alt="Product Image"></a><p>Soldering Iron Kit, 60W Soldering Iron with Interchangeable Iron Tips, 10-in-1 Adjustable Temperature Soldering Welding Iron Kit for any Hobby Enthusiast 110V US Plug</p><p> -13% 0FF </p><p>$12.99</p><a href="https://www.amazon.com/dp/B087767KNW?tag=eloabder-20&linkCode=osi&th=1&psc=1">View Product</a></div><div class="product"><a href="https://www.amazon.com/dp/B082F1WKP9?tag=eloabder-20&linkCode=osi&th=1&psc=1"><img src="https://m.media-amazon.com/images/I/518z061SWZL._SL500_.jpg" alt="Product Image"></a><p>YIHUA 926 III 60W Digital Display Soldering Iron Station Kit w 2 Helping Hands, 6 Extra Iron Tips, Lead-Free Solder, Solder Sucker, S/S Tweezers, ¬∞C/¬∫F Conversion, Auto Sleep & Calibration Support</p><p> -17% 0FF </p><p>$49.99</p><a href="https://www.amazon.com/dp/B082F1WKP9?tag=eloabder-20&linkCode=osi&th=1&psc=1">View Product</a></div><div class="product"><a href="https://www.amazon.com/dp/B002PIA6Z4?tag=eloabder-20&linkCode=osi&th=1&psc=1"><img src="https://m.media-amazon.com/images/I/41hE8aKpakL._SL500_.jpg" alt="Product Image"></a><p>Pro'sKit 900-015 Helping Hands Soldering Aid</p><p> -35% 0FF </p><p>$7.59</p><a href="https://www.amazon.com/dp/B002PIA6Z4?tag=eloabder-20&linkCode=osi&th=1&psc=1">View Product</a></div><div class="product"><a href="https://www.amazon.com/dp/B094GZ6CPZ?tag=eloabder-20&linkCode=osi&th=1&psc=1"><img src="https://m.media-amazon.com/images/I/510vFCSfPqL._SL500_.jpg" alt="Product Image"></a><p>Lesnow solder wick braid 10ft Length Desoldering Wick Braid Remover Tool Solder Sucker 1 piece No-Clean soldering Wick Wire Roll and Disassemble Electrical Components</p><p> -20% 0FF </p><p>$7.99</p><a href="https://www.amazon.com/dp/B094GZ6CPZ?tag=eloabder-20&linkCode=osi&th=1&psc=1">View Product</a></div><div class="product"><a href="https://www.amazon.com/dp/B0CZ9KB3PS?tag=eloabder-20&linkCode=osi&th=1&psc=1"><img src="https://m.media-amazon.com/images/I/41i90xEV7CL._SL500_.jpg" alt="Product Image"></a><p>60W Digital Soldering Station Fast Heating Precision Temperature Control Soldering Iron Station with Stable Base Auto Sleep 10 Soldering Iron Tips Soldering Station Kit for Beginners DIY hobbyist</p><p> -15% 0FF </p><p>$39.88</p><a href="https://www.amazon.com/dp/B0CZ9KB3PS?tag=eloabder-20&linkCode=osi&th=1&psc=1">View Product</a></div><div class="product"><a href="https://www.amazon.com/dp/B00NS4J6BY?tag=eloabder-20&linkCode=osi&th=1&psc=1"><img src="https://m.media-amazon.com/images/I/51zuuNWwBjL._SL500_.jpg" alt="Product Image"></a><p>Thermaltronics TMT-TC-2 Tip Tinner (20g) in 0.8oz Container</p><p> -21% 0FF </p><p>$6.35 ($7.94 / Ounce)</p><a href="https://www.amazon.com/dp/B00NS4J6BY?tag=eloabder-20&linkCode=osi&th=1&psc=1">View Product</a></div>
<div class="product"><a href="https://www.amazon.com/dp/B097T8CG94?tag=eloabder-20&linkCode=osi&th=1&psc=1"><img src="https://m.media-amazon.com/images/I/51ciNJ1DuTL._SL500_.jpg" alt="Product Image"></a><p>Soldering Iron Kit,Electric 60W Soldering Gun Welding Tools with ON/OFF Swicth,5 Soldering Iron Tips,Tweezers,solder wire,for soldering Kit and Repairing,DIY</p><p> -50% 0FF </p><p>$5.99</p><a href="https://www.amazon.com/dp/B097T8CG94?tag=eloabder-20&linkCode=osi&th=1&psc=1">View Product</a></div><div class="product"><a href="https://www.amazon.com/dp/B08R3515SF?tag=eloabder-20&linkCode=osi&th=1&psc=1"><img src="https://m.media-amazon.com/images/I/41-UwHjbdpL._SL500_.jpg" alt="Product Image"></a><p>Soldering Iron Kit, 80W 110V LCD Digital Soldering Welding Iron Kit with Ceramic Heater, Portable Soldering Kit with 5pcs Tips, Stand, Solder Tube, Sponge, Solder Paste,for Metal,Electric, DIY</p><p> -23% 0FF </p><p>$9.95</p><a href="https://www.amazon.com/dp/B08R3515SF?tag=eloabder-20&linkCode=osi&th=1&psc=1">View Product</a></div><div class="product"><a href="https://www.amazon.com/dp/B0BW4HMXJ3?tag=eloabder-20&linkCode=osi&th=1&psc=1"><img src="https://m.media-amazon.com/images/I/516tKeqajpL._SL500_.jpg" alt="Product Image"></a><p>Soldering Iron Kit 80W LCD Adjustable Temperature 180-520‚ÑÉ Solder Kit Electronics 13 in 1 Welding Tools with ON/OFF Switch, Solder Wire, Flux, 5 Soldering Tips, Desoldering Pump, Stand, Tweezers</p><p> -27% 0FF </p><p>$18.98</p><a href="https://www.amazon.com/dp/B0BW4HMXJ3?tag=eloabder-20&linkCode=osi&th=1&psc=1">View Product</a></div>
<div class="product"><a href="https://www.amazon.com/dp/B077JDGY1J?tag=eloabder-20&linkCode=osi&th=1&psc=1"><img src="https://m.media-amazon.com/images/I/41yRK+nzODL._SL500_.jpg" alt="Product Image"></a><p>Weller 70 Watt Digital Soldering Station | WE1010NA</p><p> -25% 0FF </p><p>$115.00</p><a href="https://www.amazon.com/dp/B077JDGY1J?tag=eloabder-20&linkCode=osi&th=1&psc=1">View Product</a></div><div class="product"><a href="https://www.amazon.com/dp/B09TXP1KDV?tag=eloabder-20&linkCode=osi&th=1&psc=1"><img src="https://m.media-amazon.com/images/I/51-97nkYLSL._SL500_.jpg" alt="Product Image"></a><p>WEP 927-IV Soldering Station Kit High-Power 110W with 3 Preset Channels, Sleep Mode, LED Magnifier, 5 Extra Iron Tips, Tip Cleaner, 2 Helping Hands, Tip Storage Slots, Lead-free Solder Wire, Tweezers</p><p> -25% 0FF </p><p>$59.99</p><a href="https://www.amazon.com/dp/B09TXP1KDV?tag=eloabder-20&linkCode=osi&th=1&psc=1">View Product</a></div><div class="product"><a href="https://www.amazon.com/dp/B07RVMZNYR?tag=eloabder-20&linkCode=osi&th=1&psc=1"><img src="https://m.media-amazon.com/images/I/51MK9AVKTeL._SL500_.jpg" alt="Product Image"></a><p>YIHUA 939D+ Digital Soldering Station, 75W Equivalent with Precision Heat Control (392¬∞F to 896¬∞F) and Built-in Transformer. ESD Safe, Lead Free with ¬∞C/¬∞F display (Black)</p><p> -17% 0FF </p><p>$59.99</p><a href="https://www.amazon.com/dp/B07RVMZNYR?tag=eloabder-20&linkCode=osi&th=1&psc=1">View Product</a></div><div class="product"><a href="https://www.amazon.com/dp/B0BX5KXBPD?tag=eloabder-20&linkCode=osi&th=1&psc=1"><img src="https://m.media-amazon.com/images/I/51kzeXwC0sL._SL500_.jpg" alt="Product Image"></a><p>WEP 882D Soldering Iron Station 2-IN-1 SMD Hot Air Rework Station with 2 Spools of Solder Wire, 5 Soldering Tips, 3 Hot Air Nozzles, Brass Wool Tip Cleaner, Tweezers, Desoldering pump</p><p> -12% 0FF </p><p>$48.44</p><a href="https://www.amazon.com/dp/B0BX5KXBPD?tag=eloabder-20&linkCode=osi&th=1&psc=1">View Product</a></div><div class="product"><a href="https://www.amazon.com/dp/B07S4GPM66?tag=eloabder-20&linkCode=osi&th=1&psc=1"><img src="https://m.media-amazon.com/images/I/51Z2ti7tGQL._SL500_.jpg" alt="Product Image"></a><p>YIHUA 853D 2A USB SMD Hot Air Rework Soldering Iron Station, DC Power Supply 0-15V 0-2A with 5V USB Charging Port and 35 Volt DC Voltage Test Meter</p><p> -12% 0FF </p><p>$149.99</p><a href="https://www.amazon.com/dp/B07S4GPM66?tag=eloabder-20&linkCode=osi&th=1&psc=1">View Product</a></div><div class="product"><a href="https://www.amazon.com/dp/B07RY5XWVG?tag=eloabder-20&linkCode=osi&th=1&psc=1"><img src="https://m.media-amazon.com/images/I/51C2g+FzzUL._SL500_.jpg" alt="Product Image"></a><p>YIHUA 862BD+ SMD ESD Safe 2 in 1 Soldering Iron Hot Air Rework Station ¬∞F /¬∞C with Multiple Functions</p><p> -27% 0FF </p><p>$101.95</p><a href="https://www.amazon.com/dp/B07RY5XWVG?tag=eloabder-20&linkCode=osi&th=1&psc=1">View Product</a></div>
<div class="product"><a href="https://www.amazon.com/dp/B008ZIV85A?tag=eloabder-20&linkCode=osi&th=1&psc=1"><img src="https://m.media-amazon.com/images/I/41CWW+v4uOL._SL500_.jpg" alt="Product Image"></a><p>SRA Solder 135 Rosin Paste Soldering Flux For Electronics, No Clean Flux Made for Lead and Lead-Free Solder Circuit Boards and Copper Electrical Wire - Safe Clean Residues with No Goopy Mess (2oz Jar)</p><p> -23% 0FF </p><p>$8.49</p><a href="https://www.amazon.com/dp/B008ZIV85A?tag=eloabder-20&linkCode=osi&th=1&psc=1">View Product</a></div><div class="product"><a href="https://www.amazon.com/dp/B08MVXW4RY?tag=eloabder-20&linkCode=osi&th=1&psc=1"><img src="https://m.media-amazon.com/images/I/51ACPA4yj1L._SL500_.jpg" alt="Product Image"></a><p>2 Jar Solder Flux, Flux for Soldering, Rosin Soldering Flux Paste for Lead-Free Electronics Soldering and Soldering DIY (1.2oz/35g in a Jar)</p><p> -30% 0FF </p><p>$6.98</p><a href="https://www.amazon.com/dp/B08MVXW4RY?tag=eloabder-20&linkCode=osi&th=1&psc=1">View Product</a></div>
<div class="product"><a href="https://www.amazon.com/dp/B07PX44JQM?tag=eloabder-20&linkCode=osi&th=1&psc=1"><img src="https://m.media-amazon.com/images/I/41MRmHNswpL._SL500_.jpg" alt="Product Image"></a><p>Metabo HPT Compound Miter Saw, 10" Miter Saw with Large Table Saw for woodworking, Power saw with 15-Amp Motor, Accurate Miter Angles, 0-45¬∞ Bevel, 24T TCT Miter Saw Blade, Positive Stops, C10FCGS</p><p> -25% 0FF </p><p>$119.00</p><a href="https://www.amazon.com/dp/B07PX44JQM?tag=eloabder-20&linkCode=osi&th=1&psc=1">View Product</a></div><div class="product"><a href="https://www.amazon.com/dp/B0CCNY7798?tag=eloabder-20&linkCode=osi&th=1&psc=1"><img src="https://m.media-amazon.com/images/I/51Wb7rA81NL._SL500_.jpg" alt="Product Image"></a><p>DEKOPRO Drill Set: Tool Set with 8V Blue Cordless Drill, Home Tool Kit with Drill, Hand Tool Kits for Women 126 Piece</p><p> -33% 0FF </p><p>$59.99</p><a href="https://www.amazon.com/dp/B0CCNY7798?tag=eloabder-20&linkCode=osi&th=1&psc=1">View Product</a></div><div class="product"><a href="https://www.amazon.com/dp/B07JPFHQKG?tag=eloabder-20&linkCode=osi&th=1&psc=1"><img src="https://m.media-amazon.com/images/I/413RBSqCVzL._SL500_.jpg" alt="Product Image"></a><p>DEWALT 20V MAX XR Jig Saw, 3,200 Blade Speed, Cordless, Brushless Motor, LED Light, Bare Tool Only (DCS334B)</p><p> -46% 0FF </p><p>$129.00</p><a href="https://www.amazon.com/dp/B07JPFHQKG?tag=eloabder-20&linkCode=osi&th=1&psc=1">View Product</a></div><div class="product"><a href="https://www.amazon.com/dp/B01IR1SXVQ?tag=eloabder-20&linkCode=osi&th=1&psc=1"><img src="https://m.media-amazon.com/images/I/41ryU1i4DeL._SL500_.jpg" alt="Product Image"></a><p>BLACK+DECKER 20V MAX Power Tool Combo Kit, 4-Tool Cordless Power Tool Set with 2 Batteries and Charger (BD4KITCDCRL)</p><p> -29% 0FF </p><p>$141.83</p><a href="https://www.amazon.com/dp/B01IR1SXVQ?tag=eloabder-20&linkCode=osi&th=1&psc=1">View Product</a></div>
<div class="product"><a href="https://www.amazon.com/dp/B0C4L88ZFW?tag=eloabder-20&linkCode=osi&th=1&psc=1"><img src="https://m.media-amazon.com/images/I/51SJoHf6mJL._SL500_.jpg" alt="Product Image"></a><p>FADAKWALT Cordless Drill Set,12V Power Drill Set with Battery and Charger, Electric Driver/Drill Bits, 3/8'' Keyless Chuck,21+1 Torque Setting, 180 inch-lbs, with LED Electric Drill Set (Green)</p><p> -20% 0FF </p><p>$23.98</p><a href="https://www.amazon.com/dp/B0C4L88ZFW?tag=eloabder-20&linkCode=osi&th=1&psc=1">View Product</a></div><div class="product"><a href="https://www.amazon.com/dp/B07CR1GPBQ?tag=eloabder-20&linkCode=osi&th=1&psc=1"><img src="https://m.media-amazon.com/images/I/51Py58xkv6L._SL500_.jpg" alt="Product Image"></a><p>AVID POWER 20V MAX Lithium lon Cordless Drill Set, Power Drill Kit with Battery and Charger, 3/8-Inch Keyless Chuck, Variable Speed, 16 Position and 22pcs Drill Bits (Red)</p><p> -12% 0FF </p><p>$43.99</p><a href="https://www.amazon.com/dp/B07CR1GPBQ?tag=eloabder-20&linkCode=osi&th=1&psc=1">View Product</a></div><div class="product"><a href="https://www.amazon.com/dp/B09Y8BWFZB?tag=eloabder-20&linkCode=osi&th=1&psc=1"><img src="https://m.media-amazon.com/images/I/51Ixq-DjI3L._SL500_.jpg" alt="Product Image"></a><p>DEKOPRO 8V Cordless Drill, Drill Set with 3/8"Keyless Chuck, 42pcs Acessories, Built-in LED, Type-C Charge Cable, Pink Power Drill for Drilling and Tightening/Loosening Screws</p><p> -17% 0FF </p><p>$29.99</p><a href="https://www.amazon.com/dp/B09Y8BWFZB?tag=eloabder-20&linkCode=osi&th=1&psc=1">View Product</a></div>
<div class="product"><a href="https://www.amazon.com/dp/B01KJJQ1MC?tag=eloabder-20&linkCode=osi&th=1&psc=1"><img src="https://m.media-amazon.com/images/I/51zT9DcQquL._SL500_.jpg" alt="Product Image"></a><p>Skil 5080-01 13-Amp 7-1/4" Circular Saw, Red</p><p> -33% 0FF </p><p>$39.99</p><a href="https://www.amazon.com/dp/B01KJJQ1MC?tag=eloabder-20&linkCode=osi&th=1&psc=1">View Product</a></div><div class="product"><a href="https://www.amazon.com/dp/B076HPKK19?tag=eloabder-20&linkCode=osi&th=1&psc=1"><img src="https://m.media-amazon.com/images/I/41b2h45bkSS._SL500_.jpg" alt="Product Image"></a><p>BLACK+DECKER 20V MAX* Cordless Reciprocating Saw Kit (BDCR20C)</p><p> -21% 0FF </p><p>$54.99</p><a href="https://www.amazon.com/dp/B076HPKK19?tag=eloabder-20&linkCode=osi&th=1&psc=1">View Product</a></div><div class="product"><a href="https://www.amazon.com/dp/B07WP376TG?tag=eloabder-20&linkCode=osi&th=1&psc=1"><img src="https://m.media-amazon.com/images/I/51PemucX5WL._SL500_.jpg" alt="Product Image"></a><p>GALAX PRO Circular Saw and Reciprocating Saw Combo Kit with 1pcs 4.0Ah Lithium Battery and One Charger, 7 Saw Blades and Tool Bag</p><p> -21% 0FF </p><p>$109.99</p><a href="https://www.amazon.com/dp/B07WP376TG?tag=eloabder-20&linkCode=osi&th=1&psc=1">View Product</a></div><div class="product"><a href="https://www.amazon.com/dp/B00F2CGXGG?tag=eloabder-20&linkCode=osi&th=1&psc=1"><img src="https://m.media-amazon.com/images/I/41gldz3g2lS._SL500_.jpg" alt="Product Image"></a><p>DEWALT (DWE7491RS) 10-Inch Table Saw, 32-1/2-Inch Rip Capacity, Yellow/Black/Silver</p><p> -18% 0FF </p><p>$549.00</p><a href="https://www.amazon.com/dp/B00F2CGXGG?tag=eloabder-20&linkCode=osi&th=1&psc=1">View Product</a></div><div class="product"><a href="https://www.amazon.com/dp/B086SRQVVM?tag=eloabder-20&linkCode=osi&th=1&psc=1"><img src="https://m.media-amazon.com/images/I/41dsapo-W7L._SL500_.jpg" alt="Product Image"></a><p>Electric Circular Saw, HYCHIKA 6.2A Mini Circular Saw with 3 Blades(4-1/2‚Äù), Compact Hand Saw Max Cutting Depth 1-7/8'' (90¬∞), Rubber Handle, 10 Feet Cord, Fit for Wood Soft Metal Plastic Cuts</p><p> -22% 0FF </p><p>$54.38</p><a href="https://www.amazon.com/dp/B086SRQVVM?tag=eloabder-20&linkCode=osi&th=1&psc=1">View Product</a></div>
<div class="product"><a href="https://www.amazon.com/dp/B00RVZ7DNO?tag=eloabder-20&linkCode=osi&th=1&psc=1"><img src="https://m.media-amazon.com/images/I/41WHxI6Z+bL._SL500_.jpg" alt="Product Image"></a><p>DEWALT Angle Grinder, 4.5 Inch, 11 Amp, With Paddle Switch (DWE402)</p><p> -19% 0FF </p><p>$88.82</p><a href="https://www.amazon.com/dp/B00RVZ7DNO?tag=eloabder-20&linkCode=osi&th=1&psc=1">View Product</a></div><div class="product"><a href="https://www.amazon.com/dp/B07L21GNHL?tag=eloabder-20&linkCode=osi&th=1&psc=1"><img src="https://m.media-amazon.com/images/I/5199mmz0eBS._SL500_.jpg" alt="Product Image"></a><p>Metabo HPT 4-1/2-Inch Angle Grinder, Includes 5 Grinding Wheels & Hard Case, 6.2-Amp Motor, Compact & Lightweight, G12SR4</p><p> -20% 0FF </p><p>$39.00</p><a href="https://www.amazon.com/dp/B07L21GNHL?tag=eloabder-20&linkCode=osi&th=1&psc=1">View Product</a></div><div class="product"><a href="https://www.amazon.com/dp/B009ELXH1K?tag=eloabder-20&linkCode=osi&th=1&psc=1"><img src="https://m.media-amazon.com/images/I/41xbd2K1xkL._SL500_.jpg" alt="Product Image"></a><p>DEWALT Angle Grinder, One-Touch Guard, 4-1/2 -Inch (DWE4011)</p><p> -11% 0FF </p><p>$79.00</p><a href="https://www.amazon.com/dp/B009ELXH1K?tag=eloabder-20&linkCode=osi&th=1&psc=1">View Product</a></div><div class="product"><a href="https://www.amazon.com/dp/B06WW85XHR?tag=eloabder-20&linkCode=osi&th=1&psc=1"><img src="https://m.media-amazon.com/images/I/41IyxzFrgQL._SL500_.jpg" alt="Product Image"></a><p>DEWALT Angle Grinder Tool, 4-1/2-Inch to 5-Inch, Trigger Switch (DWE43116)</p><p> -20% 0FF </p><p>$134.93</p><a href="https://www.amazon.com/dp/B06WW85XHR?tag=eloabder-20&linkCode=osi&th=1&psc=1">View Product</a></div><div class="product"><a href="https://www.amazon.com/dp/B0002SRK6M?tag=eloabder-20&linkCode=osi&th=1&psc=1"><img src="https://m.media-amazon.com/images/I/31rUdEYHfiL._SL500_.jpg" alt="Product Image"></a><p>DEWALT Angle Grinder, 7-Inch, 13-Amp, 8,000 RPM, With Dust Ejection System, Corded (DW840)</p><p> -18% 0FF </p><p>$122.13</p><a href="https://www.amazon.com/dp/B0002SRK6M?tag=eloabder-20&linkCode=osi&th=1&psc=1">View Product</a></div><div class="product"><a href="https://www.amazon.com/dp/B01HD4EH4A?tag=eloabder-20&linkCode=osi&th=1&psc=1"><img src="https://m.media-amazon.com/images/I/31bCbZzbjxL._SL500_.jpg" alt="Product Image"></a><p>BOSCH GWS8-45 4-1/2 Inch 7.5 Amp Angle Grinder</p><p> -15% 0FF </p><p>$58.98</p><a href="https://www.amazon.com/dp/B01HD4EH4A?tag=eloabder-20&linkCode=osi&th=1&psc=1">View Product</a></div><div class="product"><a href="https://www.amazon.com/dp/B09MCMN9SJ?tag=eloabder-20&linkCode=osi&th=1&psc=1"><img src="https://m.media-amazon.com/images/I/51bilvYEN5L._SL500_.jpg" alt="Product Image"></a><p>7.5Amp 4-1/2 Inch 12000 RPM Angle Grinder with 2 Guards, 3 Cutting Wheels, 3 Discs, Non-Slip Handle and Carbon Brush for Metal and Wood</p><p> -13% 0FF </p><p>$39.99</p><a href="https://www.amazon.com/dp/B09MCMN9SJ?tag=eloabder-20&linkCode=osi&th=1&psc=1">View Product</a></div><div class="product"><a href="https://www.amazon.com/dp/B01FJLKS1K?tag=eloabder-20&linkCode=osi&th=1&psc=1"><img src="https://m.media-amazon.com/images/I/41OMZZp7LWL._SL500_.jpg" alt="Product Image"></a><p>WEN 944 7-Amp Angle Grinder, 4-1/2", Grey,black,orange</p><p> -30% 0FF </p><p>$24.35</p><a href="https://www.amazon.com/dp/B01FJLKS1K?tag=eloabder-20&linkCode=osi&th=1&psc=1">View Product</a></div>
<div class="product"><a href="https://www.amazon.com/dp/B07FDL1TW5?tag=eloabder-20&linkCode=osi&th=1&psc=1"><img src="https://m.media-amazon.com/images/I/51OYzHg15RL._SL500_.jpg" alt="Product Image"></a><p>SKIL Corded Multi-Function Detail Sander with Micro-Filter Dust Box 3 Additional Attachments & 12pc Sanding Sheet- SR232301</p><p> -27% 0FF </p><p>$29.00</p><a href="https://www.amazon.com/dp/B07FDL1TW5?tag=eloabder-20&linkCode=osi&th=1&psc=1">View Product</a></div><div class="product"><a href="https://www.amazon.com/dp/B0858C7X3M?tag=eloabder-20&linkCode=osi&th=1&psc=1"><img src="https://m.media-amazon.com/images/I/41-u+iAaY0L._SL500_.jpg" alt="Product Image"></a><p>DEWALT Random Orbit Sander, Variable Speed, 5-Inch (DWE6423)</p><p> -29% 0FF </p><p>$69.99</p><a href="https://www.amazon.com/dp/B0858C7X3M?tag=eloabder-20&linkCode=osi&th=1&psc=1">View Product</a></div><div class="product"><a href="https://www.amazon.com/dp/B01ALMMJH8?tag=eloabder-20&linkCode=osi&th=1&psc=1"><img src="https://m.media-amazon.com/images/I/41c+p-fOD8L._SL500_.jpg" alt="Product Image"></a><p>DEWALT Electric Sander, 1/4-Inch Sheet, (DWE6411)</p><p> -17% 0FF </p><p>$53.64</p><a href="https://www.amazon.com/dp/B01ALMMJH8?tag=eloabder-20&linkCode=osi&th=1&psc=1">View Product</a></div><div class="product"><a href="https://www.amazon.com/dp/B07JQM7C28?tag=eloabder-20&linkCode=osi&th=1&psc=1"><img src="https://m.media-amazon.com/images/I/41dKlVcpqTL._SL500_.jpg" alt="Product Image"></a><p>DEWALT 20V MAX Orbital Sander, Tool Only (DCW210B)</p><p> -41% 0FF </p><p>$105.00</p><a href="https://www.amazon.com/dp/B07JQM7C28?tag=eloabder-20&linkCode=osi&th=1&psc=1">View Product</a></div><div class="product"><a href="https://www.amazon.com/dp/B07KL4QGSQ?tag=eloabder-20&linkCode=osi&th=1&psc=1"><img src="https://m.media-amazon.com/images/I/41Ucr142bJL._SL500_.jpg" alt="Product Image"></a><p>WEN Benchtop Belt and Disc Sander with 4 x 36 in. Belt, 6 in. Disc and Cast Iron Base (6502T)</p><p> -27% 0FF </p><p>$98.80</p><a href="https://www.amazon.com/dp/B07KL4QGSQ?tag=eloabder-20&linkCode=osi&th=1&psc=1">View Product</a></div><div class="product"><a href="https://www.amazon.com/dp/B00OJWLVM6?tag=eloabder-20&linkCode=osi&th=1&psc=1"><img src="https://m.media-amazon.com/images/I/41uzJE+Q03L._SL500_.jpg" alt="Product Image"></a><p>BLACK+DECKER 2.0 Amp Electric 1/4 Sheet Orbit Sander (BDEQS300)</p><p> -29% 0FF </p><p>$28.41</p><a href="https://www.amazon.com/dp/B00OJWLVM6?tag=eloabder-20&linkCode=osi&th=1&psc=1">View Product</a></div>
<div class="product"><a href="https://www.amazon.com/dp/B0DC68CKKH?tag=eloabder-20&linkCode=osi&th=1&psc=1"><img src="https://m.media-amazon.com/images/I/41gqGPLD28L._SL500_.jpg" alt="Product Image"></a><p>VEVOR Air Compressor 80 Gallon, 6.5HP 15.5SCFM@90 PSI, 2-Stage 145PSI Oil Free Stationary Air Compressor Tank, 86dB Quiet Compressor for Industrial Manufacturing, Construction Sites (3-Phase Power)</p><p> -6% 0FF </p><p>$1,141.99</p><a href="https://www.amazon.com/dp/B0DC68CKKH?tag=eloabder-20&linkCode=osi&th=1&psc=1">View Product</a></div><div class="product"><a href="https://www.amazon.com/dp/B0CSZ1NVW4?tag=eloabder-20&linkCode=osi&th=1&psc=1"><img src="https://m.media-amazon.com/images/I/41RAQPUKmVL._SL500_.jpg" alt="Product Image"></a><p>FYPower Air Compressor Whip Hose 3/8 Inch x 10 Feet Lead in Hybrid Hose with Fittings, Flexible and Kink Resistant, 1/4" Industrial Quick Coupler and Plug Kit - Red</p><p> -50% 0FF </p><p>$9.49</p><a href="https://www.amazon.com/dp/B0CSZ1NVW4?tag=eloabder-20&linkCode=osi&th=1&psc=1">View Product</a></div><div class="product"><a href="https://www.amazon.com/dp/B0D1QK5ZKD?tag=eloabder-20&linkCode=osi&th=1&psc=1"><img src="https://m.media-amazon.com/images/I/41lJM5B8d2L._SL500_.jpg" alt="Product Image"></a><p>Uharbour Air Compressor Hose 1/4" x 50 Feet, 1/4 Air Hose PVC/Rubber Hybrid, Air Hose for Compressor with 1/4" MNPT Brass Fitting, Air Hose 50 ft for Air Compressor</p><p> -50% 0FF </p><p>$11.49 ($0.23 / Foot)</p><a href="https://www.amazon.com/dp/B0D1QK5ZKD?tag=eloabder-20&linkCode=osi&th=1&psc=1">View Product</a></div><div class="product"><a href="https://www.amazon.com/dp/B0CQ1ZXN5N?tag=eloabder-20&linkCode=osi&th=1&psc=1"><img src="https://m.media-amazon.com/images/I/413MD4U9LOL._SL500_.jpg" alt="Product Image"></a><p>DEWENWILS 3/8 Inch x 50FT Hybrid Air Hose 300 PSI, Heavy Duty Air Compressor Hose with 1/4" Industrial Quick Coupler Fittings, Flexible and Kink Resistant Air Hose (Red)</p><p> -50% 0FF </p><p>$16.24 ($0.32 / Foot)</p><a href="https://www.amazon.com/dp/B0CQ1ZXN5N?tag=eloabder-20&linkCode=osi&th=1&psc=1">View Product</a></div><div class="product"><a href="https://www.amazon.com/dp/B0CHB3GDSV?tag=eloabder-20&linkCode=osi&th=1&psc=1"><img src="https://m.media-amazon.com/images/I/41TgWdqGdPL._SL500_.jpg" alt="Product Image"></a><p>Giraffe Tools TA15BPLUS Retractable Air Hose Reel with Swivel Bracket 3/8" x 50 ft Hybrid Hose, Ceiling/Wall Mounted Heavy Duty Industrial Air Compressor Hose Reel, 300PSI, 50ft</p><p> -9% 0FF </p><p>$99.99</p><a href="https://www.amazon.com/dp/B0CHB3GDSV?tag=eloabder-20&linkCode=osi&th=1&psc=1">View Product</a></div><div class="product"><a href="https://www.amazon.com/dp/B08PDT69XS?tag=eloabder-20&linkCode=osi&th=1&psc=1"><img src="https://m.media-amazon.com/images/I/41a6Z-s1uhL._SL500_.jpg" alt="Product Image"></a><p>Craftsman 20-piece Air Accessory Kit</p><p> -24% 0FF </p><p>$33.28</p><a href="https://www.amazon.com/dp/B08PDT69XS?tag=eloabder-20&linkCode=osi&th=1&psc=1">View Product</a></div><div class="product"><a href="https://www.amazon.com/dp/B07MBY35K6?tag=eloabder-20&linkCode=osi&th=1&psc=1"><img src="https://m.media-amazon.com/images/I/41wG+631zAL._SL500_.jpg" alt="Product Image"></a><p>AZUNO Digital Tire Inflator with Pressure Gauge, 200 PSI (0.1 Res) w/LED Flashlight, Heavy Duty Air Compressor Accessories 7pcs Set, w/Lock on Air Dual Head Chuck and 90¬∞ Tire Valve</p><p> -6% 0FF </p><p>$25.99</p><a href="https://www.amazon.com/dp/B07MBY35K6?tag=eloabder-20&linkCode=osi&th=1&psc=1">View Product</a></div>
<div class="product"><a href="https://www.amazon.com/dp/B0918CSK8N?tag=eloabder-20&linkCode=osi&th=1&psc=1"><img src="https://m.media-amazon.com/images/I/51PHon751vL._SL500_.jpg" alt="Product Image"></a><p>TOOLPEAK 1/4 inch angle air die grinder with 22 pcs 2-inch roll lock sanding discs, polished color angle pneumatic die grinder, air die grinder kit</p><p> -5% 0FF </p><p>$38.57</p><a href="https://www.amazon.com/dp/B0918CSK8N?tag=eloabder-20&linkCode=osi&th=1&psc=1">View Product</a></div><div class="product"><a href="https://www.amazon.com/dp/B000VZAENC?tag=eloabder-20&linkCode=osi&th=1&psc=1"><img src="https://m.media-amazon.com/images/I/21onsePfIFL._SL500_.jpg" alt="Product Image"></a><p>Ingersoll Rand 114GQC Quick Change Air Hammer 3-Piece Chisel Set, 3500 BPM, 2-5/8" Stroke, .401 Shank</p><p> -13% 0FF </p><p>$64.99</p><a href="https://www.amazon.com/dp/B000VZAENC?tag=eloabder-20&linkCode=osi&th=1&psc=1">View Product</a></div><div class="product"><a href="https://www.amazon.com/dp/B079FCZT4N?tag=eloabder-20&linkCode=osi&th=1&psc=1"><img src="https://m.media-amazon.com/images/I/41MB8jWnISS._SL500_.jpg" alt="Product Image"></a><p>WEN 61721 18-Gauge 3/8-Inch to 2-Inch Pneumatic Brad Nailer</p><p> -38% 0FF </p><p>$27.99</p><a href="https://www.amazon.com/dp/B079FCZT4N?tag=eloabder-20&linkCode=osi&th=1&psc=1">View Product</a></div><div class="product"><a href="https://www.amazon.com/dp/B00OK3TWUW?tag=eloabder-20&linkCode=osi&th=1&psc=1"><img src="https://m.media-amazon.com/images/I/314nu+8-0xL._SL500_.jpg" alt="Product Image"></a><p>DEWALT Grinder Tool, Self-locking Touch Control, 3-Inch (DWMT70784)</p><p> -66% 0FF </p><p>$42.84</p><a href="https://www.amazon.com/dp/B00OK3TWUW?tag=eloabder-20&linkCode=osi&th=1&psc=1">View Product</a></div><div class="product"><a href="https://www.amazon.com/dp/B008JYRDEU?tag=eloabder-20&linkCode=osi&th=1&psc=1"><img src="https://m.media-amazon.com/images/I/316BGYzWEtL._SL500_.jpg" alt="Product Image"></a><p>Ingersoll Rand 301B 1/4-Inch Right-Angle Air Die Grinder</p><p> -17% 0FF </p><p>$66.55</p><a href="https://www.amazon.com/dp/B008JYRDEU?tag=eloabder-20&linkCode=osi&th=1&psc=1">View Product</a></div><div class="product"><a href="https://www.amazon.com/dp/B07MSL5X4W?tag=eloabder-20&linkCode=osi&th=1&psc=1"><img src="https://m.media-amazon.com/images/I/41Q7jIwxfQS._SL500_.jpg" alt="Product Image"></a><p>Metabo HPT Palm Nailer | Pro Preferred Brand of Pneumatic Nailers | Over-molded Rubber Grip | 360 Degree Swivel Fitting | Magnetic Nose | Ideal For Tight Spaces | 5-Year Warranty | NH90AB</p><p> -20% 0FF </p><p>$39.00</p><a href="https://www.amazon.com/dp/B07MSL5X4W?tag=eloabder-20&linkCode=osi&th=1&psc=1">View Product</a></div><div class="product"><a href="https://www.amazon.com/dp/B09XQ9Z1B9?tag=eloabder-20&linkCode=osi&th=1&psc=1"><img src="https://m.media-amazon.com/images/I/61exAD7KuDL._SL500_.jpg" alt="Product Image"></a><p>Air Cut Off Tool with 5Pcs 3-inch Die Grinder Cut-Off Wheels, Pneumatic Metal Sheet Cutting Tool, Heavy Duty Air Cutter Cut off Tool</p><p> -9% 0FF </p><p>$31.99</p><a href="https://www.amazon.com/dp/B09XQ9Z1B9?tag=eloabder-20&linkCode=osi&th=1&psc=1">View Product</a></div><div class="product"><a href="https://www.amazon.com/dp/B0CWV1M883?tag=eloabder-20&linkCode=osi&th=1&psc=1"><img src="https://m.media-amazon.com/images/I/415GvPJJSYL._SL500_.jpg" alt="Product Image"></a><p>Pneumatic Chamfering Tool Handheld, Mini Air-Powered Chamfering Machine Trimming, 45¬∞ Arc Corner with 1/4 Inch Air Inlet for Metal Wood Beveling Deburring (C&R Angle Blades)</p><p> -7% 0FF </p><p>$51.99</p><a href="https://www.amazon.com/dp/B0CWV1M883?tag=eloabder-20&linkCode=osi&th=1&psc=1">View Product</a></div>
<div class="product"><a href="https://www.amazon.com/dp/B0BZNPPBBN?tag=eloabder-20&linkCode=osi&th=1&psc=1"><img src="https://m.media-amazon.com/images/I/51U1TjcJAVL._SL500_.jpg" alt="Product Image"></a><p>6 Pack Hydraulic Seal Installation Tools, Hydraulic Cylinder Piston Repair Rebuild Seal Kit, U-Cup Rod Seal Installation Tool Kits Upgraded Super Strong Seal Twistor Install Tool Set</p><p> -5% 0FF </p><p>$38.99</p><a href="https://www.amazon.com/dp/B0BZNPPBBN?tag=eloabder-20&linkCode=osi&th=1&psc=1">View Product</a></div>
<div class="product"><a href="https://www.amazon.com/dp/B008ASBLJI?tag=eloabder-20&linkCode=osi&th=1&psc=1"><img src="https://m.media-amazon.com/images/I/4191b6i6byL._SL500_.jpg" alt="Product Image"></a><p>Forearm Forklift 2-Person Lifting and Moving Straps; Lift, Move and Carry Furniture, Appliances, Mattresses or Any Item up to 800 lbs. Safely and Easily Like a Pro, Orange</p><p> -33% 0FF </p><p>$19.99</p><a href="https://www.amazon.com/dp/B008ASBLJI?tag=eloabder-20&linkCode=osi&th=1&psc=1">View Product</a></div><div class="product"><a href="https://www.amazon.com/dp/B01G6C1R8O?tag=eloabder-20&linkCode=osi&th=1&psc=1"><img src="https://m.media-amazon.com/images/I/41BBAL4ekvS._SL500_.jpg" alt="Product Image"></a><p>Gymreapers Knee Sleeves (1 Pair) With Gym Bag - IPF Approved - Knee Sleeve & Compression Brace for Squats, Fitness, Weightlifting, and Powerlifting 7MM Sleeve Pair - For Men & Women (Large)</p><p> -14% 0FF </p><p>$59.99</p><a href="https://www.amazon.com/dp/B01G6C1R8O?tag=eloabder-20&linkCode=osi&th=1&psc=1">View Product</a></div><div class="product"><a href="https://www.amazon.com/dp/B0CB8NRQNJ?tag=eloabder-20&linkCode=osi&th=1&psc=1"><img src="https://m.media-amazon.com/images/I/41TGm-OVXtL._SL500_.jpg" alt="Product Image"></a><p>HOLKIE Retractable Casters Heavy Duty Casters with Lifting and Lowering Function Maximum Load of 700 lbs (4 casters) for Workbenches or Other Equipment</p><p> -13% 0FF </p><p>$25.99 ($6.50 / Count)</p><a href="https://www.amazon.com/dp/B0CB8NRQNJ?tag=eloabder-20&linkCode=osi&th=1&psc=1">View Product</a></div>
<div class="product"><a href="https://www.amazon.com/dp/B08669YYV7?tag=eloabder-20&linkCode=osi&th=1&psc=1"><img src="https://m.media-amazon.com/images/I/51UV5G4XfgL._SL500_.jpg" alt="Product Image"></a><p>RoMech 660lb Digital Hanging Scale with Cast Aluminum Case, Handheld 300Kg Mini Crane Scale with Hooks for Farm Hunting Fishing Outdoor (Orange)</p><p> -25% 0FF </p><p>$29.99</p><a href="https://www.amazon.com/dp/B08669YYV7?tag=eloabder-20&linkCode=osi&th=1&psc=1">View Product</a></div><div class="product"><a href="https://www.amazon.com/dp/B0CMHX7Q2X?tag=eloabder-20&linkCode=osi&th=1&psc=1"><img src="https://m.media-amazon.com/images/I/31NOuexL2YL._SL500_.jpg" alt="Product Image"></a><p>VEVOR Crane Scale, Hanging Scale Industrial Heavy Duty, Digital Crane Scale with Remote Control, Cast Aluminum Case & LED Screen, 2200 lbs/1000 kg,High Precision for Construction, Factory, Farm</p><p> -10% 0FF </p><p>$66.59</p><a href="https://www.amazon.com/dp/B0CMHX7Q2X?tag=eloabder-20&linkCode=osi&th=1&psc=1">View Product</a></div>
<div class="product"><a href="https://www.amazon.com/dp/B0CQCDVKJ1?tag=eloabder-20&linkCode=osi&th=1&psc=1"><img src="https://m.media-amazon.com/images/I/41GQHYTm0VL._SL500_.jpg" alt="Product Image"></a><p>VEVOR 2-in-1 Electric Hoist Winch, 1100 lbs Lift Capacity, 1500W Portable Power Winch Crane, 22.9 ft Lifting Height, 13 ft/min with Wired Remote Control, for Garage, Warehouse, Factory Lifting Towing</p><p> -17% 0FF </p><p>$107.99</p><a href="https://www.amazon.com/dp/B0CQCDVKJ1?tag=eloabder-20&linkCode=osi&th=1&psc=1">View Product</a></div><div class="product"><a href="https://www.amazon.com/dp/B0CT2LSGSD?tag=eloabder-20&linkCode=osi&th=1&psc=1"><img src="https://m.media-amazon.com/images/I/41-pWD30jmL._SL500_.jpg" alt="Product Image"></a><p>3 in 1 Electric Hoist Winch,2200LBS Wired and Wireless Remote Control,110/120V-Portable Power Electric Hoist,41ft Lifting Garage Lift Hoist& Pure Copper Motor,forGarage,Factories,Warehouses,Verandahs</p><p> -6% 0FF </p><p>$146.56</p><a href="https://www.amazon.com/dp/B0CT2LSGSD?tag=eloabder-20&linkCode=osi&th=1&psc=1">View Product</a></div><div class="product"><a href="https://www.amazon.com/dp/B09TW27PBZ?tag=eloabder-20&linkCode=osi&th=1&psc=1"><img src="https://m.media-amazon.com/images/I/411FSmkLWEL._SL500_.jpg" alt="Product Image"></a><p>VEVOR Electric Hoist, 440LBS Attic Hoist, Ladder Hoist, 110V Electric Hoist with 14ft Remote Control & Single/Double Slings for Lifting in Factories, Warehouses, Construction Site, Attic</p><p> -15% 0FF </p><p>$82.44</p><a href="https://www.amazon.com/dp/B09TW27PBZ?tag=eloabder-20&linkCode=osi&th=1&psc=1">View Product</a></div><div class="product"><a href="https://www.amazon.com/dp/B0C4DSHF17?tag=eloabder-20&linkCode=osi&th=1&psc=1"><img src="https://m.media-amazon.com/images/I/51EnChC+cEL._SL500_.jpg" alt="Product Image"></a><p>VEVOR 1320lbs Electric Hoist with Wireless Remote Control,110v Electric Hoist with Remote Control, 40ft/20ft Lifting Height & Pure Copper Motor, for Garage Warehouse Factory</p><p> -12% 0FF </p><p>$112.49</p><a href="https://www.amazon.com/dp/B0C4DSHF17?tag=eloabder-20&linkCode=osi&th=1&psc=1">View Product</a></div>
<div class="product"><a href="https://www.amazon.com/dp/B08GQ9VXKK?tag=eloabder-20&linkCode=osi&th=1&psc=1"><img src="https://m.media-amazon.com/images/I/51D47aU7KVL._SL500_.jpg" alt="Product Image"></a><p>Sidasu Forklift Safety Cage 36x36 Inches Forklift Work Platform 1200LBS Capacity with 4 Wheels Aerial Platform Collapsible Lift Basket Aerial Rails for Lifting Loader</p><p> -11% 0FF </p><p>$159.99</p><a href="https://www.amazon.com/dp/B08GQ9VXKK?tag=eloabder-20&linkCode=osi&th=1&psc=1">View Product</a></div><div class="product"><a href="https://www.amazon.com/dp/B0CRYQTYPQ?tag=eloabder-20&linkCode=osi&th=1&psc=1"><img src="https://m.media-amazon.com/images/I/51wrhc6U5NL._SL500_.jpg" alt="Product Image"></a><p>Santiano Forklift Cover,All-Weather Use, Multi-Functional, No Disassembly, Waterproof, Dustproof, Wind & Snow Protection,600D Oxford&EVA Eco-Friendly Material - Work Year-Round!Up to 6000 Lbs</p><p> -10% 0FF </p><p>$89.99</p><a href="https://www.amazon.com/dp/B0CRYQTYPQ?tag=eloabder-20&linkCode=osi&th=1&psc=1">View Product</a></div>
<div class="product"><a href="https://www.amazon.com/dp/B0D3LGSK5H?tag=eloabder-20&linkCode=osi&th=1&psc=1"><img src="https://m.media-amazon.com/images/I/41Stu0GX-WL._SL500_.jpg" alt="Product Image"></a><p>VEVOR Belt Conveyor, 47 x 7.8 inch Conveyor Table, Heavy Duty Stainless Steel Motorized Belt Conveyor for Inkjet Coding Applications Powered PVC Belt Anti-Static Adjustable Speed (Double Guardrail)</p><p> -30% 0FF </p><p>$168.99</p><a href="https://www.amazon.com/dp/B0D3LGSK5H?tag=eloabder-20&linkCode=osi&th=1&psc=1">View Product</a></div><div class="product"><a href="https://www.amazon.com/dp/B0D7Q3GX1Q?tag=eloabder-20&linkCode=osi&th=1&psc=1"><img src="https://m.media-amazon.com/images/I/41FysGv+h2L._SL500_.jpg" alt="Product Image"></a><p>biosp Adjustable Conveyor Roller Stand with Wheels, Conveyor System Table Height Adjusts between 23'' and 36'', Infeed/Outfeed Support Expandable Gravity Conveyor Belt 300 lbs Load Weight Capacity</p><p> -27% 0FF </p><p>$134.99</p><a href="https://www.amazon.com/dp/B0D7Q3GX1Q?tag=eloabder-20&linkCode=osi&th=1&psc=1">View Product</a></div>
<div class="product"><a href="https://www.amazon.com/dp/B085X1KRSY?tag=eloabder-20&linkCode=osi&th=1&psc=1"><img src="https://m.media-amazon.com/images/I/31zzyc8v40L._SL500_.jpg" alt="Product Image"></a><p>Rhino Cart All Terrain Mover - All Terrain Moving Dolly for Heavy Appliance, Furniture, and Building Material Handling with 2,000lb Load Rating</p><p> -11% 0FF </p><p>$141.86</p><a href="https://www.amazon.com/dp/B085X1KRSY?tag=eloabder-20&linkCode=osi&th=1&psc=1">View Product</a></div><div class="product"><a href="https://www.amazon.com/dp/B097K7JG56?tag=eloabder-20&linkCode=osi&th=1&psc=1"><img src="https://m.media-amazon.com/images/I/51L7oLmBU6L._SL500_.jpg" alt="Product Image"></a><p>XClifes Labor-Saving Handle 2 Pack, 12 in Construction Jack, Wall Tile Locator, Multi-Function Height Adjustment Lifting Device, Door Panel Lifting Cabinet Jack, Raised by 6.69 in,Dynamic Load 450 LB</p><p> -70% 0FF </p><p>$41.99</p><a href="https://www.amazon.com/dp/B097K7JG56?tag=eloabder-20&linkCode=osi&th=1&psc=1">View Product</a></div>
<div class="product"><a href="https://www.amazon.com/dp/B0C73SXNLS?tag=eloabder-20&linkCode=osi&th=1&psc=1"><img src="https://m.media-amazon.com/images/I/51wYIKHX3sL._SL500_.jpg" alt="Product Image"></a><p>Space Saving Hangers, 10PCS Magic Hangers, 5 Holes Sturdy Plastic Hanger Clothes Organizer, Closet Organizers and Storage, Space Saver Hangers Organization, College Dorm Room Essentials (Gray)</p><p> -60% 0FF </p><p>$7.97</p><a href="https://www.amazon.com/dp/B0C73SXNLS?tag=eloabder-20&linkCode=osi&th=1&psc=1">View Product</a></div><div class="product"><a href="https://www.amazon.com/dp/B0BS3JQFBN?tag=eloabder-20&linkCode=osi&th=1&psc=1"><img src="https://m.media-amazon.com/images/I/51B12NhX-VL._SL500_.jpg" alt="Product Image"></a><p>HUITEM Space Saving 6 Tier Pant Hangers, Anti-Slip, Stainless Steel, 2 Pack, Black</p><p> -37% 0FF </p><p>$16.99 ($8.50 / Count)</p><a href="https://www.amazon.com/dp/B0BS3JQFBN?tag=eloabder-20&linkCode=osi&th=1&psc=1">View Product</a></div><div class="product"><a href="https://www.amazon.com/dp/B091KFT7WN?tag=eloabder-20&linkCode=osi&th=1&psc=1"><img src="https://m.media-amazon.com/images/I/415blLO8QrS._SL500_.jpg" alt="Product Image"></a><p>Magic Pants Hangers Space Saving - 2 Pack for Closet Multiple Layers Multifunctional Uses Rack Organizer for Trousers Scarves Slack (2 Pack with 10 Metal Clips)</p><p> -32% 0FF </p><p>$17.59 ($8.80 / Count)</p><a href="https://www.amazon.com/dp/B091KFT7WN?tag=eloabder-20&linkCode=osi&th=1&psc=1">View Product</a></div><div class="product"><a href="https://www.amazon.com/dp/B0CX56DY6R?tag=eloabder-20&linkCode=osi&th=1&psc=1"><img src="https://m.media-amazon.com/images/I/41lm5CT5cBL._SL500_.jpg" alt="Product Image"></a><p>ZEDODIER Tank Top Hanger, Rotatable Bra Organzier for Closet, Max 24 Storage Capacity Sport Bra Holder, Metal Space Saving Closet Organizers and Storage, Silver</p><p> -20% 0FF </p><p>$7.99</p><a href="https://www.amazon.com/dp/B0CX56DY6R?tag=eloabder-20&linkCode=osi&th=1&psc=1">View Product</a></div><div class="product"><a href="https://www.amazon.com/dp/B0CPPHDVDJ?tag=eloabder-20&linkCode=osi&th=1&psc=1"><img src="https://m.media-amazon.com/images/I/51sbXFj+BoL._SL500_.jpg" alt="Product Image"></a><p>2 Pack Closet-Organizers-and-Storage,6 Tier Mens-Shorts Pants-Hangers-Space-Saving,Skirt-Hangers with Clips for Closet Organizer,College-Dorm-Room-Essentials,Closet Storage Jean Yoga Legging Hanger</p><p> -8% 0FF </p><p>$11.99</p><a href="https://www.amazon.com/dp/B0CPPHDVDJ?tag=eloabder-20&linkCode=osi&th=1&psc=1">View Product</a></div>
<div class="product"><a href="https://www.amazon.com/dp/B0B7KTX5LC?tag=eloabder-20&linkCode=osi&th=1&psc=1"><img src="https://m.media-amazon.com/images/I/51JTXlpt4rL._SL500_.jpg" alt="Product Image"></a><p>Bezuny 72" H|36" W All-Metal Garage Shelving Unit and Storage-Easy Assembly Shelves 5-Tier Rack|Heavy-Duty Adjustable Shelf|Steel Waterproof Rust-Resistant Shelves for Industrial,Warehouse,Basement</p><p> -30% 0FF </p><p>$69.99</p><a href="https://www.amazon.com/dp/B0B7KTX5LC?tag=eloabder-20&linkCode=osi&th=1&psc=1">View Product</a></div><div class="product"><a href="https://www.amazon.com/dp/B0B5S3PH6P?tag=eloabder-20&linkCode=osi&th=1&psc=1"><img src="https://m.media-amazon.com/images/I/51jO-STn4XL._SL500_.jpg" alt="Product Image"></a><p>REIBII Garage Shelving, 72" Garage Storage Shelves Heavy Duty Shelving Units and Storage Loads 2500LBS, Adjustable 5 Tier Metal Shelving for Garage Shelves, Utility Shelf Rack, 72" H*35.5" W*16" D</p><p> -20% 0FF </p><p>$79.85</p><a href="https://www.amazon.com/dp/B0B5S3PH6P?tag=eloabder-20&linkCode=osi&th=1&psc=1">View Product</a></div><div class="product"><a href="https://www.amazon.com/dp/B0B6BDKTLB?tag=eloabder-20&linkCode=osi&th=1&psc=1"><img src="https://m.media-amazon.com/images/I/51ku-TmYb3L._SL500_.jpg" alt="Product Image"></a><p>REIBII 36" W x 16" D x 72" H Garage Shelving 2500LBS Capacity Adjustable 5-Tier Heavy Duty Metal Shelving Rack Shelf for Garage,Shed, Pantry, Basement,2 Pack</p><p> -40% 0FF </p><p>$117.99</p><a href="https://www.amazon.com/dp/B0B6BDKTLB?tag=eloabder-20&linkCode=osi&th=1&psc=1">View Product</a></div>
<div class="product"><a href="https://www.amazon.com/dp/B0BV5K3K6V?tag=eloabder-20&linkCode=osi&th=1&psc=1"><img src="https://m.media-amazon.com/images/I/41lZ9MOqYgL._SL500_.jpg" alt="Product Image"></a><p>Pro-Lift Garage Storage Shelves - Heavy Duty 4-Tier Adjustable Metal Wire Shelving Units with 8000 lbs Total Capacity for Garage Basement Racking Organization - 72" H X 77" W X 24" D</p><p> -10% 0FF </p><p>$404.99</p><a href="https://www.amazon.com/dp/B0BV5K3K6V?tag=eloabder-20&linkCode=osi&th=1&psc=1">View Product</a></div><div class="product"><a href="https://www.amazon.com/dp/B0BV6P81V5?tag=eloabder-20&linkCode=osi&th=1&psc=1"><img src="https://m.media-amazon.com/images/I/41cJ52D8IXL._SL500_.jpg" alt="Product Image"></a><p>Pro-LifT Garage Storage Shelves - Heavy Duty 3-Tier Adjustable Metal Wire Shelving Units with 3000 lbs Total Capacity for Garage Basement Racking Organization - 48" H X 48" W X 24" D</p><p> -10% 0FF </p><p>$269.99</p><a href="https://www.amazon.com/dp/B0BV6P81V5?tag=eloabder-20&linkCode=osi&th=1&psc=1">View Product</a></div><div class="product"><a href="https://www.amazon.com/dp/B099RT478T?tag=eloabder-20&linkCode=osi&th=1&psc=1"><img src="https://m.media-amazon.com/images/I/51qH610h91L._SL500_.jpg" alt="Product Image"></a><p>FLEXIMOUNTS Garage Shelving, 3-Tier Heavy Duty Adjustable Shelf, 4650 lbs Weight Capacity Storage Rack, 4 Feet Tall Industrial Metal Shelving</p><p> -20% 0FF </p><p>$159.99</p><a href="https://www.amazon.com/dp/B099RT478T?tag=eloabder-20&linkCode=osi&th=1&psc=1">View Product</a></div><div class="product"><a href="https://www.amazon.com/dp/B0BVB3KSF8?tag=eloabder-20&linkCode=osi&th=1&psc=1"><img src="https://m.media-amazon.com/images/I/41OiNKSrE9L._SL500_.jpg" alt="Product Image"></a><p>Pro-LifT Garage Storage Shelves - Heavy Duty 5-Tier Adjustable Metal Wire Shelving Units with 4000 lbs Total Capacity for Garage Basement Racking Organization - 72" H X 48" W X 18" D</p><p> -21% 0FF </p><p>$172.90</p><a href="https://www.amazon.com/dp/B0BVB3KSF8?tag=eloabder-20&linkCode=osi&th=1&psc=1">View Product</a></div><div class="product"><a href="https://www.amazon.com/dp/B00EZEN2KW?tag=eloabder-20&linkCode=osi&th=1&psc=1"><img src="https://m.media-amazon.com/images/I/41NZ6KW-NBL._SL500_.jpg" alt="Product Image"></a><p>BestOffice 18x48x72 Storage Shelves Commercial Heavy Duty Metal Shelves Garage Organizer Wire Rack Shelving Storage Unit Shelf Adjustable Utility 6000 LBS Capacity,Chrome</p><p> -32% 0FF </p><p>$88.99</p><a href="https://www.amazon.com/dp/B00EZEN2KW?tag=eloabder-20&linkCode=osi&th=1&psc=1">View Product</a></div>
<div class="product"><a href="https://www.amazon.com/dp/B0052PPNQO?tag=eloabder-20&linkCode=osi&th=1&psc=1"><img src="https://m.media-amazon.com/images/I/41wsX9EmOEL._SL500_.jpg" alt="Product Image"></a><p>Vestil PLP2-4840-GREEN Polyethylene Pallet with 4 Way Entry 8000 lbs Capacity 40 In Length 48 In Width 6 In Height</p><p> -11% 0FF </p><p>$178.00</p><a href="https://www.amazon.com/dp/B0052PPNQO?tag=eloabder-20&linkCode=osi&th=1&psc=1">View Product</a></div>
<div class="product"><a href="https://www.amazon.com/dp/B0D3HYC8H1?tag=eloabder-20&linkCode=osi&th=1&psc=1"><img src="https://m.media-amazon.com/images/I/51g1Q8n8fvL._SL500_.jpg" alt="Product Image"></a><p>Dealusy 50 Pack (100-Piece) 24 oz Meal Prep Containers Reusable with Lids, Sturdy Leakproof & Food Safe, Microwave, Freezer, Dishwasher Safe Food Prep Containers, To Go Take Out Plastic Food Storage</p><p> -38% 0FF </p><p>$19.99 ($0.40 / Count)</p><a href="https://www.amazon.com/dp/B0D3HYC8H1?tag=eloabder-20&linkCode=osi&th=1&psc=1">View Product</a></div><div class="product"><a href="https://www.amazon.com/dp/B0BJ8DLPZ2?tag=eloabder-20&linkCode=osi&th=1&psc=1"><img src="https://m.media-amazon.com/images/I/51uDVTFjr8L._SL500_.jpg" alt="Product Image"></a><p>Axe Sickle 200 Count Clear Plastic Hinged Take Out Containers Clamshell Takeout Tray Food Clamshell Containers Outside Diameter 5.3 x 4.7 inch for Dessert, Snacksetc, Cakes, Cookies, Salads</p><p> -8% 0FF </p><p>$23.99 ($0.12 / Count)</p><a href="https://www.amazon.com/dp/B0BJ8DLPZ2?tag=eloabder-20&linkCode=osi&th=1&psc=1">View Product</a></div>
<div class="product"><a href="https://www.amazon.com/dp/B01A12J3GI?tag=eloabder-20&linkCode=osi&th=1&psc=1"><img src="https://m.media-amazon.com/images/I/51OnLlU2IyL._SL500_.jpg" alt="Product Image"></a><p>DEWALT DPG82-11 Concealer Clear Anti-Fog Dual Mold Safety Goggle, Clear Lens, 1 Pair</p><p> -6% 0FF </p><p>$12.24</p><a href="https://www.amazon.com/dp/B01A12J3GI?tag=eloabder-20&linkCode=osi&th=1&psc=1">View Product</a></div><div class="product"><a href="https://www.amazon.com/dp/B0BGSFQJF6?tag=eloabder-20&linkCode=osi&th=1&psc=1"><img src="https://m.media-amazon.com/images/I/510nceKxovL._SL500_.jpg" alt="Product Image"></a><p>TICONN 12 Clear Safety Glasses for Men, Safety Goggles with Scratch Impact Resistant Meets ANSI Z87.1 Standard (12 Pack)</p><p> -13% 0FF </p><p>$12.99</p><a href="https://www.amazon.com/dp/B0BGSFQJF6?tag=eloabder-20&linkCode=osi&th=1&psc=1">View Product</a></div>
<div class="product"><a href="https://www.amazon.com/dp/B093FJWP7J?tag=eloabder-20&linkCode=osi&th=1&psc=1"><img src="https://m.media-amazon.com/images/I/51YRhBJ7CiL._SL500_.jpg" alt="Product Image"></a><p>Personal Protective Equipment (PPE) Isolation Door Caddy, Nylon Oxford NFPA-701 Large Scale Flame Retardant Coating 18.5 X 31 Inch, Included 2 Hooks - Royal Blue (with Back Pockets)</p><p> -13% 0FF </p><p>$84.97</p><a href="https://www.amazon.com/dp/B093FJWP7J?tag=eloabder-20&linkCode=osi&th=1&psc=1">View Product</a></div>
<div class="product"><a href="https://www.amazon.com/dp/B01AWK1XAS?tag=eloabder-20&linkCode=osi&th=1&psc=1"><img src="https://m.media-amazon.com/images/I/41Oax+1e+4L._SL500_.jpg" alt="Product Image"></a><p>NoCry Clear Safety Glasses for Men and Women with Anti-Fog and Scratch Resistant Wrap Around Lenses, Adjustable Temples and Nose Pads ‚Äî Certified ANSI Z87 Safety Glasses ‚Äî 100% UV Protective Eyewear</p><p> -18% 0FF </p><p>$13.99</p><a href="https://www.amazon.com/dp/B01AWK1XAS?tag=eloabder-20&linkCode=osi&th=1&psc=1">View Product</a></div><div class="product"><a href="https://www.amazon.com/dp/B0BNHKWR6W?tag=eloabder-20&linkCode=osi&th=1&psc=1"><img src="https://m.media-amazon.com/images/I/41yahLzQNGL._SL500_.jpg" alt="Product Image"></a><p>HPYNPES Safety GlassesClear Anti-Fog Goggles Over-Spec Glasses Protective Eye Wear Industrial Approved Wide-VisionÔºà4 PACKÔºâ</p><p> -50% 0FF </p><p>$9.99</p><a href="https://www.amazon.com/dp/B0BNHKWR6W?tag=eloabder-20&linkCode=osi&th=1&psc=1">View Product</a></div><div class="product"><a href="https://www.amazon.com/dp/B08S35C88L?tag=eloabder-20&linkCode=osi&th=1&psc=1"><img src="https://m.media-amazon.com/images/I/31X6+YNSuzS._SL500_.jpg" alt="Product Image"></a><p>SolidWork Safety Glasses Clear Lens with Side Shields, Anti Fog, Anti Scratch, Anti-Glare, Protective Eyewear for Men & Women</p><p> -15% 0FF </p><p>$16.99</p><a href="https://www.amazon.com/dp/B08S35C88L?tag=eloabder-20&linkCode=osi&th=1&psc=1">View Product</a></div><div class="product"><a href="https://www.amazon.com/dp/B016KZ2APQ?tag=eloabder-20&linkCode=osi&th=1&psc=1"><img src="https://m.media-amazon.com/images/I/311+k1qPWOL._SL500_.jpg" alt="Product Image"></a><p>3M Safety Glasses Solus 1000 Series ANSI Z87 Scotchgard Anti-Fog Clear Lens Low Profile Blue/Black Frame</p><p> -12% 0FF </p><p>$15.86</p><a href="https://www.amazon.com/dp/B016KZ2APQ?tag=eloabder-20&linkCode=osi&th=1&psc=1">View Product</a></div>
<div class="product"><a href="https://www.amazon.com/dp/B001FPCUHA?tag=eloabder-20&linkCode=osi&th=1&psc=1"><img src="https://m.media-amazon.com/images/I/31F0QDXn4KL._SL500_.jpg" alt="Product Image"></a><p>Flents Foam Ear Plugs, 10 Pair with Case for Sleeping, Snoring, Loud Noise, Traveling, Concerts, Construction, & Studying, NRR 33, Purple, Made in the USA,10 Count (Pack of 1)</p><p> -51% 0FF </p><p>$3.46 ($0.35 / Count)</p><a href="https://www.amazon.com/dp/B001FPCUHA?tag=eloabder-20&linkCode=osi&th=1&psc=1">View Product</a></div><div class="product"><a href="https://www.amazon.com/dp/B004CZYJLA?tag=eloabder-20&linkCode=osi&th=1&psc=1"><img src="https://m.media-amazon.com/images/I/31N8m8qA-yL._SL500_.jpg" alt="Product Image"></a><p>Flents Foam Ear Plugs, 10 Pair with Case for Sleeping, Snoring, Loud Noise, Traveling, Concerts, Construction, & Studying, NRR 33, Green, Made in the USA</p><p> -39% 0FF </p><p>$4.26 ($0.43 / Count)</p><a href="https://www.amazon.com/dp/B004CZYJLA?tag=eloabder-20&linkCode=osi&th=1&psc=1">View Product</a></div><div class="product"><a href="https://www.amazon.com/dp/B0DCZBPB4B?tag=eloabder-20&linkCode=osi&th=1&psc=1"><img src="https://m.media-amazon.com/images/I/41YdD7Ib+fL._SL500_.jpg" alt="Product Image"></a><p>Ear plugs for Sleeping 45dB Noise Cancelling Ear plugs for Concert, Work, Travel, Focus & Noise Sensitivity Silicone Hearing Protection Earplugs with 8 Ear Tips Reusable Noise Reduction Ear plug Black</p><p> -33% 0FF </p><p>$19.99</p><a href="https://www.amazon.com/dp/B0DCZBPB4B?tag=eloabder-20&linkCode=osi&th=1&psc=1">View Product</a></div><div class="product"><a href="https://www.amazon.com/dp/B085VNX9RT?tag=eloabder-20&linkCode=osi&th=1&psc=1"><img src="https://m.media-amazon.com/images/I/51-GbKB7ecL._SL500_.jpg" alt="Product Image"></a><p>Ear Plugs for Sleeping,16 Pairs Noise Canceling Soft Reusable Silicone Earplugs Waterproof Noise Reduction Earplugs for Concert,Swimming,Study,Loud Noise,Snoring</p><p> -34% 0FF </p><p>$8.59</p><a href="https://www.amazon.com/dp/B085VNX9RT?tag=eloabder-20&linkCode=osi&th=1&psc=1">View Product</a></div><div class="product"><a href="https://www.amazon.com/dp/B07G1MWHNR?tag=eloabder-20&linkCode=osi&th=1&psc=1"><img src="https://m.media-amazon.com/images/I/51xb3+YIUzL._SL500_.jpg" alt="Product Image"></a><p>Mack's Pillow Soft Silicone Earplugs, 12 Pair ‚Äì The Original Moldable Silicone Putty Ear Plugs for Sleeping, Snoring, Swimming, Travel, Concerts and Studying | Made in USA</p><p> -15% 0FF </p><p>$10.98 ($0.92 / Count)</p><a href="https://www.amazon.com/dp/B07G1MWHNR?tag=eloabder-20&linkCode=osi&th=1&psc=1">View Product</a></div><div class="product"><a href="https://www.amazon.com/dp/B0C852XHM7?tag=eloabder-20&linkCode=osi&th=1&psc=1"><img src="https://m.media-amazon.com/images/I/41cVUZQHT1L._SL500_.jpg" alt="Product Image"></a><p>Lenicany 30Pair Soft Foam EarPlugs, 32dB Disposable Sound Blocking Noise Cancelling Ear Plugs for Sleeping/Concerts Loud Music/Shooting Guns/Work Construction, Hearing Safety Protection (Blue)</p><p> -10% 0FF </p><p>$5.39 ($0.18 / Count)</p><a href="https://www.amazon.com/dp/B0C852XHM7?tag=eloabder-20&linkCode=osi&th=1&psc=1">View Product</a></div>
<div class="product"><a href="https://www.amazon.com/dp/B007JZ1N00?tag=eloabder-20&linkCode=osi&th=1&psc=1"><img src="https://m.media-amazon.com/images/I/41xRp2ZPBML._SL500_.jpg" alt="Product Image"></a><p>3M Half Facepiece Reusable Respirator 6200, NIOSH, Four-Point Harness, Comfortable Fit, Dual Airline Supplied Air Compatible, Bayonet Connections, Painting, Sanding, Cleaning, Medium</p><p> -28% 0FF </p><p>$14.75</p><a href="https://www.amazon.com/dp/B007JZ1N00?tag=eloabder-20&linkCode=osi&th=1&psc=1">View Product</a></div><div class="product"><a href="https://www.amazon.com/dp/B00004Z4EB?tag=eloabder-20&linkCode=osi&th=1&psc=1"><img src="https://m.media-amazon.com/images/I/51AYNvsO9wL._SL500_.jpg" alt="Product Image"></a><p>3M P95/OV Paint Project Reusable Respirator 6211, Medium Size, NIOSH-APPROVED Organic Vapor Cartridge & P95 Rated Filters, Lightweight, Flexible, Thermoplastic Faceseal For Comfort (6211P1-DC)</p><p> -14% 0FF </p><p>$34.20</p><a href="https://www.amazon.com/dp/B00004Z4EB?tag=eloabder-20&linkCode=osi&th=1&psc=1">View Product</a></div><div class="product"><a href="https://www.amazon.com/dp/B00IF7RCU6?tag=eloabder-20&linkCode=osi&th=1&psc=1"><img src="https://m.media-amazon.com/images/I/41AYgABL6KL._SL500_.jpg" alt="Product Image"></a><p>3M Rugged Comfort Quick Latch Half Facepiece Reusable Respirator 6503QL, NIOSH, Cool Flow Exhalation Valve, Bayonet Connection, Silicone Face Seal, for Gases, Vapors, Dust, Maintenance, Construction,L</p><p> -23% 0FF </p><p>$28.11</p><a href="https://www.amazon.com/dp/B00IF7RCU6?tag=eloabder-20&linkCode=osi&th=1&psc=1">View Product</a></div><div class="product"><a href="https://www.amazon.com/dp/B087FCW79Y?tag=eloabder-20&linkCode=osi&th=1&psc=1"><img src="https://m.media-amazon.com/images/I/41C6rOloEmL._SL500_.jpg" alt="Product Image"></a><p>RANKSING Reusable Respirator Gas Mask Half Facepiece Shield 6200 Face Cover with Filters for Dust, Fumes, Asbestos, Chemicals and Other Airborne Particles while Painting, Spraying, Polishing and More</p><p> -40% 0FF </p><p>$17.99</p><a href="https://www.amazon.com/dp/B087FCW79Y?tag=eloabder-20&linkCode=osi&th=1&psc=1">View Product</a></div><div class="product"><a href="https://www.amazon.com/dp/B007JZ1LG6?tag=eloabder-20&linkCode=osi&th=1&psc=1"><img src="https://m.media-amazon.com/images/I/41PsiHhcy1L._SL500_.jpg" alt="Product Image"></a><p>3M Full Facepiece Reusable Respirator 6800, NIOSH, Large Lens, ANSI High Impact Eye Protection, Silicone Face Seal, Four-Point Harness, Comfortable Fit, Painting, Dust, Chemicals, Medium</p><p> -56% 0FF </p><p>$93.00</p><a href="https://www.amazon.com/dp/B007JZ1LG6?tag=eloabder-20&linkCode=osi&th=1&psc=1">View Product</a></div>
<div class="product"><a href="https://www.amazon.com/dp/B08SYM9K52?tag=eloabder-20&linkCode=osi&th=1&psc=1"><img src="https://m.media-amazon.com/images/I/41bReMzs8sL._SL500_.jpg" alt="Product Image"></a><p>Klein Tools 60347 Hard Hat, Vented Full Brim, Class C, Premium KARBN Pattern, Rechargeable Lamp, Padded Sweat-Wicking Sweatband, Top Pad</p><p> -32% 0FF </p><p>$79.99</p><a href="https://www.amazon.com/dp/B08SYM9K52?tag=eloabder-20&linkCode=osi&th=1&psc=1">View Product</a></div><div class="product"><a href="https://www.amazon.com/dp/B07FQTCYTW?tag=eloabder-20&linkCode=osi&th=1&psc=1"><img src="https://m.media-amazon.com/images/I/41xEGl20DeL._SL500_.jpg" alt="Product Image"></a><p>Pyramex HP24110 Full Brim Hard Hat 4 Point Ratchet Suspension - White, 12 Count</p><p> -6% 0FF </p><p>$109.53</p><a href="https://www.amazon.com/dp/B07FQTCYTW?tag=eloabder-20&linkCode=osi&th=1&psc=1">View Product</a></div><div class="product"><a href="https://www.amazon.com/dp/B07L6QMYGG?tag=eloabder-20&linkCode=osi&th=1&psc=1"><img src="https://m.media-amazon.com/images/I/31xNCnPSZXL._SL500_.jpg" alt="Product Image"></a><p>Pyramex Ridgeline Full Brim Hard Hat 4 Point Ratchet Vented Matte Black Graphite Pattern</p><p> -15% 0FF </p><p>$28.00</p><a href="https://www.amazon.com/dp/B07L6QMYGG?tag=eloabder-20&linkCode=osi&th=1&psc=1">View Product</a></div><div class="product"><a href="https://www.amazon.com/dp/B078B9QD55?tag=eloabder-20&linkCode=osi&th=1&psc=1"><img src="https://m.media-amazon.com/images/I/41zmuOz7-DL._SL500_.jpg" alt="Product Image"></a><p>Pyramex Ridgeline Cap Style Hard Hat 4 Point Ratchet Vented Matte Black Graphite Pattern</p><p> -21% 0FF </p><p>$27.00</p><a href="https://www.amazon.com/dp/B078B9QD55?tag=eloabder-20&linkCode=osi&th=1&psc=1">View Product</a></div>
<div class="product"><a href="https://www.amazon.com/dp/B0BW9185XF?tag=eloabder-20&linkCode=osi&th=1&psc=1"><img src="https://m.media-amazon.com/images/I/51lDE-LgnFL._SL500_.jpg" alt="Product Image"></a><p>NEOTRIL Safety Work Gloves MicroFoam Nitrile Coated-3 Pairs, Seamless Knit Nylon Bulk Pack Working Gloves with Grip for Men Women Light Duty Work,Automotive,Warehouse (Gray,L)</p><p> -31% 0FF </p><p>$9.99</p><a href="https://www.amazon.com/dp/B0BW9185XF?tag=eloabder-20&linkCode=osi&th=1&psc=1">View Product</a></div><div class="product"><a href="https://www.amazon.com/dp/B00004XOH8?tag=eloabder-20&linkCode=osi&th=1&psc=1"><img src="https://m.media-amazon.com/images/I/41vrr-XI8HL._SL500_.jpg" alt="Product Image"></a><p>Ironclad General Utility Work Gloves GUG, All-Purpose, Performance Fit, Durable, Machine Washable, (1 Pair), Large - GUG-04-L , Black</p><p> -34% 0FF </p><p>$14.83</p><a href="https://www.amazon.com/dp/B00004XOH8?tag=eloabder-20&linkCode=osi&th=1&psc=1">View Product</a></div><div class="product"><a href="https://www.amazon.com/dp/B0797N2YW1?tag=eloabder-20&linkCode=osi&th=1&psc=1"><img src="https://m.media-amazon.com/images/I/41JMMfokSfL._SL500_.jpg" alt="Product Image"></a><p>HANDLANDY Mens Work Gloves Touch screen, Synthetic Leather Utility Gloves, Flexible Breathable Fit- Padded Knuckles & Palm (Large)</p><p> -19% 0FF </p><p>$12.80 ($12.80 / Count)</p><a href="https://www.amazon.com/dp/B0797N2YW1?tag=eloabder-20&linkCode=osi&th=1&psc=1">View Product</a></div>
<div class="product"><a href="https://www.amazon.com/dp/B01N5L2JG7?tag=eloabder-20&linkCode=osi&th=1&psc=1"><img src="https://m.media-amazon.com/images/I/41TB3tRdI3L._SL500_.jpg" alt="Product Image"></a><p>Skechers Men's Flex Advantage Bendon Work Shoe, Black, 9</p><p> -17% 0FF </p><p>$70.83</p><a href="https://www.amazon.com/dp/B01N5L2JG7?tag=eloabder-20&linkCode=osi&th=1&psc=1">View Product</a></div><div class="product"><a href="https://www.amazon.com/dp/B00QX3UKXA?tag=eloabder-20&linkCode=osi&th=1&psc=1"><img src="https://m.media-amazon.com/images/I/41y-VMqnzVL._SL500_.jpg" alt="Product Image"></a><p>Skechers womens Sure Track Trickel-w health care and food service shoes, Black, 9 X-Wide US</p><p> -38% 0FF </p><p>$58.63</p><a href="https://www.amazon.com/dp/B00QX3UKXA?tag=eloabder-20&linkCode=osi&th=1&psc=1">View Product</a></div><div class="product"><a href="https://www.amazon.com/dp/B08XLM93P7?tag=eloabder-20&linkCode=osi&th=1&psc=1"><img src="https://m.media-amazon.com/images/I/41VlYm6BhQL._SL500_.jpg" alt="Product Image"></a><p>Shoes for Crews Everlight Mens Non Slip Work Shoes - Men's Work & Safety Footwear, Lace-Up Breathable Work Shoes for Men, Zapato de Trabajo para Hombre, Size 11.5 Black</p><p> -14% 0FF </p><p>$59.98</p><a href="https://www.amazon.com/dp/B08XLM93P7?tag=eloabder-20&linkCode=osi&th=1&psc=1">View Product</a></div><div class="product"><a href="https://www.amazon.com/dp/B01KXSD3Q6?tag=eloabder-20&linkCode=osi&th=1&psc=1"><img src="https://m.media-amazon.com/images/I/41KIVA8d16L._SL500_.jpg" alt="Product Image"></a><p>Skechers Men's Dighton Athletic Work Food Service Shoe, Black, 10.5</p><p> -19% 0FF </p><p>$40.35</p><a href="https://www.amazon.com/dp/B01KXSD3Q6?tag=eloabder-20&linkCode=osi&th=1&psc=1">View Product</a></div><div class="product"><a href="https://www.amazon.com/dp/B0CRB5HDWQ?tag=eloabder-20&linkCode=osi&th=1&psc=1"><img src="https://m.media-amazon.com/images/I/410N9FwQahL._SL500_.jpg" alt="Product Image"></a><p>Non Slip Waterproof Shoes for Men Work Slip Resistant Oil Slip On Loafers Chef Kitchen Restaurant Food Service Zapatos de Trabajo para Hombres antideslizante para cocina Black</p><p> -20% 0FF </p><p>$39.89</p><a href="https://www.amazon.com/dp/B0CRB5HDWQ?tag=eloabder-20&linkCode=osi&th=1&psc=1">View Product</a></div><div class="product"><a href="https://www.amazon.com/dp/B0777Z16G2?tag=eloabder-20&linkCode=osi&th=1&psc=1"><img src="https://m.media-amazon.com/images/I/41ZjAWKjD1L._SL500_.jpg" alt="Product Image"></a><p>Skechers Men's Nampa Food Service Shoe, Black, 14 Wide</p><p> -28% 0FF </p><p>$40.34</p><a href="https://www.amazon.com/dp/B0777Z16G2?tag=eloabder-20&linkCode=osi&th=1&psc=1">View Product</a></div>
<div class="product"><a href="https://www.amazon.com/dp/B0032U3JXA?tag=eloabder-20&linkCode=osi&th=1&psc=1"><img src="https://m.media-amazon.com/images/I/51fQWw+gCYL._SL500_.jpg" alt="Product Image"></a><p>Guardian Fall Protection 00815 BOS-T50 Bucket of Safe-Tie - 5 Gallon Bucket, 50 ft. Vertical Lifeline Assembly, 5 Temper Reusable Anchor, Safety Harness Kit, Yellow</p><p> -20% 0FF </p><p>$87.92</p><a href="https://www.amazon.com/dp/B0032U3JXA?tag=eloabder-20&linkCode=osi&th=1&psc=1">View Product</a></div><div class="product"><a href="https://www.amazon.com/dp/B004A7XV50?tag=eloabder-20&linkCode=osi&th=1&psc=1"><img src="https://m.media-amazon.com/images/I/41Cmyb7QFkL._SL500_.jpg" alt="Product Image"></a><p>Guardian Fall Protection 10785 Premium 3-Foot Cross-Arm Straps with Large and Small D-Rings</p><p> -21% 0FF </p><p>$26.13</p><a href="https://www.amazon.com/dp/B004A7XV50?tag=eloabder-20&linkCode=osi&th=1&psc=1">View Product</a></div>
<div class="product"><a href="https://www.amazon.com/dp/B00HSJCS06?tag=eloabder-20&linkCode=osi&th=1&psc=1"><img src="https://m.media-amazon.com/images/I/51FCdQhuNVL._SL500_.jpg" alt="Product Image"></a><p>Accuform Lockout Tags, Pack of 25, Bilingual Danger Do Not Operation Equipment Lock Out, US Made OSHA Compliant Tags, Tear & Water Resistant PF-Cardstock, 5.75"x 3.25", TSP105CTP</p><p> -11% 0FF </p><p>$17.86 ($0.71 / Count)</p><a href="https://www.amazon.com/dp/B00HSJCS06?tag=eloabder-20&linkCode=osi&th=1&psc=1">View Product</a></div>
<div class="product"><a href="https://www.amazon.com/dp/B0C5M773VW?tag=eloabder-20&linkCode=osi&th=1&psc=1"><img src="https://m.media-amazon.com/images/I/51uxbEonuhL._SL500_.jpg" alt="Product Image"></a><p>SecuCaptain Emergency Fire Blanket for Home and Kitchen - 2 Pack 40"x40" Flame Suppression Fiberglass Fire Blankets for House Camping Car Office Warehouse Emergency Survival Safety</p><p> -43% 0FF </p><p>$16.99</p><a href="https://www.amazon.com/dp/B0C5M773VW?tag=eloabder-20&linkCode=osi&th=1&psc=1">View Product</a></div><div class="product"><a href="https://www.amazon.com/dp/B001229JCU?tag=eloabder-20&linkCode=osi&th=1&psc=1"><img src="https://m.media-amazon.com/images/I/31W6FuKPMcL._SL500_.jpg" alt="Product Image"></a><p>First Alert EZ Fire Spray, Extinguishing Aerosol Spray, AF400 Red 18 Ounce (Pack of 1)</p><p> -55% 0FF </p><p>$12.49</p><a href="https://www.amazon.com/dp/B001229JCU?tag=eloabder-20&linkCode=osi&th=1&psc=1">View Product</a></div><div class="product"><a href="https://www.amazon.com/dp/B00002ND64?tag=eloabder-20&linkCode=osi&th=1&psc=1"><img src="https://m.media-amazon.com/images/I/41r+PeZkpJL._SL500_.jpg" alt="Product Image"></a><p>Kidde FA110 Multi Purpose Fire Extinguisher 1A10BC, 1 Pack, red</p><p> -31% 0FF </p><p>$25.49</p><a href="https://www.amazon.com/dp/B00002ND64?tag=eloabder-20&linkCode=osi&th=1&psc=1">View Product</a></div><div class="product"><a href="https://www.amazon.com/dp/B07CQJCD6G?tag=eloabder-20&linkCode=osi&th=1&psc=1"><img src="https://m.media-amazon.com/images/I/31EmoFZ3KTL._SL500_.jpg" alt="Product Image"></a><p>Sellstrom Odyssey II Wildland Fire Safety Goggles - Anti-Fog, Anti-Scratch Eye Protection Goggles for Men & Women - FR Strap, fits over Glasses, ANSI Z87.1</p><p> -28% 0FF </p><p>$16.78</p><a href="https://www.amazon.com/dp/B07CQJCD6G?tag=eloabder-20&linkCode=osi&th=1&psc=1">View Product</a></div><div class="product"><a href="https://www.amazon.com/dp/B00005OU7B?tag=eloabder-20&linkCode=osi&th=1&psc=1"><img src="https://m.media-amazon.com/images/I/51O8BtvNfSL._SL500_.jpg" alt="Product Image"></a><p>Kidde Fire Escape Ladder, 2-Story Rope Ladder, Extends to 13-Feet, Anti-Slip Rungs</p><p> -36% 0FF </p><p>$40.99</p><a href="https://www.amazon.com/dp/B00005OU7B?tag=eloabder-20&linkCode=osi&th=1&psc=1">View Product</a></div><div class="product"><a href="https://www.amazon.com/dp/B08Z61XL6V?tag=eloabder-20&linkCode=osi&th=1&psc=1"><img src="https://m.media-amazon.com/images/I/519EzZgGD6L._SL500_.jpg" alt="Product Image"></a><p>Mart Cobra Emergency Fire Blanket for Home and Kitchen - 2 Pack - Fire Blankets Emergency for Home 40‚Äù x 40‚Äù - Fire Suppression Blanket - Home Safety</p><p> -25% 0FF </p><p>$29.87</p><a href="https://www.amazon.com/dp/B08Z61XL6V?tag=eloabder-20&linkCode=osi&th=1&psc=1">View Product</a></div>
<div class="product"><a href="https://www.amazon.com/dp/B07D6QGQYB?tag=eloabder-20&linkCode=osi&th=1&psc=1"><img src="https://m.media-amazon.com/images/I/41y18ggm8GL._SL500_.jpg" alt="Product Image"></a><p>Kidde Fire Extinguisher for Home, 1-A:10-B:C, Dry Chemical Extinguisher, Red, Mounting Bracket Included, 2 Pack</p><p> -41% 0FF </p><p>$32.98</p><a href="https://www.amazon.com/dp/B07D6QGQYB?tag=eloabder-20&linkCode=osi&th=1&psc=1">View Product</a></div><div class="product"><a href="https://www.amazon.com/dp/B07B9BNN24?tag=eloabder-20&linkCode=osi&th=1&psc=1"><img src="https://m.media-amazon.com/images/I/41SbuH+cdQL._SL500_.jpg" alt="Product Image"></a><p>FIRST ALERT HOME2PRO Rechargeable Compliance Fire Extinguisher, UL RATED 2-A:10-B:C, Red, 1-Pack</p><p> -27% 0FF </p><p>$36.48</p><a href="https://www.amazon.com/dp/B07B9BNN24?tag=eloabder-20&linkCode=osi&th=1&psc=1">View Product</a></div><div class="product"><a href="https://www.amazon.com/dp/B0C63914WK?tag=eloabder-20&linkCode=osi&th=1&psc=1"><img src="https://m.media-amazon.com/images/I/51IS9bq94IL._SL500_.jpg" alt="Product Image"></a><p>Kidde Kitchen Fire Extinguishers for Home & Office Use, 2 Pack: One 1-A:10-B:C and One Specialty Kitchen Extinguisher, Wall Mount & Strap Brackets Included</p><p> -7% 0FF </p><p>$34.99</p><a href="https://www.amazon.com/dp/B0C63914WK?tag=eloabder-20&linkCode=osi&th=1&psc=1">View Product</a></div><div class="product"><a href="https://www.amazon.com/dp/B0CB9GFZ9M?tag=eloabder-20&linkCode=osi&th=1&psc=1"><img src="https://m.media-amazon.com/images/I/41VJGkO+jDL._SL500_.jpg" alt="Product Image"></a><p>Kidde Fire Extinguisher for Home & Office Use, 5-B:C, 3.2 Lbs., USCG Approved with Strap Bracket (Included)</p><p> -23% 0FF </p><p>$23.10</p><a href="https://www.amazon.com/dp/B0CB9GFZ9M?tag=eloabder-20&linkCode=osi&th=1&psc=1">View Product</a></div><div class="product"><a href="https://www.amazon.com/dp/B0030ZZAR0?tag=eloabder-20&linkCode=osi&th=1&psc=1"><img src="https://m.media-amazon.com/images/I/41R9Nqadh4L._SL500_.jpg" alt="Product Image"></a><p>BUCKEYE Fire Extinguisher, 4A:80B:C, 10 lb., 21in.H, Red</p><p> -13% 0FF </p><p>$77.99</p><a href="https://www.amazon.com/dp/B0030ZZAR0?tag=eloabder-20&linkCode=osi&th=1&psc=1">View Product</a></div>
<div class="product"><a href="https://www.amazon.com/dp/B08LL1HRKW?tag=eloabder-20&linkCode=osi&th=1&psc=1"><img src="https://m.media-amazon.com/images/I/41OyhHgXG4S._SL500_.jpg" alt="Product Image"></a><p>X-Sense Smoke Alarm, 10-Year Battery Fire Alarm Smoke Detector with LED Indicator & Silence Button, SD2J0AX</p><p> -10% 0FF </p><p>$16.99</p><a href="https://www.amazon.com/dp/B08LL1HRKW?tag=eloabder-20&linkCode=osi&th=1&psc=1">View Product</a></div><div class="product"><a href="https://www.amazon.com/dp/B086S4XM47?tag=eloabder-20&linkCode=osi&th=1&psc=1"><img src="https://m.media-amazon.com/images/I/41vM6F1FfTL._SL500_.jpg" alt="Product Image"></a><p>Kidde Smoke Detector, Hardwired Smoke Alarm with Battery Backup, Test-Silence Button</p><p> -29% 0FF </p><p>$18.19</p><a href="https://www.amazon.com/dp/B086S4XM47?tag=eloabder-20&linkCode=osi&th=1&psc=1">View Product</a></div><div class="product"><a href="https://www.amazon.com/dp/B09YQZV62R?tag=eloabder-20&linkCode=osi&th=1&psc=1"><img src="https://m.media-amazon.com/images/I/31JFQcHDfWL._SL500_.jpg" alt="Product Image"></a><p>AEGISLINK Smoke Detector 10-Year Battery with Test/Silence Button, Fire Alarm with Photoelectric Sensor, Low Battery Warning, S500 (Independent, 1-Pack)</p><p> -33% 0FF </p><p>$9.99</p><a href="https://www.amazon.com/dp/B09YQZV62R?tag=eloabder-20&linkCode=osi&th=1&psc=1">View Product</a></div><div class="product"><a href="https://www.amazon.com/dp/B0CJC73MBZ?tag=eloabder-20&linkCode=osi&th=1&psc=1"><img src="https://m.media-amazon.com/images/I/51jYYKlO4+L._SL500_.jpg" alt="Product Image"></a><p>2 in 1 CO & Smoke Alarm,Carbon Monoxide Detectors, with Battery, Smoke Detector,85dB in Alarm,for Home and Kitchen,LCD Screen,Easy to Install</p><p> -20% 0FF </p><p>$15.98</p><a href="https://www.amazon.com/dp/B0CJC73MBZ?tag=eloabder-20&linkCode=osi&th=1&psc=1">View Product</a></div>
<div class="product"><a href="https://www.amazon.com/dp/B0B9YTGGJ3?tag=eloabder-20&linkCode=osi&th=1&psc=1"><img src="https://m.media-amazon.com/images/I/41WR-3ndQgL._SL500_.jpg" alt="Product Image"></a><p>Light and small automatic fire extinguisher, environmentally friendly and clean, car fire extinguisher, automatic fire extinguisher, suitable for electric box, ship cabin, car, ABCEF fire extinguisher</p><p> -13% 0FF </p><p>$34.99</p><a href="https://www.amazon.com/dp/B0B9YTGGJ3?tag=eloabder-20&linkCode=osi&th=1&psc=1">View Product</a></div>



<div class="product"><a href="https://www.amazon.com/dp/B01G1Y42H0?tag=eloabder-20&linkCode=osi&th=1&psc=1"><img src="https://m.media-amazon.com/images/I/41ml0ECvMBL._SL500_.jpg" alt="Product Image"></a><p>Command Broom and Mop Grippers Wall Hook, Damage Free Hanging Wall Mount Broom and Mop Holder, No Tools Household Cleaning Organizer for Living Spaces, 2 Hangers and 4 Command Strips</p><p> -20% 0FF </p><p>$13.58 ($6.79 / Count)</p><a href="https://www.amazon.com/dp/B01G1Y42H0?tag=eloabder-20&linkCode=osi&th=1&psc=1">View Product</a></div><div class="product"><a href="https://www.amazon.com/dp/B0D7S3CS9X?tag=eloabder-20&linkCode=osi&th=1&psc=1"><img src="https://m.media-amazon.com/images/I/51XG4DL1apL._SL500_.jpg" alt="Product Image"></a><p>NEOACT 4 Pack Scrapbook Tape,Double Sided Tape Roller Scrapbook Supplies,0.31In x 26 Ft Glue Tape Runner for Scrapbooking Envelopes Crafts Gift Wrapping Journaling School Office Supplies</p><p> -8% 0FF </p><p>$5.99</p><a href="https://www.amazon.com/dp/B0D7S3CS9X?tag=eloabder-20&linkCode=osi&th=1&psc=1">View Product</a></div><div class="product"><a href="https://www.amazon.com/dp/B07FM4PRY8?tag=eloabder-20&linkCode=osi&th=1&psc=1"><img src="https://m.media-amazon.com/images/I/51HHqS5jGIL._SL500_.jpg" alt="Product Image"></a><p>SUNEE 30 Packs Oversized Reusable Dry Erase Pocket Sleeves with 2 Rings, 10 Assorted Colors 10x14 Ticket Holders, Clear Plastic Sheet Protectors, Teacher School Classroom Supplies</p><p> -33% 0FF </p><p>$19.99</p><a href="https://www.amazon.com/dp/B07FM4PRY8?tag=eloabder-20&linkCode=osi&th=1&psc=1">View Product</a></div><div class="product"><a href="https://www.amazon.com/dp/B07GLCYR5S?tag=eloabder-20&linkCode=osi&th=1&psc=1"><img src="https://m.media-amazon.com/images/I/51BtNdNrdfL._SL500_.jpg" alt="Product Image"></a><p>QIO CHUANG Emergency Mylar Thermal Blankets -Space Blanket Survival kit Camping Blanket (4-Pack). Perfect for Outdoors, Hiking, Survival, Bug Out Bag ÔºåMarathons or First Aid 1</p><p> -46% 0FF </p><p>$6.98 ($1.74 / Count)</p><a href="https://www.amazon.com/dp/B07GLCYR5S?tag=eloabder-20&linkCode=osi&th=1&psc=1">View Product</a></div>
<div class="product"><a href="https://www.amazon.com/dp/B01M7VD07W?tag=eloabder-20&linkCode=osi&th=1&psc=1"><img src="https://m.media-amazon.com/images/I/51fA5JtXB9L._SL500_.jpg" alt="Product Image"></a><p>Gorilla 2 Part Epoxy, 5 Minute Set, Incredibly Strong Bonding, .85 Ounce Syringe, Clear, (Pack of 2)</p><p> -27% 0FF </p><p>$10.90 ($6.41 / Fl Oz)</p><a href="https://www.amazon.com/dp/B01M7VD07W?tag=eloabder-20&linkCode=osi&th=1&psc=1">View Product</a></div><div class="product"><a href="https://www.amazon.com/dp/B0B6HK51C3?tag=eloabder-20&linkCode=osi&th=1&psc=1"><img src="https://m.media-amazon.com/images/I/31uXWAEungL._SL500_.jpg" alt="Product Image"></a><p>Rumba Replacement Side Brush Parts for iRobot Roomba 600 700 800 900 Series 675 692 694 677 671 614 980 960 985 981 880 860 850 861 866 870 890 Vacuum Cleaner Accessories Kit,6 Side Brush,Screw Driver</p><p> -9% 0FF </p><p>$9.99</p><a href="https://www.amazon.com/dp/B0B6HK51C3?tag=eloabder-20&linkCode=osi&th=1&psc=1">View Product</a></div><div class="product"><a href="https://www.amazon.com/dp/B0BZMMR5XW?tag=eloabder-20&linkCode=osi&th=1&psc=1"><img src="https://m.media-amazon.com/images/I/41mpThblwIL._SL500_.jpg" alt="Product Image"></a><p>1614244 Foot Window Replacement for Bissell Crosswave Pet Pro Dry/Vac Vacuums Fits Models: 2328, 2305, 2305K, 2303, 2306A, 2306, 23062, 23068, 2551 Series</p><p> -10% 0FF </p><p>$26.83</p><a href="https://www.amazon.com/dp/B0BZMMR5XW?tag=eloabder-20&linkCode=osi&th=1&psc=1">View Product</a></div><div class="product"><a href="https://www.amazon.com/dp/B0CZLK6QMF?tag=eloabder-20&linkCode=osi&th=1&psc=1"><img src="https://m.media-amazon.com/images/I/311BgZOYsCL._SL500_.jpg" alt="Product Image"></a><p>Generic 7413197 Inlet Deflector Part Replacement, Vaccuum Accessory</p><p> -10% 0FF </p><p>$8.99</p><a href="https://www.amazon.com/dp/B0CZLK6QMF?tag=eloabder-20&linkCode=osi&th=1&psc=1">View Product</a></div><div class="product"><a href="https://www.amazon.com/dp/B0D1K3XHSP?tag=eloabder-20&linkCode=osi&th=1&psc=1"><img src="https://m.media-amazon.com/images/I/41UOnU2oiqL._SL500_.jpg" alt="Product Image"></a><p>RUKHOOL Dust Bin Replacement for Dyson V11 V15 SV14 SV15 SV22 Vacuum Cleaner Canister Bin Bucket Container Replacement Parts for Dyson V11 Large Bin Part No. 970050-01 and 965443-01</p><p> -11% 0FF </p><p>$33.99</p><a href="https://www.amazon.com/dp/B0D1K3XHSP?tag=eloabder-20&linkCode=osi&th=1&psc=1">View Product</a></div>

<div class="product"><a href="https://www.amazon.com/dp/B0BHGT88KF?tag=eloabder-20&linkCode=osi&th=1&psc=1"><img src="https://m.media-amazon.com/images/I/51Wy2vWqMnL._SL500_.jpg" alt="Product Image"></a><p>Fit Geno Back Brace Posture Corrector for Women, Shoulder Straightener, Adjustable Full Back Support, Upper and Lower Back Pain Relief - Scoliosis, Hunchback, Hump, Thoracic, Spine Corrector (Small)</p><p> -10% 0FF </p><p>$35.99</p><a href="https://www.amazon.com/dp/B0BHGT88KF?tag=eloabder-20&linkCode=osi&th=1&psc=1">View Product</a></div><div class="product"><a href="https://www.amazon.com/dp/B003N2DXPG?tag=eloabder-20&linkCode=osi&th=1&psc=1"><img src="https://m.media-amazon.com/images/I/41scKHD+h0L._SL500_.jpg" alt="Product Image"></a><p>Plackers Twin-Line Dental Flossers, Cool Mint Flavor, Dual Action Flossing System, Easy Storage, Super Tuffloss, 2X The Clean, 75 Count</p><p> -31% 0FF </p><p>$2.74 ($0.04 / Foot)</p><a href="https://www.amazon.com/dp/B003N2DXPG?tag=eloabder-20&linkCode=osi&th=1&psc=1">View Product</a></div>


<div class="product"><a href="https://www.amazon.com/dp/B0CGR3R8M2?tag=eloabder-20&linkCode=osi&th=1&psc=1"><img src="https://m.media-amazon.com/images/I/31dJH244FqL._SL500_.jpg" alt="Product Image"></a><p>Stainless Steel Lung Remover, Rubber Handle, Comfortable Grip, Efficient, Reliable Tool Head with Great Grip, Chicken Slaughter Equipment That Improves Efficiency, Easy to Clean</p><p> -7% 0FF </p><p>$12.98</p><a href="https://www.amazon.com/dp/B0CGR3R8M2?tag=eloabder-20&linkCode=osi&th=1&psc=1">View Product</a></div><div class="product"><a href="https://www.amazon.com/dp/B000R8ETKW?tag=eloabder-20&linkCode=osi&th=1&psc=1"><img src="https://m.media-amazon.com/images/I/41rNYbbsqpL._SL500_.jpg" alt="Product Image"></a><p>Fluke 789 ProcessMeter, Includes Standard DMM Capabilities, Measure, Source, Simulate 4-20 mA signals, and Built-In 24 V Loop Supply</p><p> -21% 0FF </p><p>$1,048.39</p><a href="https://www.amazon.com/dp/B000R8ETKW?tag=eloabder-20&linkCode=osi&th=1&psc=1">View Product</a></div><div class="product"><a href="https://www.amazon.com/dp/B0CHYSJBGR?tag=eloabder-20&linkCode=osi&th=1&psc=1"><img src="https://m.media-amazon.com/images/I/31MHdOP3u7L._SL500_.jpg" alt="Product Image"></a><p>SUS 304 Stainless Steel Lung Remover, Food Grade Chicken Processing Equipment with Super Strong Working Head and Ergonomic Handle to Remove Poultry Lungs, Essential Kitchen Tool Easy to Clean</p><p> -17% 0FF </p><p>$9.99</p><a href="https://www.amazon.com/dp/B0CHYSJBGR?tag=eloabder-20&linkCode=osi&th=1&psc=1">View Product</a></div><div class="product"><a href="https://www.amazon.com/dp/B0CR37JVN4?tag=eloabder-20&linkCode=osi&th=1&psc=1"><img src="https://m.media-amazon.com/images/I/41DwoJmzWmL._SL500_.jpg" alt="Product Image"></a><p>TIVOLI Professional Butcher Knife Set for Meat Processing, 7Pcs High Carbon Steel Hand Forged BBQ Knife Set, Serbian Chef Knife Set with Ergonomic Handles for Kitchen Outdoor Cooking Father's Day Gift</p><p> -5% 0FF </p><p>$69.99</p><a href="https://www.amazon.com/dp/B0CR37JVN4?tag=eloabder-20&linkCode=osi&th=1&psc=1">View Product</a></div><div class="product"><a href="https://www.amazon.com/dp/B01HPT0XFU?tag=eloabder-20&linkCode=osi&th=1&psc=1"><img src="https://m.media-amazon.com/images/I/51F+BRGdU+L._SL500_.jpg" alt="Product Image"></a><p>NoCry Premium Cut Resistant Gloves Food Grade ‚Äî Level 5 Protection; Ambidextrous; Machine Washable; Superior Comfort and Dexterity; Lightweight Protective Gloves; Complimentary eBook</p><p> -14% 0FF </p><p>$13.79 ($13.79 / Count)</p><a href="https://www.amazon.com/dp/B01HPT0XFU?tag=eloabder-20&linkCode=osi&th=1&psc=1">View Product</a></div><div class="product"><a href="https://www.amazon.com/dp/B071ZPSQ88?tag=eloabder-20&linkCode=osi&th=1&psc=1"><img src="https://m.media-amazon.com/images/I/31FiGEAJ9VL._SL500_.jpg" alt="Product Image"></a><p>Fluke 787B ProcessMeter</p><p> -15% 0FF </p><p>$1,020.84</p><a href="https://www.amazon.com/dp/B071ZPSQ88?tag=eloabder-20&linkCode=osi&th=1&psc=1">View Product</a></div>
<div class="product"><a href="https://www.amazon.com/dp/B0D8YPW46Y?tag=eloabder-20&linkCode=osi&th=1&psc=1"><img src="https://m.media-amazon.com/images/I/51sr1XVXPoL._SL500_.jpg" alt="Product Image"></a><p>Shelly 1 Gen3 | WiFi & Bluetooth Smart Relay Switch with Dry Contacts, 1-Channel 16A | Home Automation | Alexa, SmartThings & Google Home Compatible | No Hub | DIY Remote Control | Garage Door Opener</p><p> -8% 0FF </p><p>$16.99</p><a href="https://www.amazon.com/dp/B0D8YPW46Y?tag=eloabder-20&linkCode=osi&th=1&psc=1">View Product</a></div><div class="product"><a href="https://www.amazon.com/dp/B0D5XSGYB4?tag=eloabder-20&linkCode=osi&th=1&psc=1"><img src="https://m.media-amazon.com/images/I/31pj-zqLcYL._SL500_.jpg" alt="Product Image"></a><p>OUVOPO Zigbee Contact Sensor 2 Pack, Mini Smart Door Sensor, Home Automation, Kid Safety, Burglar Alert, Work with Alexa, SmartThings, Home Assistant, Aeotec, Homey, Hubitat with Build-in Zigbee Hub</p><p> -11% 0FF </p><p>$24.99</p><a href="https://www.amazon.com/dp/B0D5XSGYB4?tag=eloabder-20&linkCode=osi&th=1&psc=1">View Product</a></div><div class="product"><a href="https://www.amazon.com/dp/B0CXN2B9RS?tag=eloabder-20&linkCode=osi&th=1&psc=1"><img src="https://m.media-amazon.com/images/I/51NXNRAdSxL._SL500_.jpg" alt="Product Image"></a><p>Shelly Plus RGBW PM | WiFi & Bluetooth Smart Remote Control for RGBW with Power Metering | Home Automation | No Hub | Compatible with Alexa & Google Home | iOS Android App</p><p> -8% 0FF </p><p>$24.99</p><a href="https://www.amazon.com/dp/B0CXN2B9RS?tag=eloabder-20&linkCode=osi&th=1&psc=1">View Product</a></div><div class="product"><a href="https://www.amazon.com/dp/B006P591RW?tag=eloabder-20&linkCode=osi&th=1&psc=1"><img src="https://m.media-amazon.com/images/I/41EwZRzPrJL._SL500_.jpg" alt="Product Image"></a><p>Progressive Automations Mounting Bracket BRK-14 for Linear actuators PA-14, PA-14P, PA-08</p><p> -16% 0FF </p><p>$11.69</p><a href="https://www.amazon.com/dp/B006P591RW?tag=eloabder-20&linkCode=osi&th=1&psc=1">View Product</a></div>
<div class="product"><a href="https://www.amazon.com/dp/B08CZ4MG5P?tag=eloabder-20&linkCode=osi&th=1&psc=1"><img src="https://m.media-amazon.com/images/I/61lF1Z1BQ1L._SL500_.jpg" alt="Product Image"></a><p>ELEGOO Conqueror Robot Tank Kit with UNO R3 for Arduino Robotics for Kids Ages 8-12 12-16 STEM Science Kits Coding Robots Toys for 8+ Year Old Boys Girls Teens Circuits Engineering Building Project</p><p> -23% 0FF </p><p>$99.98</p><a href="https://www.amazon.com/dp/B08CZ4MG5P?tag=eloabder-20&linkCode=osi&th=1&psc=1">View Product</a></div><div class="product"><a href="https://www.amazon.com/dp/B0CYPVS3FF?tag=eloabder-20&linkCode=osi&th=1&psc=1"><img src="https://m.media-amazon.com/images/I/41tiE6fqJOL._SL500_.jpg" alt="Product Image"></a><p>Lefant M210 Pro Robot Vacuum Cleaner, 2200Pa Suction,120 Mins Runtime, Self-Charging Slim Robotic Vacuums, APP/Voice/Remote Control, Works with Alexa, Ideal for Pet Hair,Low-Pile Carpet, Hard Floor</p><p> -52% 0FF </p><p>$99.99</p><a href="https://www.amazon.com/dp/B0CYPVS3FF?tag=eloabder-20&linkCode=osi&th=1&psc=1">View Product</a></div><div class="product"><a href="https://www.amazon.com/dp/B09NNF5RHN?tag=eloabder-20&linkCode=osi&th=1&psc=1"><img src="https://m.media-amazon.com/images/I/41yl24NcAYL._SL500_.jpg" alt="Product Image"></a><p>roborock Q7 Max+ Robot Vacuum Cleaner, Hands-Free Cleaning for up to 7 Weeks, Robotic Vacuum with APP-Controlled Mopping, 4200Pa Suction, No-Mop&No-Go Zones, 180mins Runtime</p><p> -37% 0FF </p><p>$549.99</p><a href="https://www.amazon.com/dp/B09NNF5RHN?tag=eloabder-20&linkCode=osi&th=1&psc=1">View Product</a></div><div class="product"><a href="https://www.amazon.com/dp/B07GNDY96N?tag=eloabder-20&linkCode=osi&th=1&psc=1"><img src="https://m.media-amazon.com/images/I/41WDVdRkesL._SL500_.jpg" alt="Product Image"></a><p>ELEGOO Penguin Bot Biped Robot Kit Robotics for Kids Adults Coding for Kids 8-12 STEM Kits for Kids Ages 12-14 14-16 Boys Toys Teens Circuits Engineering Kits Compatible with Arduino</p><p> -8% 0FF </p><p>$45.99</p><a href="https://www.amazon.com/dp/B07GNDY96N?tag=eloabder-20&linkCode=osi&th=1&psc=1">View Product</a></div>
<div class="product"><a href="https://www.amazon.com/dp/B0C8GZJRMF?tag=eloabder-20&linkCode=osi&th=1&psc=1"><img src="https://m.media-amazon.com/images/I/6156CbXZ8ZL._SL500_.jpg" alt="Product Image"></a><p>Jevuta Engineer Gifts, Mechanical Engineering Gifts, Gifts For Engineers, Future Engineer Gifts, Aerospace Engineering Gifts, Graduation Gifts For Engineers, Retirement Gift For Engineer Tumbler 20oz</p><p> -12% 0FF </p><p>$21.99</p><a href="https://www.amazon.com/dp/B0C8GZJRMF?tag=eloabder-20&linkCode=osi&th=1&psc=1">View Product</a></div><div class="product"><a href="https://www.amazon.com/dp/B06XXZ19HX?tag=eloabder-20&linkCode=osi&th=1&psc=1"><img src="https://m.media-amazon.com/images/I/41QRwC6XcmL._SL500_.jpg" alt="Product Image"></a><p>Komelon 52425IE; 25' x 1.06" Powerblade II" Engineer Tape Measure; Yellow/Black</p><p> -10% 0FF </p><p>$13.51</p><a href="https://www.amazon.com/dp/B06XXZ19HX?tag=eloabder-20&linkCode=osi&th=1&psc=1">View Product</a></div><div class="product"><a href="https://www.amazon.com/dp/B00002N5LW?tag=eloabder-20&linkCode=osi&th=1&psc=1"><img src="https://m.media-amazon.com/images/I/41S2-EUZhgL._SL500_.jpg" alt="Product Image"></a><p>Crescent Lufkin 5/8" X 6' Red End¬Æ Engineer's Scale Wood Rule - 1066DN , White</p><p> -40% 0FF </p><p>$14.50</p><a href="https://www.amazon.com/dp/B00002N5LW?tag=eloabder-20&linkCode=osi&th=1&psc=1">View Product</a></div><div class="product"><a href="https://www.amazon.com/dp/B002MJMXD4?tag=eloabder-20&linkCode=osi&th=1&psc=1"><img src="https://m.media-amazon.com/images/I/31ZLLX+aOwL._SL500_.jpg" alt="Product Image"></a><p>ENGINEER Engineer Solder Suction Device SS-02</p><p> -25% 0FF </p><p>$19.56</p><a href="https://www.amazon.com/dp/B002MJMXD4?tag=eloabder-20&linkCode=osi&th=1&psc=1">View Product</a></div><div class="product"><a href="https://www.amazon.com/dp/B0BYD7H5PZ?tag=eloabder-20&linkCode=osi&th=1&psc=1"><img src="https://m.media-amazon.com/images/I/513DsoLDRFL._SL500_.jpg" alt="Product Image"></a><p>JERIO Engineer Gifts for Men,Engineer Coffee Tumbler Nutrition Facts - Funny Birthday,Graduation,Fathers Day,Christmas Gift Idea for Mechanical, Electrical, Civil, Science, Computer Programmer</p><p> -50% 0FF </p><p>$10.99</p><a href="https://www.amazon.com/dp/B0BYD7H5PZ?tag=eloabder-20&linkCode=osi&th=1&psc=1">View Product</a></div>
<div class="product"><a href="https://www.amazon.com/dp/B0D8HQJDT5?tag=eloabder-20&linkCode=osi&th=1&psc=1"><img src="https://m.media-amazon.com/images/I/41vCRs7ecqL._SL500_.jpg" alt="Product Image"></a><p>Amzany Bed Vacuum Cleaner - 5-in-1 Cordless Mattress Vacuum Cleaner, Powered by UV-C Light & Ultrasonic Technology, 16Kpa Strong Suction,Low Noise,Suitable for Dust, Pet Hair, Etc - Grey</p><p> -38% 0FF </p><p>$79.99</p><a href="https://www.amazon.com/dp/B0D8HQJDT5?tag=eloabder-20&linkCode=osi&th=1&psc=1">View Product</a></div><div class="product"><a href="https://www.amazon.com/dp/B081RJ8DW1?tag=eloabder-20&linkCode=osi&th=1&psc=1"><img src="https://m.media-amazon.com/images/I/41XdbpXmFvL._SL500_.jpg" alt="Product Image"></a><p>Gskyer Telescope, 70mm Aperture 400mm AZ Mount Astronomical Refracting Telescope for Kids Beginners - Travel Telescope with Carry Bag, Phone Adapter and Wireless Remote.</p><p> -33% 0FF </p><p>$86.99</p><a href="https://www.amazon.com/dp/B081RJ8DW1?tag=eloabder-20&linkCode=osi&th=1&psc=1">View Product</a></div><div class="product"><a href="https://www.amazon.com/dp/B008HOSQQQ?tag=eloabder-20&linkCode=osi&th=1&psc=1"><img src="https://m.media-amazon.com/images/I/31eIm02e4iL._SL500_.jpg" alt="Product Image"></a><p>Refrigeration Technologies RT201B Nylog Gasket/Thread Sealant, 30 ml (1 Pack)</p><p> -55% 0FF </p><p>$8.99</p><a href="https://www.amazon.com/dp/B008HOSQQQ?tag=eloabder-20&linkCode=osi&th=1&psc=1">View Product</a></div><div class="product"><a href="https://www.amazon.com/dp/B00UZ1WWUK?tag=eloabder-20&linkCode=osi&th=1&psc=1"><img src="https://m.media-amazon.com/images/I/318bhhXmhBL._SL500_.jpg" alt="Product Image"></a><p>BW Technologies Corded Electric BWC2-H BW Clip Single Gas H2S Monitor, 10/15 (1 Pack)</p><p> -34% 0FF </p><p>$91.14</p><a href="https://www.amazon.com/dp/B00UZ1WWUK?tag=eloabder-20&linkCode=osi&th=1&psc=1">View Product</a></div><div class="product"><a href="https://www.amazon.com/dp/B007885Y3K?tag=eloabder-20&linkCode=osi&th=1&psc=1"><img src="https://m.media-amazon.com/images/I/41Uh4TbGoGL._SL500_.jpg" alt="Product Image"></a><p>Safety Technology International, Inc. STI-13010FR Universal Stopper¬Æ, Flush Mount and Fire label, Indoor/Outdoor Protective Polycarbonate Cover for Pull Stations or Call Points, Red</p><p> -32% 0FF </p><p>$40.29</p><a href="https://www.amazon.com/dp/B007885Y3K?tag=eloabder-20&linkCode=osi&th=1&psc=1">View Product</a></div><div class="product"><a href="https://www.amazon.com/dp/B000FTADX0?tag=eloabder-20&linkCode=osi&th=1&psc=1"><img src="https://m.media-amazon.com/images/I/31HT3jGR4YL._SL500_.jpg" alt="Product Image"></a><p>Fluke Networks 26000900 Pro3000 Tone Generator and Probe Kit with SmartTone Technology, Blue</p><p> -37% 0FF </p><p>$88.48</p><a href="https://www.amazon.com/dp/B000FTADX0?tag=eloabder-20&linkCode=osi&th=1&psc=1">View Product</a></div>
<div class="product"><a href="https://www.amazon.com/dp/B0CN6F2GBN?tag=eloabder-20&linkCode=osi&th=1&psc=1"><img src="https://m.media-amazon.com/images/I/314BZ1QOH0L._SL500_.jpg" alt="Product Image"></a><p>Listerine Clinical Solutions Gum Health Antiseptic Mouthwash, Antigingivitis & Antiplaque Oral Rinse Helps Prevent Buildup & Immediately Kills Germs for Healthier Gums, ICY Mint, 1 L</p><p> -11% 0FF </p><p>$11.97 ($0.35 / Fl Oz)</p><a href="https://www.amazon.com/dp/B0CN6F2GBN?tag=eloabder-20&linkCode=osi&th=1&psc=1">View Product</a></div><div class="product"><a href="https://www.amazon.com/dp/B00WIMUVU2?tag=eloabder-20&linkCode=osi&th=1&psc=1"><img src="https://m.media-amazon.com/images/I/41ZdoGErSaL._SL500_.jpg" alt="Product Image"></a><p>Carpet Miracle - Carpet Cleaner Shampoo Solution for Machine Use, Deep Stain Remover and Odor Deodorizing Formula, Use On Rug Car Upholstery and Carpets (32FL OZ)</p><p> -23% 0FF </p><p>$19.99 ($0.62 / Fl Oz)</p><a href="https://www.amazon.com/dp/B00WIMUVU2?tag=eloabder-20&linkCode=osi&th=1&psc=1">View Product</a></div><div class="product"><a href="https://www.amazon.com/dp/B002C2O5EQ?tag=eloabder-20&linkCode=osi&th=1&psc=1"><img src="https://m.media-amazon.com/images/I/412RaKelAmL._SL500_.jpg" alt="Product Image"></a><p>Betadine Antiseptic Liquid First Aid Solution, Povidone-iodine 10%, Infection Protection, Kills Germs In Minor Cuts Scrapes And Burns, No Sting Promise, No Alcohol or Hydrogen Peroxide, 8 FL OZ</p><p> -24% 0FF </p><p>$13.29 ($1.66 / Fl Oz)</p><a href="https://www.amazon.com/dp/B002C2O5EQ?tag=eloabder-20&linkCode=osi&th=1&psc=1">View Product</a></div>

<div class="product"><a href="https://www.amazon.com/dp/B005LJ8EXU?tag=eloabder-20&linkCode=osi&th=1&psc=1"><img src="https://m.media-amazon.com/images/I/51y1lIaCqZL._SL500_.jpg" alt="Product Image"></a><p>iSpring RCC7AK, NSF Certified 75 GPD, Alkaline 6-Stage Reverse Osmosis System, pH+ Remineralization RO Water Filter System Under Sink, Superb Taste Drinking Water Filter</p><p> -33% 0FF </p><p>$186.14</p><a href="https://www.amazon.com/dp/B005LJ8EXU?tag=eloabder-20&linkCode=osi&th=1&psc=1">View Product</a></div><div class="product"><a href="https://www.amazon.com/dp/B00I0ZGOZM?tag=eloabder-20&linkCode=osi&th=1&psc=1"><img src="https://m.media-amazon.com/images/I/419oT125q0L._SL500_.jpg" alt="Product Image"></a><p>APEC Water Systems ROES-50 Essence Series Top Tier 5-Stage WQA Certified Ultra Safe Reverse Osmosis Drinking Water Filter System</p><p> -7% 0FF </p><p>$185.00</p><a href="https://www.amazon.com/dp/B00I0ZGOZM?tag=eloabder-20&linkCode=osi&th=1&psc=1">View Product</a></div><div class="product"><a href="https://www.amazon.com/dp/B00J2DGTD8?tag=eloabder-20&linkCode=osi&th=1&psc=1"><img src="https://m.media-amazon.com/images/I/51a5ku-MyBL._SL500_.jpg" alt="Product Image"></a><p>Express Water RO5DX Reverse Osmosis Filtration NSF Certified 5 Stage RO System with Faucet and Tank ‚Äì Under Sink Water Plus 4 Filters ‚Äì 50 GPD, 14 x 17 x 5, White</p><p> -21% 0FF </p><p>$157.48</p><a href="https://www.amazon.com/dp/B00J2DGTD8?tag=eloabder-20&linkCode=osi&th=1&psc=1">View Product</a></div><div class="product"><a href="https://www.amazon.com/dp/B01F9A4UVU?tag=eloabder-20&linkCode=osi&th=1&psc=1"><img src="https://m.media-amazon.com/images/I/41UItWTKFsS._SL500_.jpg" alt="Product Image"></a><p>iSpring WGB21B 2-Stage Whole House Water Filtration System, with 10" x 4.5" Sediment CTO(Chlorine, Taste, and Odor) Filter, 1" Inlet/Outlet</p><p> -30% 0FF </p><p>$127.49</p><a href="https://www.amazon.com/dp/B01F9A4UVU?tag=eloabder-20&linkCode=osi&th=1&psc=1">View Product</a></div><div class="product"><a href="https://www.amazon.com/dp/B07Y42RD9T?tag=eloabder-20&linkCode=osi&th=1&psc=1"><img src="https://m.media-amazon.com/images/I/219MeTcyMBL._SL500_.jpg" alt="Product Image"></a><p>Bard Medical PWF030 Purewick Female External Catheter, Latex, Pack of 30</p><p> -6% 0FF </p><p>$206.00 ($6.87 / Count)</p><a href="https://www.amazon.com/dp/B07Y42RD9T?tag=eloabder-20&linkCode=osi&th=1&psc=1">View Product</a></div><div class="product"><a href="https://www.amazon.com/dp/B00HRHHFPW?tag=eloabder-20&linkCode=osi&th=1&psc=1"><img src="https://m.media-amazon.com/images/I/51ykZ8b1GwL._SL500_.jpg" alt="Product Image"></a><p>APEC Water Systems RO-90 Ultimate Series Top Tier Supreme Certified High Output 90 GPD Ultra Safe Reverse Osmosis Drinking Water Filter System, Chrome Faucet</p><p> -15% 0FF </p><p>$191.55</p><a href="https://www.amazon.com/dp/B00HRHHFPW?tag=eloabder-20&linkCode=osi&th=1&psc=1">View Product</a></div>
<div class="product"><a href="https://www.amazon.com/dp/B00HKAJ018?tag=eloabder-20&linkCode=osi&th=1&psc=1"><img src="https://m.media-amazon.com/images/I/31cVzL2O1zL._SL500_.jpg" alt="Product Image"></a><p>SmartSign 25 x 12 inch ‚ÄúCaution - Maintenance Work In Progress‚Äù Two-Sided Folding Floor Sign, Digitally Printed Polypropylene Plastic, Black and Yellow</p><p> -11% 0FF </p><p>$36.95</p><a href="https://www.amazon.com/dp/B00HKAJ018?tag=eloabder-20&linkCode=osi&th=1&psc=1">View Product</a></div><div class="product"><a href="https://www.amazon.com/dp/B00HSJ4YLW?tag=eloabder-20&linkCode=osi&th=1&psc=1"><img src="https://m.media-amazon.com/images/I/41mCVFnsRpL._SL500_.jpg" alt="Product Image"></a><p>Accuform TAD847 Standard Door Knob Hanger Tag, Legend"Maintenance Employee Inside", 9" Length x 4" Width x 0.015" Thickness, RP-Plastic, Black on Yellow (Pack of 10)</p><p> -24% 0FF </p><p>$27.69 ($2.77 / Count)</p><a href="https://www.amazon.com/dp/B00HSJ4YLW?tag=eloabder-20&linkCode=osi&th=1&psc=1">View Product</a></div><div class="product"><a href="https://www.amazon.com/dp/B00700N1IQ?tag=eloabder-20&linkCode=osi&th=1&psc=1"><img src="https://m.media-amazon.com/images/I/511bcg+-z2L._SL500_.jpg" alt="Product Image"></a><p>NMC RA15RB Security Sign, Legend "RESTRICTED AREA - MAINTENANCE PERSONNEL ONLY", 14" Length x 10" Height, Rigid Plastic, Black/Red on White</p><p> -11% 0FF </p><p>$13.31</p><a href="https://www.amazon.com/dp/B00700N1IQ?tag=eloabder-20&linkCode=osi&th=1&psc=1">View Product</a></div>
<div class="product"><a href="https://www.amazon.com/dp/B0BKKTFWJK?tag=eloabder-20&linkCode=osi&th=1&psc=1"><img src="https://m.media-amazon.com/images/I/41cvC72AHeL._SL500_.jpg" alt="Product Image"></a><p>AceMining Upgraded Door Security Bar & Sliding Patio Bar, Heavy Duty Stoppers Adjustable Jammer for Home, Apartment, Travel (1 Pack,White)</p><p> -17% 0FF </p><p>$23.99</p><a href="https://www.amazon.com/dp/B0BKKTFWJK?tag=eloabder-20&linkCode=osi&th=1&psc=1">View Product</a></div><div class="product"><a href="https://www.amazon.com/dp/B01LDPHXD2?tag=eloabder-20&linkCode=osi&th=1&psc=1"><img src="https://m.media-amazon.com/images/I/41pcC4hFanL._SL500_.jpg" alt="Product Image"></a><p>Ergodyne Unisex Adult Hi Vis Safety GloWear 8377 Type R Class 3 Lime Quilted Bomber Jacket, Large, Lime, Large US</p><p> -34% 0FF </p><p>$34.99</p><a href="https://www.amazon.com/dp/B01LDPHXD2?tag=eloabder-20&linkCode=osi&th=1&psc=1">View Product</a></div><div class="product"><a href="https://www.amazon.com/dp/B0B7KTV8Q8?tag=eloabder-20&linkCode=osi&th=1&psc=1"><img src="https://m.media-amazon.com/images/I/417c5VIfBtL._SL500_.jpg" alt="Product Image"></a><p>RoadHero 18 Inch 4 Pack Collapsible Traffic Safety Cones, Multi Purpose Pop-up Cones with Reflective Collar for Road Safety, Orange Cones for Driving Training, Parking Lots</p><p> -18% 0FF </p><p>$23.65</p><a href="https://www.amazon.com/dp/B0B7KTV8Q8?tag=eloabder-20&linkCode=osi&th=1&psc=1">View Product</a></div>
<div class="product"><a href="https://www.amazon.com/dp/B000GISU1M?tag=eloabder-20&linkCode=osi&th=1&psc=1"><img src="https://m.media-amazon.com/images/I/41YAvhdmLIL._SL500_.jpg" alt="Product Image"></a><p>Optimum Nutrition Gold Standard 100% Whey Protein Powder, Vanilla Ice Creme, 5 Pound (Packaging May Vary)</p><p> -5% 0FF </p><p>$82.06 ($1.03 / Ounce)</p><a href="https://www.amazon.com/dp/B000GISU1M?tag=eloabder-20&linkCode=osi&th=1&psc=1">View Product</a></div><div class="product"><a href="https://www.amazon.com/dp/B084JHKFCW?tag=eloabder-20&linkCode=osi&th=1&psc=1"><img src="https://m.media-amazon.com/images/I/31wQjwQJR2L._SL500_.jpg" alt="Product Image"></a><p>American Standard 5503A00B.020 Slow Elongated Closed Front Toilet Seat, White</p><p> -42% 0FF </p><p>$32.96</p><a href="https://www.amazon.com/dp/B084JHKFCW?tag=eloabder-20&linkCode=osi&th=1&psc=1">View Product</a></div><div class="product"><a href="https://www.amazon.com/dp/B0CYZJM8PZ?tag=eloabder-20&linkCode=osi&th=1&psc=1"><img src="https://m.media-amazon.com/images/I/41d-M4+HpuL._SL500_.jpg" alt="Product Image"></a><p>DEGNJU LED Light Bulbs Daylight 5000K, 60 Watt Equivalent LED Bulbs, A19 Standard Bulbs, 800 LM, 15000 Hours, E26 Base, Non-Dimmable, 8.5W LED Bulbs for Bedroom Living Room 12 Pack</p><p> -27% 0FF </p><p>$17.99 ($1.50 / Count)</p><a href="https://www.amazon.com/dp/B0CYZJM8PZ?tag=eloabder-20&linkCode=osi&th=1&psc=1">View Product</a></div><div class="product"><a href="https://www.amazon.com/dp/B0CHYK75D4?tag=eloabder-20&linkCode=osi&th=1&psc=1"><img src="https://m.media-amazon.com/images/I/51DjecU3ILL._SL500_.jpg" alt="Product Image"></a><p>30-Piece Ultimate All-Purpose Combination Wrench Set in Roll-up Pouch | SAE 1/4‚Äù to 1‚Äù, Metric 6mm to 24mm | Best Value Complete Wrench Set for General Household, Garage, Truck, Car, Travel Emergency</p><p> -18% 0FF </p><p>$32.99</p><a href="https://www.amazon.com/dp/B0CHYK75D4?tag=eloabder-20&linkCode=osi&th=1&psc=1">View Product</a></div><div class="product"><a href="https://www.amazon.com/dp/B0D3XK7Z4J?tag=eloabder-20&linkCode=osi&th=1&psc=1"><img src="https://m.media-amazon.com/images/I/41wMwgcLSxL._SL500_.jpg" alt="Product Image"></a><p>Miucoguier Thread Checker - 28 Nut & Bolt Thread Checker, Bolt Size and Thread Gauge 14 Standard and 14 Metric Sizes, Bolt and Nut Identifier Gauge for Easy Verifying Sizing</p><p> -21% 0FF </p><p>$22.99</p><a href="https://www.amazon.com/dp/B0D3XK7Z4J?tag=eloabder-20&linkCode=osi&th=1&psc=1">View Product</a></div><div class="product"><a href="https://www.amazon.com/dp/B0CL1WBXG6?tag=eloabder-20&linkCode=osi&th=1&psc=1"><img src="https://m.media-amazon.com/images/I/51lHAQ830tL._SL500_.jpg" alt="Product Image"></a><p>GRENPRO Ratcheting Wrench Set, Combination Wrench Set, 22-Piece SAE & Metric and Standard, 72-Tooth Long Open End, 1/4" to 3/4" & 6-18mm, Organizer With Roll Up Pouch, CR-V Steel, Mechanic Tools Sets</p><p> -16% 0FF </p><p>$51.99 ($0.49 / Ounce)</p><a href="https://www.amazon.com/dp/B0CL1WBXG6?tag=eloabder-20&linkCode=osi&th=1&psc=1">View Product</a></div>

<div class="product"><a href="https://www.amazon.com/dp/B0D5V4PM1L?tag=eloabder-20&linkCode=osi&th=1&psc=1"><img src="https://m.media-amazon.com/images/I/51lbOWv6lZL._SL500_.jpg" alt="Product Image"></a><p>2025 Florida State and Federal Labor Laws Poster - OSHA Compliant UV Waterproof Laminated 24" x 36" English and Spanish Version 2PCS Folded - All in One Compliance Posting</p><p> -20% 0FF </p><p>$19.99</p><a href="https://www.amazon.com/dp/B0D5V4PM1L?tag=eloabder-20&linkCode=osi&th=1&psc=1">View Product</a></div>
<div class="product"><a href="https://www.amazon.com/dp/B0CFF8Z1NF?tag=eloabder-20&linkCode=osi&th=1&psc=1"><img src="https://m.media-amazon.com/images/I/41bDsv2AHdL._SL500_.jpg" alt="Product Image"></a><p>Endoscope Camera with Light - Inspection Borescope Camera with 4.3" IPS Screen, 1920P HD Snake Camera with 8 LED Lights, 16.4FT Semi-Rigid Cord Bore Scope, IP67 Waterproof Endoscope for Sewer(Orange)</p><p> -34% 0FF </p><p>$32.98</p><a href="https://www.amazon.com/dp/B0CFF8Z1NF?tag=eloabder-20&linkCode=osi&th=1&psc=1">View Product</a></div><div class="product"><a href="https://www.amazon.com/dp/B01D4QMUVI?tag=eloabder-20&linkCode=osi&th=1&psc=1"><img src="https://m.media-amazon.com/images/I/31UUBvi72zL._SL500_.jpg" alt="Product Image"></a><p>Optional life Telescoping LED Lighted Flexible Inspection Mirror 360 Swivel for Extra Viewing</p><p> -10% 0FF </p><p>$8.99</p><a href="https://www.amazon.com/dp/B01D4QMUVI?tag=eloabder-20&linkCode=osi&th=1&psc=1">View Product</a></div><div class="product"><a href="https://www.amazon.com/dp/B07HX76VM9?tag=eloabder-20&linkCode=osi&th=1&psc=1"><img src="https://m.media-amazon.com/images/I/31lU0HeUxnL._SL500_.jpg" alt="Product Image"></a><p>Juvale 2 Pack Telescoping Inspection Mirror Tool, Round 2-Inch Mirror with 24.5-Inch Extension for Mechanics, Inspectors</p><p> -38% 0FF </p><p>$7.99</p><a href="https://www.amazon.com/dp/B07HX76VM9?tag=eloabder-20&linkCode=osi&th=1&psc=1">View Product</a></div><div class="product"><a href="https://www.amazon.com/dp/B0BR7MKHF9?tag=eloabder-20&linkCode=osi&th=1&psc=1"><img src="https://m.media-amazon.com/images/I/41Oa1v7l6NL._SL500_.jpg" alt="Product Image"></a><p>Endoscope Camera with Light, 1920P HD Borescope Tools with 8 Adjustable LED Lights, Endoscope with 16.4ft Semi-Rigid Snake Camera, 7.9mm IP67 Waterproof Inspection Camera for iOS (Black)</p><p> -48% 0FF </p><p>$30.99</p><a href="https://www.amazon.com/dp/B0BR7MKHF9?tag=eloabder-20&linkCode=osi&th=1&psc=1">View Product</a></div><div class="product"><a href="https://www.amazon.com/dp/B09FK5QFTR?tag=eloabder-20&linkCode=osi&th=1&psc=1"><img src="https://m.media-amazon.com/images/I/41hfMwNfTWL._SL500_.jpg" alt="Product Image"></a><p>Telescoping Magnetic Pickup Tool Set-Extendable Magnet Flashlight with Inspection Mirror-Cool Gadgets Gifts Idea & Birthday Gifts for Father, Men, Him, Boyfriend, Husband, Handyman, Mechanic</p><p> -22% 0FF </p><p>$27.99</p><a href="https://www.amazon.com/dp/B09FK5QFTR?tag=eloabder-20&linkCode=osi&th=1&psc=1">View Product</a></div>
<div class="product"><a href="https://www.amazon.com/dp/B09KZ6TBNY?tag=eloabder-20&linkCode=osi&th=1&psc=1"><img src="https://m.media-amazon.com/images/I/41oPbadBuQL._SL500_.jpg" alt="Product Image"></a><p>iHealth COVID-19 Antigen Rapid Test, 1 Pack, 2 Tests Total, FDA EUA Authorized OTC at-Home Self Test, Results in 15 Minutes with Non-invasive Nasal Swab, Easy to Use & No Discomfort</p><p> -13% 0FF </p><p>$15.69 ($7.84 / Count)</p><a href="https://www.amazon.com/dp/B09KZ6TBNY?tag=eloabder-20&linkCode=osi&th=1&psc=1">View Product</a></div><div class="product"><a href="https://www.amazon.com/dp/B0C3SR4BNC?tag=eloabder-20&linkCode=osi&th=1&psc=1"><img src="https://m.media-amazon.com/images/I/41vH7tiKQaL._SL500_.jpg" alt="Product Image"></a><p>BinaxNOW COVID-19 Antigen Self Test, 1 Pack, 4 Tests Total, COVID Test With 15-Minute Results Without Sending to a Lab, Easy to Use at Home</p><p> -9% 0FF </p><p>$28.88 ($7.22 / Count)</p><a href="https://www.amazon.com/dp/B0C3SR4BNC?tag=eloabder-20&linkCode=osi&th=1&psc=1">View Product</a></div><div class="product"><a href="https://www.amazon.com/dp/B09PZS1N44?tag=eloabder-20&linkCode=osi&th=1&psc=1"><img src="https://m.media-amazon.com/images/I/418W+HhY5PL._SL500_.jpg" alt="Product Image"></a><p>Flowflex COVID-19 Antigen Home Test kit, 1 Pack, 5 Tests Total. FDA EUA Authorized OTC at-Home Self-Test, Non-invasive Nasal Swab, Easy to Use and No Discomfort, Results in 15 Minutes</p><p> -20% 0FF </p><p>$31.99 ($6.40 / Count)</p><a href="https://www.amazon.com/dp/B09PZS1N44?tag=eloabder-20&linkCode=osi&th=1&psc=1">View Product</a></div><div class="product"><a href="https://www.amazon.com/dp/B0D2DQBJS2?tag=eloabder-20&linkCode=osi&th=1&psc=1"><img src="https://m.media-amazon.com/images/I/51PHwjjreKL._SL500_.jpg" alt="Product Image"></a><p>CorDx TyFast Flu A/B & Covid-19 Multiplex Rapid Test, 10 Mins at Home, FDA Authorized, 3-in-1 Combo Kit, 2 Tests</p><p> -29% 0FF </p><p>$21.21</p><a href="https://www.amazon.com/dp/B0D2DQBJS2?tag=eloabder-20&linkCode=osi&th=1&psc=1">View Product</a></div><div class="product"><a href="https://www.amazon.com/dp/B07CF8C4VX?tag=eloabder-20&linkCode=osi&th=1&psc=1"><img src="https://m.media-amazon.com/images/I/51brLSHm6vL._SL500_.jpg" alt="Product Image"></a><p>CONTOUR NEXT Blood Glucose Test Strips for Diabetes, 70 Count (Pack of 1)</p><p> -17% 0FF </p><p>$26.58 ($0.38 / Count)</p><a href="https://www.amazon.com/dp/B07CF8C4VX?tag=eloabder-20&linkCode=osi&th=1&psc=1">View Product</a></div>
<div class="product"><a href="https://www.amazon.com/dp/B01LYBYFTJ?tag=eloabder-20&linkCode=osi&th=1&psc=1"><img src="https://m.media-amazon.com/images/I/518DrPFcK0L._SL500_.jpg" alt="Product Image"></a><p>Accuform MQTL707VP Plastic Sign, "Quality Control Inspection Area", 10" Length x 14" Width x 0.055" Thickness, Green/Black on White</p><p> -7% 0FF </p><p>$12.72</p><a href="https://www.amazon.com/dp/B01LYBYFTJ?tag=eloabder-20&linkCode=osi&th=1&psc=1">View Product</a></div><div class="product"><a href="https://www.amazon.com/dp/B08HQMBQ79?tag=eloabder-20&linkCode=osi&th=1&psc=1"><img src="https://m.media-amazon.com/images/I/41eP15ePWkL._SL500_.jpg" alt="Product Image"></a><p>CO2 Controller Carbon Dioxide Controller Air Quality Monitor CO2 Meter with Day and Night Control Relay Function, NDIR Sensor Probe Cable, CO2 Detector for Plant, Grow Room, Green House, Garden, Home</p><p> -13% 0FF </p><p>$139.59</p><a href="https://www.amazon.com/dp/B08HQMBQ79?tag=eloabder-20&linkCode=osi&th=1&psc=1">View Product</a></div><div class="product"><a href="https://www.amazon.com/dp/B0CPBKHZNC?tag=eloabder-20&linkCode=osi&th=1&psc=1"><img src="https://m.media-amazon.com/images/I/51jPs5y3CJL._SL500_.jpg" alt="Product Image"></a><p>IUYPKQ Steel Wool for Mice Control - 2 Pack of 3"√ó10Ft Steel Wool, Gap Filter for House & Garage - Keep Mice Away from HolesÔºåSidingÔºåPipelineÔºåVents in Garden, House, 7.04oz (2, 100g)</p><p> -18% 0FF </p><p>$8.20</p><a href="https://www.amazon.com/dp/B0CPBKHZNC?tag=eloabder-20&linkCode=osi&th=1&psc=1">View Product</a></div>

<div class="product"><a href="https://www.amazon.com/dp/B084F3YQMH?tag=eloabder-20&linkCode=osi&th=1&psc=1"><img src="https://m.media-amazon.com/images/I/51XzXeJ5EHS._SL500_.jpg" alt="Product Image"></a><p>Ultrasac Blue Recycling Bags 33 Gallon 0.9 MIL, 33.5" x 38" - Pack of 45 - For Recycling, Kitchen, Industrial, & Commercial</p><p> -37% 0FF </p><p>$15.06 ($0.33 / Count)</p><a href="https://www.amazon.com/dp/B084F3YQMH?tag=eloabder-20&linkCode=osi&th=1&psc=1">View Product</a></div>
<div class="product"><a href="https://www.amazon.com/dp/B09RY35M4S?tag=eloabder-20&linkCode=osi&th=1&psc=1"><img src="https://m.media-amazon.com/images/I/41wjzxrudGL._SL500_.jpg" alt="Product Image"></a><p>Kleenex Lotion Facial Tissues with Coconut Oil, 3 Flat Boxes, 120 Tissues Per Box, 3-Ply</p><p> -9% 0FF </p><p>$5.24 ($1.46 / 100 Sheets)</p><a href="https://www.amazon.com/dp/B09RY35M4S?tag=eloabder-20&linkCode=osi&th=1&psc=1">View Product</a></div><div class="product"><a href="https://www.amazon.com/dp/B09M5XF6JV?tag=eloabder-20&linkCode=osi&th=1&psc=1"><img src="https://m.media-amazon.com/images/I/410w59XOeaL._SL500_.jpg" alt="Product Image"></a><p>Kleenex Ultra Soft Facial Tissues, 4 Cube Boxes, 60 Tissues per Box, 3-Ply (240 Total Tissues), Packaging May Vary</p><p> -12% 0FF </p><p>$6.58 ($2.74 / 100 Sheets)</p><a href="https://www.amazon.com/dp/B09M5XF6JV?tag=eloabder-20&linkCode=osi&th=1&psc=1">View Product</a></div><div class="product"><a href="https://www.amazon.com/dp/B09YKRZR22?tag=eloabder-20&linkCode=osi&th=1&psc=1"><img src="https://m.media-amazon.com/images/I/413kbNG2YCL._SL500_.jpg" alt="Product Image"></a><p>Puffs Plus Lotion Facial Tissues, 8 Family Boxes, 124 Facial Tissues per Box, Allergies and Colds</p><p> -26% 0FF </p><p>$13.28 ($1.34 / 100 Sheets)</p><a href="https://www.amazon.com/dp/B09YKRZR22?tag=eloabder-20&linkCode=osi&th=1&psc=1">View Product</a></div>
<div class="product"><a href="https://www.amazon.com/dp/B0CMTR8NFM?tag=eloabder-20&linkCode=osi&th=1&psc=1"><img src="https://m.media-amazon.com/images/I/418XJgVkJIL._SL500_.jpg" alt="Product Image"></a><p>dalattin 12 Pack A19 LED Bulbs, 9W Equivalent 60 Watts, E26 Base, 5000K Daylight White, 800 LM, Efficient Energy Saving Lights for Living Room, Office, 80+ CRI, 120V, UL Listed</p><p> -6% 0FF </p><p>$15.99 ($1.33 / Count)</p><a href="https://www.amazon.com/dp/B0CMTR8NFM?tag=eloabder-20&linkCode=osi&th=1&psc=1">View Product</a></div><div class="product"><a href="https://www.amazon.com/dp/B0CZHCZ5TL?tag=eloabder-20&linkCode=osi&th=1&psc=1"><img src="https://m.media-amazon.com/images/I/31iJMTbdOTL._SL500_.jpg" alt="Product Image"></a><p>TP-Link Tapo Smart Plug Compatible with Alexa, Google Home & Samsung SmartThings, Energy Monitoring, 15A, ETL Certified, 2.4G Wi-Fi Only, Tapo P110, White</p><p> -27% 0FF </p><p>$10.99</p><a href="https://www.amazon.com/dp/B0CZHCZ5TL?tag=eloabder-20&linkCode=osi&th=1&psc=1">View Product</a></div><div class="product"><a href="https://www.amazon.com/dp/B0CCB442CF?tag=eloabder-20&linkCode=osi&th=1&psc=1"><img src="https://m.media-amazon.com/images/I/31oVkQ9gShL._SL500_.jpg" alt="Product Image"></a><p>DEGNJU A19 LED Light Bulbs, 60 Watt Equivalent LED Bulbs, Soft White 2700K, 800 Lumens, E26 Standard Base, Non-Dimmable, 8.5W Warm White LED Bulbs for Bedroom Living Room, 3 Pack</p><p> -33% 0FF </p><p>$7.98 ($2.66 / Count)</p><a href="https://www.amazon.com/dp/B0CCB442CF?tag=eloabder-20&linkCode=osi&th=1&psc=1">View Product</a></div>
<div class="product"><a href="https://www.amazon.com/dp/B08NX1XYBN?tag=eloabder-20&linkCode=osi&th=1&psc=1"><img src="https://m.media-amazon.com/images/I/51lfim+ZIRL._SL500_.jpg" alt="Product Image"></a><p>DIYSELF 2Pack Utility Knife Box Cutter Retractable Blade Heavy Duty(Red)</p><p> -38% 0FF </p><p>$7.99 ($4.00 / Count)</p><a href="https://www.amazon.com/dp/B08NX1XYBN?tag=eloabder-20&linkCode=osi&th=1&psc=1">View Product</a></div><div class="product"><a href="https://www.amazon.com/dp/B08HCW4V4G?tag=eloabder-20&linkCode=osi&th=1&psc=1"><img src="https://m.media-amazon.com/images/I/51A4GvNLy1S._SL500_.jpg" alt="Product Image"></a><p>HORUSDY 4-Pack Box Cutter Utility Knife, Heavy Duty Aluminum Shell Retractable Box Cutter for Cardboard, Boxes and Cartons, Extra 10 Blades.</p><p> -23% 0FF </p><p>$9.99 ($2.50 / Count)</p><a href="https://www.amazon.com/dp/B08HCW4V4G?tag=eloabder-20&linkCode=osi&th=1&psc=1">View Product</a></div><div class="product"><a href="https://www.amazon.com/dp/B097SXK3FG?tag=eloabder-20&linkCode=osi&th=1&psc=1"><img src="https://m.media-amazon.com/images/I/41QvJkjjQuL._SL500_.jpg" alt="Product Image"></a><p>WORKPRO Premium Utility Knife, Retractable All Metal Heavy Duty Box Cutter, Quick Change Blade Razor Knife, with 10 Extra Blades</p><p> -25% 0FF </p><p>$8.99</p><a href="https://www.amazon.com/dp/B097SXK3FG?tag=eloabder-20&linkCode=osi&th=1&psc=1">View Product</a></div><div class="product"><a href="https://www.amazon.com/dp/B01M27QHE2?tag=eloabder-20&linkCode=osi&th=1&psc=1"><img src="https://m.media-amazon.com/images/I/51ULro8xW3L._SL500_.jpg" alt="Product Image"></a><p>INTERNET'S BEST Premium Utility Knife Set | Retractable Box Cutter with Rubber Handle | Heavy-Duty Cutting for Cardboard, Carpet, Plastic | Retractable Blade | Includes 2 Razor Knives & Extra Blades</p><p> -25% 0FF </p><p>$14.99</p><a href="https://www.amazon.com/dp/B01M27QHE2?tag=eloabder-20&linkCode=osi&th=1&psc=1">View Product</a></div><div class="product"><a href="https://www.amazon.com/dp/B09JYJLQXF?tag=eloabder-20&linkCode=osi&th=1&psc=1"><img src="https://m.media-amazon.com/images/I/51IqddPa30L._SL500_.jpg" alt="Product Image"></a><p>M MEEPO Box Cutter, 4-Pack Tough Folding Box Cutter for Heavy Duty Purpose, Razor Sharp Blade, Comfortable Handle, with Extra 10-Piece Blades, Can cut Drywall, Sheet Plastic, Linoleum, Boxes, Rope</p><p> -31% 0FF </p><p>$10.99 ($2.75 / Count)</p><a href="https://www.amazon.com/dp/B09JYJLQXF?tag=eloabder-20&linkCode=osi&th=1&psc=1">View Product</a></div><div class="product"><a href="https://www.amazon.com/dp/B09K7SJH6X?tag=eloabder-20&linkCode=osi&th=1&psc=1"><img src="https://m.media-amazon.com/images/I/41-bwfYeYRL._SL500_.jpg" alt="Product Image"></a><p>WORKPRO Folding Utility Knife with Stainless Steel Head, Quick-change Blade & Back Lock, Wood Handle Heavy Duty Box Cutter, 1PC Razor Knife with Extra 10PC SK5 Blades</p><p> -25% 0FF </p><p>$14.99</p><a href="https://www.amazon.com/dp/B09K7SJH6X?tag=eloabder-20&linkCode=osi&th=1&psc=1">View Product</a></div><div class="product"><a href="https://www.amazon.com/dp/B07DXTP9M9?tag=eloabder-20&linkCode=osi&th=1&psc=1"><img src="https://m.media-amazon.com/images/I/51DsWoOdb2L._SL500_.jpg" alt="Product Image"></a><p>REXBETI 12-Pack Utility Knife, Retractable Box Cutter for Cartons, Cardboard and Boxes, 18mm Wider Razor Sharp Blade, Smooth Mechanism, Perfect for Office and Home use</p><p> -60% 0FF </p><p>$9.99</p><a href="https://www.amazon.com/dp/B07DXTP9M9?tag=eloabder-20&linkCode=osi&th=1&psc=1">View Product</a></div>
<div class="product"><a href="https://www.amazon.com/dp/B07P6PH5SB?tag=eloabder-20&linkCode=osi&th=1&psc=1"><img src="https://m.media-amazon.com/images/I/41h9Fp94OLL._SL500_.jpg" alt="Product Image"></a><p>3M SecureFit Safety Helmet - Climbing Style Inspired Safety Helmet with 6 Point Suspension System, Non-Vented, White, X5001-ANSI, for Construction and Heavy Infrastructure</p><p> -39% 0FF </p><p>$64.83</p><a href="https://www.amazon.com/dp/B07P6PH5SB?tag=eloabder-20&linkCode=osi&th=1&psc=1">View Product</a></div><div class="product"><a href="https://www.amazon.com/dp/B0DCVQRJCJ?tag=eloabder-20&linkCode=osi&th=1&psc=1"><img src="https://m.media-amazon.com/images/I/41bpS1WjabL._SL500_.jpg" alt="Product Image"></a><p>QYZZRS Generator Interlock Kit Compatible with Eaton Cutler Hammer 100 Amp and 125 Amp Panels Breaker,for Safe Usage of Portable Power During Outage,Professional and Interlock Kit (1)</p><p> -16% 0FF </p><p>$27.59</p><a href="https://www.amazon.com/dp/B0DCVQRJCJ?tag=eloabder-20&linkCode=osi&th=1&psc=1">View Product</a></div><div class="product"><a href="https://www.amazon.com/dp/B00C01W6DG?tag=eloabder-20&linkCode=osi&th=1&psc=1"><img src="https://m.media-amazon.com/images/I/41ajsEzhqeL._SL500_.jpg" alt="Product Image"></a><p>ICC Cat6 Riser 1000ft - UTP 23AWG, 100% Solid Pure Copper, Unshielded CMR, Bulk Ethernet Cable, PoE++, 500MHz, Reelex Pull Box, UL Certified, RoHS and TAA Compliant, Blue</p><p> -9% 0FF </p><p>$142.39</p><a href="https://www.amazon.com/dp/B00C01W6DG?tag=eloabder-20&linkCode=osi&th=1&psc=1">View Product</a></div><div class="product"><a href="https://www.amazon.com/dp/B00QXTXSKQ?tag=eloabder-20&linkCode=osi&th=1&psc=1"><img src="https://m.media-amazon.com/images/I/31dvw-xXqDL._SL500_.jpg" alt="Product Image"></a><p>MSA 10048280 Calibration Cylinder, Aluminium Gas Bottle, 34 Liter, 1.45% CH4, 15% O2, 60 PPM CO, 20 PPM H2S, Galaxy GX2 System Test Stand Compatible, Multi-Use Air Tank</p><p> -11% 0FF </p><p>$364.02</p><a href="https://www.amazon.com/dp/B00QXTXSKQ?tag=eloabder-20&linkCode=osi&th=1&psc=1">View Product</a></div><div class="product"><a href="https://www.amazon.com/dp/B016N3609W?tag=eloabder-20&linkCode=osi&th=1&psc=1"><img src="https://m.media-amazon.com/images/I/31qfvZRAQaL._SL500_.jpg" alt="Product Image"></a><p>MSA 815641 Advantage Respirator Cartridge - Iodine Vapor/P100 (GMI), Quantity: 2 per Pack, Chemical and Combination Air-Purifying Respirator Cartridge</p><p> -38% 0FF </p><p>$22.72 ($11.36 / Count)</p><a href="https://www.amazon.com/dp/B016N3609W?tag=eloabder-20&linkCode=osi&th=1&psc=1">View Product</a></div>
<div class="product"><a href="https://www.amazon.com/dp/B00JKHFR2K?tag=eloabder-20&linkCode=osi&th=1&psc=1"><img src="https://m.media-amazon.com/images/I/31-VtYKPhLL._SL500_.jpg" alt="Product Image"></a><p>Childcraft Construction Paper, 9 x 12 Inches, Assorted Colors, 500 Sheets - 1465886</p><p> -12% 0FF </p><p>$14.02 ($0.03 / Count)</p><a href="https://www.amazon.com/dp/B00JKHFR2K?tag=eloabder-20&linkCode=osi&th=1&psc=1">View Product</a></div><div class="product"><a href="https://www.amazon.com/dp/B07BPWV83H?tag=eloabder-20&linkCode=osi&th=1&psc=1"><img src="https://m.media-amazon.com/images/I/51lp+IIfd7L._SL500_.jpg" alt="Product Image"></a><p>REXBETI Knee Pads for Work, Construction Gel Knee Pads Tools, Heavy Duty Comfortable Anti-slip Foam Knee Pads for Cleaning Flooring and Garden, Strong Stretchable Straps, 1 Pair</p><p> -28% 0FF </p><p>$25.99</p><a href="https://www.amazon.com/dp/B07BPWV83H?tag=eloabder-20&linkCode=osi&th=1&psc=1">View Product</a></div><div class="product"><a href="https://www.amazon.com/dp/B0CQ755FYH?tag=eloabder-20&linkCode=osi&th=1&psc=1"><img src="https://m.media-amazon.com/images/I/41lT80YapPL._SL500_.jpg" alt="Product Image"></a><p>Laser Level with Tripod, Huepar 98Ft Self Leveling Laser Level Green Line Laser Cross Line Laser Leveler Tool for Picture Hanging, Tile, Home Renovation, Indoor Project, Battery&Carrying Bag Included</p><p> -38% 0FF </p><p>$49.99</p><a href="https://www.amazon.com/dp/B0CQ755FYH?tag=eloabder-20&linkCode=osi&th=1&psc=1">View Product</a></div><div class="product"><a href="https://www.amazon.com/dp/B09W8LBWJH?tag=eloabder-20&linkCode=osi&th=1&psc=1"><img src="https://m.media-amazon.com/images/I/4115vnIiXsL._SL500_.jpg" alt="Product Image"></a><p>Deinyi Construction Toddler Utensils - Toddler Forks and Spoons - Kids Spoon and Fork Set - Suitable for Kids Utensils - Baby Utensils, Portable Utensils Set for 1 2 3 4 5 year old Toddlers, Yellow</p><p> -37% 0FF </p><p>$11.99</p><a href="https://www.amazon.com/dp/B09W8LBWJH?tag=eloabder-20&linkCode=osi&th=1&psc=1">View Product</a></div><div class="product"><a href="https://www.amazon.com/dp/B002LARR76?tag=eloabder-20&linkCode=osi&th=1&psc=1"><img src="https://m.media-amazon.com/images/I/31K2j809lBL._SL500_.jpg" alt="Product Image"></a><p>Prang (Formerly SunWorks) Construction Paper, Brown, 9" x 12", 100 Sheets</p><p> -11% 0FF </p><p>$4.27 ($0.04 / Count)</p><a href="https://www.amazon.com/dp/B002LARR76?tag=eloabder-20&linkCode=osi&th=1&psc=1">View Product</a></div>
<div class="product"><a href="https://www.amazon.com/dp/B08GFP7PSK?tag=eloabder-20&linkCode=osi&th=1&psc=1"><img src="https://m.media-amazon.com/images/I/41gooaY8RRL._SL500_.jpg" alt="Product Image"></a><p>BESTAMTOY 36 PCS Wooden Sorting Stacking Rocks Stones,Sensory Toddler Toys Learning Montessori Toys, Building Blocks Game for Kids 3 4 5 6 Years Boy and Girl Birthday Gifts for Kids</p><p> -36% 0FF </p><p>$23.19</p><a href="https://www.amazon.com/dp/B08GFP7PSK?tag=eloabder-20&linkCode=osi&th=1&psc=1">View Product</a></div><div class="product"><a href="https://www.amazon.com/dp/B0CWVT99MF?tag=eloabder-20&linkCode=osi&th=1&psc=1"><img src="https://m.media-amazon.com/images/I/31v6b-LC5ML._SL500_.jpg" alt="Product Image"></a><p>IRWIN Quick-Lift Construction Jack, Hand Lifting Jack Tool, Multifunctional, Lift up to 10" and Lift Capacity 330 lbs (IRHT83100)</p><p> -9% 0FF </p><p>$89.99</p><a href="https://www.amazon.com/dp/B0CWVT99MF?tag=eloabder-20&linkCode=osi&th=1&psc=1">View Product</a></div><div class="product"><a href="https://www.amazon.com/dp/B0BWY4444M?tag=eloabder-20&linkCode=osi&th=1&psc=1"><img src="https://m.media-amazon.com/images/I/51esMBM0unL._SL500_.jpg" alt="Product Image"></a><p>XClifes Labor Saving Handle 2 Pack,15 In Construction Jack, Wall Tile Locator, Multi-Function Height Adjustment Lifting Device, Door Panel Lifting Cabinet Jack,Raised 10 in,Dynamic Load 470 LB</p><p> -69% 0FF </p><p>$43.99</p><a href="https://www.amazon.com/dp/B0BWY4444M?tag=eloabder-20&linkCode=osi&th=1&psc=1">View Product</a></div><div class="product"><a href="https://www.amazon.com/dp/0021402442?tag=eloabder-20&linkCode=osi&th=1&psc=1"><img src="https://m.media-amazon.com/images/I/511QbiOnlIL._SL500_.jpg" alt="Product Image"></a><p>Glencoe Carpentry and Building Construction, Student Edition (CARPENTRY & BLDG CONSTRUCTION)</p><p> -47% 0FF </p><p>$59.50</p><a href="https://www.amazon.com/dp/0021402442?tag=eloabder-20&linkCode=osi&th=1&psc=1">View Product</a></div><div class="product"><a href="https://www.amazon.com/dp/B08R3TW6PD?tag=eloabder-20&linkCode=osi&th=1&psc=1"><img src="https://m.media-amazon.com/images/I/51Ca5qyFUyL._SL500_.jpg" alt="Product Image"></a><p>Coodoo Upgraded Magnetic Blocks Tough Tiles STEM Toys for 3+ Year Old Boys and Girls Learning by Playing Games for Toddlers Kids, Compatible with Major Brands Building Blocks - Starter Set</p><p> -9% 0FF </p><p>$19.99</p><a href="https://www.amazon.com/dp/B08R3TW6PD?tag=eloabder-20&linkCode=osi&th=1&psc=1">View Product</a></div><div class="product"><a href="https://www.amazon.com/dp/B0D17SV1WJ?tag=eloabder-20&linkCode=osi&th=1&psc=1"><img src="https://m.media-amazon.com/images/I/41GZRx1QfVL._SL500_.jpg" alt="Product Image"></a><p>10 Pcs Interlocking Deck Tiles 12" x 12", Patio Flooring Outdoor Waterproof, Acacia Wood Tiles All Weather, Floor Tiles for Balcony, Backyard, Indoor and Outdoor use‚Ä¶ (Espresso)</p><p> -15% 0FF </p><p>$38.99</p><a href="https://www.amazon.com/dp/B0D17SV1WJ?tag=eloabder-20&linkCode=osi&th=1&psc=1">View Product</a></div><div class="product"><a href="https://www.amazon.com/dp/B0CPCZ3V7C?tag=eloabder-20&linkCode=osi&th=1&psc=1"><img src="https://m.media-amazon.com/images/I/51zv+eT4kkL._SL500_.jpg" alt="Product Image"></a><p>Titrot Magnetic Blocks Kids Toys, Large Magnetic Building Sticks STEM Educational Sensory Toy Preschool Learning Montessori Toys for Toddlers Boys Girls Ages 3-8 with 1 Car</p><p> -17% 0FF </p><p>$24.99</p><a href="https://www.amazon.com/dp/B0CPCZ3V7C?tag=eloabder-20&linkCode=osi&th=1&psc=1">View Product</a></div>

<div class="product"><a href="https://www.amazon.com/dp/B0D676KYMV?tag=eloabder-20&linkCode=osi&th=1&psc=1"><img src="https://m.media-amazon.com/images/I/41dhQyG9XZL._SL500_.jpg" alt="Product Image"></a><p>Dimgogo Hexagon LED Garage Ceiling Lights,25 Pack 17280LM Super Bright LED car Lights for Warehouse Basement Workshop Gym Car Detailing Shop Wash Room</p><p> -21% 0FF </p><p>$69.99</p><a href="https://www.amazon.com/dp/B0D676KYMV?tag=eloabder-20&linkCode=osi&th=1&psc=1">View Product</a></div>
<div class="product"><a href="https://www.amazon.com/dp/B0C73SFP11?tag=eloabder-20&linkCode=osi&th=1&psc=1"><img src="https://m.media-amazon.com/images/I/31+p7lB1nDL._SL500_.jpg" alt="Product Image"></a><p>2 Pack, 9 Inch Clear Non-Skid Lazy Susan Organizers - Turntable Rack for Kitchen Cabinet, Pantry Organization and Storage, Fridge, Bathroom Closet, Vanity Countertop Makeup Organizing, Spice Rack</p><p> -32% 0FF </p><p>$12.98</p><a href="https://www.amazon.com/dp/B0C73SFP11?tag=eloabder-20&linkCode=osi&th=1&psc=1">View Product</a></div><div class="product"><a href="https://www.amazon.com/dp/B098991PPP?tag=eloabder-20&linkCode=osi&th=1&psc=1"><img src="https://m.media-amazon.com/images/I/41pFHdubflL._SL500_.jpg" alt="Product Image"></a><p>SpaceAid Heavy Duty Moving Bags, Extra Large Storage Totes W/Backpack Straps Strong Handles & Zippers, Alternative to Moving Boxes, Packing & Moving Supplies, Black (8 Pack)</p><p> -24% 0FF </p><p>$36.99 ($4.62 / Count)</p><a href="https://www.amazon.com/dp/B098991PPP?tag=eloabder-20&linkCode=osi&th=1&psc=1">View Product</a></div>
<div class="product"><a href="https://www.amazon.com/dp/B001JT1LCW?tag=eloabder-20&linkCode=osi&th=1&psc=1"><img src="https://m.media-amazon.com/images/I/41-NrbTtXOL._SL500_.jpg" alt="Product Image"></a><p>Logistic Ratchet Strap, 16ft x 2In, 1000lb</p><p> -37% 0FF </p><p>$11.13</p><a href="https://www.amazon.com/dp/B001JT1LCW?tag=eloabder-20&linkCode=osi&th=1&psc=1">View Product</a></div>
<div class="product"><a href="https://www.amazon.com/dp/B07MM6D6H8?tag=eloabder-20&linkCode=osi&th=1&psc=1"><img src="https://m.media-amazon.com/images/I/51-5i+GLJFL._SL500_.jpg" alt="Product Image"></a><p>edxeducation Transport Counters - Mini Jar - Set of 36 - Learn Counting, Colors, Sorting and Sequencing - Hands-on Math Manipulative for Kids</p><p> -6% 0FF </p><p>$12.66</p><a href="https://www.amazon.com/dp/B07MM6D6H8?tag=eloabder-20&linkCode=osi&th=1&psc=1">View Product</a></div><div class="product"><a href="https://www.amazon.com/dp/B0058ORV6Y?tag=eloabder-20&linkCode=osi&th=1&psc=1"><img src="https://m.media-amazon.com/images/I/415rpz1mnxL._SL500_.jpg" alt="Product Image"></a><p>Didax Educational Resources Transportation Counters, 72</p><p> -31% 0FF </p><p>$14.50</p><a href="https://www.amazon.com/dp/B0058ORV6Y?tag=eloabder-20&linkCode=osi&th=1&psc=1">View Product</a></div><div class="product"><a href="https://www.amazon.com/dp/B0BWNRKN6Y?tag=eloabder-20&linkCode=osi&th=1&psc=1"><img src="https://m.media-amazon.com/images/I/51Fau8rx1IL._SL500_.jpg" alt="Product Image"></a><p>Reusable Sticker Book for Kids, Vehicles Truck Stickers Educational Learning Toys Travel Stickers Activity Books for Toddler Girls Boys Age 3+ Birthday Gifts</p><p> -34% 0FF </p><p>$5.95</p><a href="https://www.amazon.com/dp/B0BWNRKN6Y?tag=eloabder-20&linkCode=osi&th=1&psc=1">View Product</a></div>
<div class="product"><a href="https://www.amazon.com/dp/B0BLTY38V7?tag=eloabder-20&linkCode=osi&th=1&psc=1"><img src="https://m.media-amazon.com/images/I/31zmVFnuy3L._SL500_.jpg" alt="Product Image"></a><p>SWEETAPRIL Slow Moving Vehicle Sign, Rust Free Aluminum Slow Moving Vehicle Triangle Signs, 14"X16", 40-Mil Thick Diamond Grade Reflective For Golf Cart, For Golf Cart, Tractor, Utv, Safety Signs</p><p> -47% 0FF </p><p>$9.99</p><a href="https://www.amazon.com/dp/B0BLTY38V7?tag=eloabder-20&linkCode=osi&th=1&psc=1">View Product</a></div><div class="product"><a href="https://www.amazon.com/dp/B0D9NXPMMR?tag=eloabder-20&linkCode=osi&th=1&psc=1"><img src="https://m.media-amazon.com/images/I/418RV63IwdL._SL500_.jpg" alt="Product Image"></a><p>Mini Car Trash Can Bin with Lid and One Roll Plastic Trash Bags, Small Car Garbage Can Leakproof Car Accessories Trash Bin Car Dustbin Organizer Container for Car, Vehicle, Office, Home</p><p> -16% 0FF </p><p>$9.98</p><a href="https://www.amazon.com/dp/B0D9NXPMMR?tag=eloabder-20&linkCode=osi&th=1&psc=1">View Product</a></div><div class="product"><a href="https://www.amazon.com/dp/B000UHP9EU?tag=eloabder-20&linkCode=osi&th=1&psc=1"><img src="https://m.media-amazon.com/images/I/31wK9xXH7wL._SL500_.jpg" alt="Product Image"></a><p>FIRST ALERT AUTOMAR10 Car and Marine Fire Extinguisher, FE10GR, UL RATED 10-B:C, White, 1-Pack</p><p> -32% 0FF </p><p>$26.44</p><a href="https://www.amazon.com/dp/B000UHP9EU?tag=eloabder-20&linkCode=osi&th=1&psc=1">View Product</a></div><div class="product"><a href="https://www.amazon.com/dp/B0CQSH2J4R?tag=eloabder-20&linkCode=osi&th=1&psc=1"><img src="https://m.media-amazon.com/images/I/41NenTedbdL._SL500_.jpg" alt="Product Image"></a><p>Yaocom 1 Set Slow Moving Vehicle Sign with Mounting Bracket 14 x 16 Inch Slow Moving Vehicle Triangle Signs Aluminum Slow Sign Warning Triangles for Vehicles Golf Cart Tractor Outdoor Accessories</p><p> -5% 0FF </p><p>$18.99</p><a href="https://www.amazon.com/dp/B0CQSH2J4R?tag=eloabder-20&linkCode=osi&th=1&psc=1">View Product</a></div><div class="product"><a href="https://www.amazon.com/dp/B000P0DPGQ?tag=eloabder-20&linkCode=osi&th=1&psc=1"><img src="https://m.media-amazon.com/images/I/41S75Iev+4L._SL500_.jpg" alt="Product Image"></a><p>FIRST ALERT AUTO5 Car Fire Extinguisher, FESA5, UL RATED 5-B:C, Red, 1-Pack</p><p> -39% 0FF </p><p>$23.77</p><a href="https://www.amazon.com/dp/B000P0DPGQ?tag=eloabder-20&linkCode=osi&th=1&psc=1">View Product</a></div><div class="product"><a href="https://www.amazon.com/dp/B00CGSF4F0?tag=eloabder-20&linkCode=osi&th=1&psc=1"><img src="https://m.media-amazon.com/images/I/41O8ARwr2cL._SL500_.jpg" alt="Product Image"></a><p>BAZIC 12 X 16 Inches Sale Sign, 2-Line (L-2)</p><p> -12% 0FF </p><p>$5.13</p><a href="https://www.amazon.com/dp/B00CGSF4F0?tag=eloabder-20&linkCode=osi&th=1&psc=1">View Product</a></div>
<div class="product"><a href="https://www.amazon.com/dp/B0829D1D7V?tag=eloabder-20&linkCode=osi&th=1&psc=1"><img src="https://m.media-amazon.com/images/I/51J7vVLjl6L._SL500_.jpg" alt="Product Image"></a><p>2-Pack Bubble Cushioning Nylon Wrap Rolls, 3/16" x 12" x 72' ft Total, Perforated Every 12", 20 Fragile Stickers for Packaging, Shipping, Mailing</p><p> -15% 0FF </p><p>$15.50 ($7.75 / Count)</p><a href="https://www.amazon.com/dp/B0829D1D7V?tag=eloabder-20&linkCode=osi&th=1&psc=1">View Product</a></div><div class="product"><a href="https://www.amazon.com/dp/B09GPNQCW4?tag=eloabder-20&linkCode=osi&th=1&psc=1"><img src="https://m.media-amazon.com/images/I/416VMuii7+L._SL500_.jpg" alt="Product Image"></a><p>Donyson Frosted T Shirt Bags 10x13, 100 Pack Clear Bags for Packaging, Package Bags, Packaging Bags for Small Business, Shipping Bags with Handle</p><p> -5% 0FF </p><p>$20.99 ($0.21 / Count)</p><a href="https://www.amazon.com/dp/B09GPNQCW4?tag=eloabder-20&linkCode=osi&th=1&psc=1">View Product</a></div><div class="product"><a href="https://www.amazon.com/dp/B000J07BRQ?tag=eloabder-20&linkCode=osi&th=1&psc=1"><img src="https://m.media-amazon.com/images/I/517ZAgVhtNL._SL500_.jpg" alt="Product Image"></a><p>Scotch Heavy Duty Shipping and Moving Packing Tape, Clear, Packing and Moving Supplies, 1.88 in. x 22.2 yd., 6 Tape Rolls with Dispensers</p><p> -31% 0FF </p><p>$13.88</p><a href="https://www.amazon.com/dp/B000J07BRQ?tag=eloabder-20&linkCode=osi&th=1&psc=1">View Product</a></div>

<div class="product"><a href="https://www.amazon.com/dp/B09ZV2364K?tag=eloabder-20&linkCode=osi&th=1&psc=1"><img src="https://m.media-amazon.com/images/I/41Ts3dr3u3L._SL500_.jpg" alt="Product Image"></a><p>DEKOPRO Submersible Water Pump 1/3 HP 2450GPH Utility Pump Thermoplastic Electric Portable Transfer Water Pump with 10-Foot Cord for Pool Tub Garden Pond Draining</p><p> -32% 0FF </p><p>$40.99</p><a href="https://www.amazon.com/dp/B09ZV2364K?tag=eloabder-20&linkCode=osi&th=1&psc=1">View Product</a></div><div class="product"><a href="https://www.amazon.com/dp/B0CRKY91RW?tag=eloabder-20&linkCode=osi&th=1&psc=1"><img src="https://m.media-amazon.com/images/I/31v5rVK5BPL._SL500_.jpg" alt="Product Image"></a><p>Sump Pump Submersible 1.4HP 4800GPH Water Pump Electric for Portable Transfer Water Pump Sump Pumps Utility Pump with 8 Accessories for Pool Draining Basement, 120 Voltage</p><p> -21% 0FF </p><p>$49.00</p><a href="https://www.amazon.com/dp/B0CRKY91RW?tag=eloabder-20&linkCode=osi&th=1&psc=1">View Product</a></div><div class="product"><a href="https://www.amazon.com/dp/B09Y918453?tag=eloabder-20&linkCode=osi&th=1&psc=1"><img src="https://m.media-amazon.com/images/I/41rSFmVH4hL._SL500_.jpg" alt="Product Image"></a><p>FOTING Sump Pump 1HP 3960 GPH for Clean/Dirty Water Use, Thermoplastic Submersible Water Pump Utility Electric Portable Transfer Pump for Swimming Pool Garden Pond Basement Window Wells with 25ft Cord</p><p> -14% 0FF </p><p>$66.99</p><a href="https://www.amazon.com/dp/B09Y918453?tag=eloabder-20&linkCode=osi&th=1&psc=1">View Product</a></div>
<div class="product"><a href="https://www.amazon.com/dp/B085RV5SRY?tag=eloabder-20&linkCode=osi&th=1&psc=1"><img src="https://m.media-amazon.com/images/I/41Irw5yYT4L._SL500_.jpg" alt="Product Image"></a><p>(Pack of 10) EFIELD 1/2 Inch Pex Crimp Brass Full Port Shut-off Ball Valve for Hot and Cold Water, UPC Certified</p><p> -35% 0FF </p><p>$29.95 ($3.00 / Count)</p><a href="https://www.amazon.com/dp/B085RV5SRY?tag=eloabder-20&linkCode=osi&th=1&psc=1">View Product</a></div>
<div class="product"><a href="https://www.amazon.com/dp/B07MTK9Y31?tag=eloabder-20&linkCode=osi&th=1&psc=1"><img src="https://m.media-amazon.com/images/I/41w52vo9Q9L._SL500_.jpg" alt="Product Image"></a><p>GeilSpace 6 Pack 3/4" √ó 12" Pre-Cut Black Metal Pipe, Industrial Steel Fits Standard Three Quarters Inch Black Threaded Pipes and Fittings - Vintage DIY Industrial Shelving (3/4" √ó 12", Black)</p><p> -19% 0FF </p><p>$21.99 ($3.66 / Count)</p><a href="https://www.amazon.com/dp/B07MTK9Y31?tag=eloabder-20&linkCode=osi&th=1&psc=1">View Product</a></div><div class="product"><a href="https://www.amazon.com/dp/B000OHANEM?tag=eloabder-20&linkCode=osi&th=1&psc=1"><img src="https://m.media-amazon.com/images/I/51G4C0ueewL._SL500_.jpg" alt="Product Image"></a><p>Flex-Drain 51710 Flexible/Expandable Solid Drainage Pipe, 3.37in (Inside Diameter) by 12ft</p><p> -16% 0FF </p><p>$14.27</p><a href="https://www.amazon.com/dp/B000OHANEM?tag=eloabder-20&linkCode=osi&th=1&psc=1">View Product</a></div><div class="product"><a href="https://www.amazon.com/dp/B0009PU9CK?tag=eloabder-20&linkCode=osi&th=1&psc=1"><img src="https://m.media-amazon.com/images/I/31NqDYLrlqL._SL500_.jpg" alt="Product Image"></a><p>Rectorseal 25790 1-3/4-Ounce Tube No.5 Pipe Thread Sealant</p><p> -20% 0FF </p><p>$4.63 ($2.63 / Ounce)</p><a href="https://www.amazon.com/dp/B0009PU9CK?tag=eloabder-20&linkCode=osi&th=1&psc=1">View Product</a></div><div class="product"><a href="https://www.amazon.com/dp/B06XDK78GQ?tag=eloabder-20&linkCode=osi&th=1&psc=1"><img src="https://m.media-amazon.com/images/I/41h6Lm9j-EL._SL500_.jpg" alt="Product Image"></a><p>Hiware Drinking Straw Cleaner Brush Kit - (3-Size) 9-Piece Extra Long Pipe Cleaners, Straw Cleaning Brush For Tumbler, Sippy Cup, Bottle and Tube</p><p> -38% 0FF </p><p>$4.99</p><a href="https://www.amazon.com/dp/B06XDK78GQ?tag=eloabder-20&linkCode=osi&th=1&psc=1">View Product</a></div><div class="product"><a href="https://www.amazon.com/dp/B0D75YFQYX?tag=eloabder-20&linkCode=osi&th=1&psc=1"><img src="https://m.media-amazon.com/images/I/31eJKO5QnML._SL500_.jpg" alt="Product Image"></a><p>3/4 inch Water Pipe Repair Clamp,Emergency Pipe Repair Kit for Plastic and Metal Pipes,Suitable for PE/PVC pipe repair,Steel Pipes,Iron Pipes(19mm-21mm)</p><p> -20% 0FF </p><p>$9.99</p><a href="https://www.amazon.com/dp/B0D75YFQYX?tag=eloabder-20&linkCode=osi&th=1&psc=1">View Product</a></div>
<div class="product"><a href="https://www.amazon.com/dp/B098LMBLNW?tag=eloabder-20&linkCode=osi&th=1&psc=1"><img src="https://m.media-amazon.com/images/I/51g1okYsY5L._SL500_.jpg" alt="Product Image"></a><p>1/2" Pex Fittings, SUNGATOR 45 PCS 1/2 Inch Pex Fittings Set, 15 Each Elbow Tee Coupling Pex Fittings for Pex Pipe, No Lead Brass, ASTM F1807</p><p> -8% 0FF </p><p>$33.99</p><a href="https://www.amazon.com/dp/B098LMBLNW?tag=eloabder-20&linkCode=osi&th=1&psc=1">View Product</a></div><div class="product"><a href="https://www.amazon.com/dp/B0C3HBKCBY?tag=eloabder-20&linkCode=osi&th=1&psc=1"><img src="https://m.media-amazon.com/images/I/51PQ+3I4XiL._SL500_.jpg" alt="Product Image"></a><p>KOOTANS 66pcs Brass Pipe Fittings Assortment NPT Adapter Fitting, Reducer Bushing, Hex Nipple, Reducing Hex Coupling, Pipe Head Brass Plug Kit</p><p> -13% 0FF </p><p>$69.99</p><a href="https://www.amazon.com/dp/B0C3HBKCBY?tag=eloabder-20&linkCode=osi&th=1&psc=1">View Product</a></div>
<div class="product"><a href="https://www.amazon.com/dp/B08G1B6Z73?tag=eloabder-20&linkCode=osi&th=1&psc=1"><img src="https://m.media-amazon.com/images/I/41fPrg-ewYS._SL500_.jpg" alt="Product Image"></a><p>SANFU Polyurethane Recoil Air Compressor Hose 1/4"ID x 25FT Long Tail with Bend Restrictor,1/4‚Äù MNPT Fittings Brass Quick Coupler and Plug, Blue(25')</p><p> -50% 0FF </p><p>$8.99 ($0.36 / Foot)</p><a href="https://www.amazon.com/dp/B08G1B6Z73?tag=eloabder-20&linkCode=osi&th=1&psc=1">View Product</a></div><div class="product"><a href="https://www.amazon.com/dp/B0D227WPF7?tag=eloabder-20&linkCode=osi&th=1&psc=1"><img src="https://m.media-amazon.com/images/I/41YwBSYYHuL._SL500_.jpg" alt="Product Image"></a><p>SANFU Polyurethane(PU) Air Hose 1/4-Inch x 100ft Reinforced, lightweight, Flexible, 300PSI With 1/4‚Äù Swivel Aluminum Universal 3IN1 Coupler and Plug, 1PCS Safery Coupler, Bend Restrictor</p><p> -50% 0FF </p><p>$25.99 ($0.26 / Foot)</p><a href="https://www.amazon.com/dp/B0D227WPF7?tag=eloabder-20&linkCode=osi&th=1&psc=1">View Product</a></div><div class="product"><a href="https://www.amazon.com/dp/B09W4KSB5X?tag=eloabder-20&linkCode=osi&th=1&psc=1"><img src="https://m.media-amazon.com/images/I/51w1yQMw7aL._SL500_.jpg" alt="Product Image"></a><p>DAVCO 1/2" ID x 25 ft PVC Reinforced Tubing With Spiral Steel Wire, High Pressure Flexible Vinyl Hose Heavy Duty Clear Suction Tube,Non-Toxic, Vacuum Dust Collection Pipe</p><p> -50% 0FF </p><p>$16.99 ($0.68 / Foot)</p><a href="https://www.amazon.com/dp/B09W4KSB5X?tag=eloabder-20&linkCode=osi&th=1&psc=1">View Product</a></div>

<div class="product"><a href="https://www.amazon.com/dp/B0CYYYZRV9?tag=eloabder-20&linkCode=osi&th=1&psc=1"><img src="https://m.media-amazon.com/images/I/41glXO+YSbL._SL500_.jpg" alt="Product Image"></a><p>YAMASO 20 Pcs 608 2RS Ball Bearings ‚Äì Bearing Steel and Double Rubber Sealed Miniature Deep Groove Ball Bearings (8mm x 22mm x 7mm)</p><p> -8% 0FF </p><p>$5.49</p><a href="https://www.amazon.com/dp/B0CYYYZRV9?tag=eloabder-20&linkCode=osi&th=1&psc=1">View Product</a></div><div class="product"><a href="https://www.amazon.com/dp/B09PKD8QZZ?tag=eloabder-20&linkCode=osi&th=1&psc=1"><img src="https://m.media-amazon.com/images/I/41BYfJNmMoL._SL500_.jpg" alt="Product Image"></a><p>SHKI 20 Pcs 608 2RS Ball Bearings ‚Äì Bearing Steel and Double Rubber Sealed Miniature Deep Groove Ball Bearings (8mm x 22mm x 7mm) (608 2RS)</p><p> -40% 0FF </p><p>$5.99 ($0.30 / Count)</p><a href="https://www.amazon.com/dp/B09PKD8QZZ?tag=eloabder-20&linkCode=osi&th=1&psc=1">View Product</a></div><div class="product"><a href="https://www.amazon.com/dp/B073ST742Z?tag=eloabder-20&linkCode=osi&th=1&psc=1"><img src="https://m.media-amazon.com/images/I/51dWjQm393L._SL500_.jpg" alt="Product Image"></a><p>100 Pack 608-2RS Skateboard Bearing, Rolling Bearings, 8x22x7mm 608rs Bearing</p><p> -11% 0FF </p><p>$17.79</p><a href="https://www.amazon.com/dp/B073ST742Z?tag=eloabder-20&linkCode=osi&th=1&psc=1">View Product</a></div><div class="product"><a href="https://www.amazon.com/dp/B07216D1SZ?tag=eloabder-20&linkCode=osi&th=1&psc=1"><img src="https://m.media-amazon.com/images/I/41P6KPblNDL._SL500_.jpg" alt="Product Image"></a><p>Sackorange 608 ZZ Skateboard Bearings, Double Shielded,8x22x7 Miniature Ball BearingsÔºàPack of 20)</p><p> -29% 0FF </p><p>$7.79</p><a href="https://www.amazon.com/dp/B07216D1SZ?tag=eloabder-20&linkCode=osi&th=1&psc=1">View Product</a></div>
<div class="product"><a href="https://www.amazon.com/dp/B09KRGTLVM?tag=eloabder-20&linkCode=osi&th=1&psc=1"><img src="https://m.media-amazon.com/images/I/41zMlgeopqL._SL500_.jpg" alt="Product Image"></a><p>Vevitts Small Brushed Permanent Magnet Electric Motor for E Scooter Drive Speed Control 24V 350W 3000RPM</p><p> -20% 0FF </p><p>$39.98</p><a href="https://www.amazon.com/dp/B09KRGTLVM?tag=eloabder-20&linkCode=osi&th=1&psc=1">View Product</a></div><div class="product"><a href="https://www.amazon.com/dp/B01M58POHF?tag=eloabder-20&linkCode=osi&th=1&psc=1"><img src="https://m.media-amazon.com/images/I/41dQTChYsBL._SL500_.jpg" alt="Product Image"></a><p>AUTOTOOLHOME 6-12V Mini DC Motor High Torque Gear for Traxxas R/C and Power Wheels PCB DIY Electric Drill</p><p> -23% 0FF </p><p>$6.89</p><a href="https://www.amazon.com/dp/B01M58POHF?tag=eloabder-20&linkCode=osi&th=1&psc=1">View Product</a></div><div class="product"><a href="https://www.amazon.com/dp/B072R5G5GR?tag=eloabder-20&linkCode=osi&th=1&psc=1"><img src="https://m.media-amazon.com/images/I/41Z6ru+wWIL._SL500_.jpg" alt="Product Image"></a><p>Greartisan DC 12V 550RPM Gear Motor High Torque Electric Micro Speed Reduction Geared Motor Centric Output Shaft 37mm Diameter Gearbox</p><p> -6% 0FF </p><p>$14.99</p><a href="https://www.amazon.com/dp/B072R5G5GR?tag=eloabder-20&linkCode=osi&th=1&psc=1">View Product</a></div><div class="product"><a href="https://www.amazon.com/dp/B0CZVH445F?tag=eloabder-20&linkCode=osi&th=1&psc=1"><img src="https://m.media-amazon.com/images/I/51cTdXLKa7L._SL500_.jpg" alt="Product Image"></a><p>6Pcs 280 Micro DC Motors 3V-12V 13500RPM 0.5A with 2.8mm Insulated Connector & 6inch 20AWG Wire for RC Boat, DIY Airplane, Model Toys, 12V DC Motor Compatible</p><p> -23% 0FF </p><p>$9.99</p><a href="https://www.amazon.com/dp/B0CZVH445F?tag=eloabder-20&linkCode=osi&th=1&psc=1">View Product</a></div>
<div class="product"><a href="https://www.amazon.com/dp/B07L7XCSDW?tag=eloabder-20&linkCode=osi&th=1&psc=1"><img src="https://m.media-amazon.com/images/I/31lErudRYvL._SL500_.jpg" alt="Product Image"></a><p>DC HOUSE 12 Inch 12" High Speed 14mm/s Linear Actuator Motor 1000N DC12V with Mounting Brackets</p><p> -7% 0FF </p><p>$39.98</p><a href="https://www.amazon.com/dp/B07L7XCSDW?tag=eloabder-20&linkCode=osi&th=1&psc=1">View Product</a></div><div class="product"><a href="https://www.amazon.com/dp/B07X3Z68GV?tag=eloabder-20&linkCode=osi&th=1&psc=1"><img src="https://m.media-amazon.com/images/I/41j8dmqKsnS._SL500_.jpg" alt="Product Image"></a><p>Electric Micro Linear Actuator 12V - 1.2" Stroke, 64N/14.4lb, Speed 0.6inch/s Mini Waterproof Motion Actuator Small 12 V DC, w/Mounting Brackets, for Sofa Robotic TV Table Cabinet Window Opener Lift</p><p> -16% 0FF </p><p>$30.99 ($19.37 / oz)</p><a href="https://www.amazon.com/dp/B07X3Z68GV?tag=eloabder-20&linkCode=osi&th=1&psc=1">View Product</a></div><div class="product"><a href="https://www.amazon.com/dp/B0CRV927YC?tag=eloabder-20&linkCode=osi&th=1&psc=1"><img src="https://m.media-amazon.com/images/I/41dEUHSH6sL._SL500_.jpg" alt="Product Image"></a><p>ECO-WORTHY Linear Actuator Heavy Duty 3000N/660lbs with Mounting Brackets Multi-Function (12V, 12")</p><p> -18% 0FF </p><p>$59.99</p><a href="https://www.amazon.com/dp/B0CRV927YC?tag=eloabder-20&linkCode=osi&th=1&psc=1">View Product</a></div>
<div class="product"><a href="https://www.amazon.com/dp/B07H8GL44M?tag=eloabder-20&linkCode=osi&th=1&psc=1"><img src="https://m.media-amazon.com/images/I/41TaGFITM0L._SL500_.jpg" alt="Product Image"></a><p>FAERSI 22680-7S000 AF10141 for 2003-2014 Altima & 2006-14 Maxima & 07-13 Sentra & 05-15 Xterra & 2003-2015 Murano | Infiniti 08-13 G37 & 05-08 G35 & More MAF Mass Air Flow Sensor</p><p> -30% 0FF </p><p>$21.68</p><a href="https://www.amazon.com/dp/B07H8GL44M?tag=eloabder-20&linkCode=osi&th=1&psc=1">View Product</a></div><div class="product"><a href="https://www.amazon.com/dp/B08TRKL94H?tag=eloabder-20&linkCode=osi&th=1&psc=1"><img src="https://m.media-amazon.com/images/I/314giu3g36L._SL500_.jpg" alt="Product Image"></a><p>Carbon Monoxide Detector,CO Gas Monitor Alarm Detector,CO Sensor with LED Digital Display for Home,Depot,Battery Powered</p><p> -5% 0FF </p><p>$11.99</p><a href="https://www.amazon.com/dp/B08TRKL94H?tag=eloabder-20&linkCode=osi&th=1&psc=1">View Product</a></div><div class="product"><a href="https://www.amazon.com/dp/B092HK5NJB?tag=eloabder-20&linkCode=osi&th=1&psc=1"><img src="https://m.media-amazon.com/images/I/41RyuQ28lQS._SL500_.jpg" alt="Product Image"></a><p>Marsflex TPMS Sensor, 13598772 for GM 315Mhz, Tire Pressure Monitoring Sensor Compatible with Buick Chevy Cadillac GMC, Tire Pressure Sensor Replacement 13586335,13598771 4 Pack</p><p> -21% 0FF </p><p>$23.81</p><a href="https://www.amazon.com/dp/B092HK5NJB?tag=eloabder-20&linkCode=osi&th=1&psc=1">View Product</a></div><div class="product"><a href="https://www.amazon.com/dp/B0DCBDS359?tag=eloabder-20&linkCode=osi&th=1&psc=1"><img src="https://m.media-amazon.com/images/I/519A7-IMkBL._SL500_.jpg" alt="Product Image"></a><p>Dual Knock Sensors with Wiring Harness and Intake Manifold Gasket Kit | for Chevy Silverado Avalanche Tahoe, GMC Sierra Yukon, Cadillac Hummer & More GM Vehicles | Replace# 12601822,213-3521,89060413</p><p> -6% 0FF </p><p>$33.99</p><a href="https://www.amazon.com/dp/B0DCBDS359?tag=eloabder-20&linkCode=osi&th=1&psc=1">View Product</a></div><div class="product"><a href="https://www.amazon.com/dp/B0CZP2DRW1?tag=eloabder-20&linkCode=osi&th=1&psc=1"><img src="https://m.media-amazon.com/images/I/31CtLXOX-tL._SL500_.jpg" alt="Product Image"></a><p>Mass Air Flow Sensor MAF Fit for 2007-2009 Avalanche Yukon Tahoe Sierra Silverado Suburban 1500 2500 3500 Replace 2451149 MA198 7410146 5S8048 15900023</p><p> -5% 0FF </p><p>$40.99</p><a href="https://www.amazon.com/dp/B0CZP2DRW1?tag=eloabder-20&linkCode=osi&th=1&psc=1">View Product</a></div>
<div class="product"><a href="https://www.amazon.com/dp/B0002YXE7K?tag=eloabder-20&linkCode=osi&th=1&psc=1"><img src="https://m.media-amazon.com/images/I/41hV+B-cOEL._SL500_.jpg" alt="Product Image"></a><p>Titebond, 8 oz, 8 Fl Oz</p><p> -46% 0FF </p><p>$6.51 ($0.81 / Fl Oz)</p><a href="https://www.amazon.com/dp/B0002YXE7K?tag=eloabder-20&linkCode=osi&th=1&psc=1">View Product</a></div><div class="product"><a href="https://www.amazon.com/dp/B077Z6LF91?tag=eloabder-20&linkCode=osi&th=1&psc=1"><img src="https://m.media-amazon.com/images/I/41IeFkWcsyL._SL500_.jpg" alt="Product Image"></a><p>APERA INSTRUMENTS AI209-T Value Series PH20 pH Tester Combo Kit, including the Maintenance Set, and a CalPod Solution Holder for Easy Calibration</p><p> -25% 0FF </p><p>$79.13</p><a href="https://www.amazon.com/dp/B077Z6LF91?tag=eloabder-20&linkCode=osi&th=1&psc=1">View Product</a></div><div class="product"><a href="https://www.amazon.com/dp/B09JV7Y9SZ?tag=eloabder-20&linkCode=osi&th=1&psc=1"><img src="https://m.media-amazon.com/images/I/31TckTV+diL._SL500_.jpg" alt="Product Image"></a><p>Dental Code Rings Instrument 100pcs Dental Color Code Rings Non‚Äë Silicone Dental Color Code Rings Accessory Supplies(02)</p><p> -32% 0FF </p><p>$4.29 ($4.29 / Count)</p><a href="https://www.amazon.com/dp/B09JV7Y9SZ?tag=eloabder-20&linkCode=osi&th=1&psc=1">View Product</a></div>
<div class="product"><a href="https://www.amazon.com/dp/B01NASZ0UM?tag=eloabder-20&linkCode=osi&th=1&psc=1"><img src="https://m.media-amazon.com/images/I/31MgtNuzDdL._SL500_.jpg" alt="Product Image"></a><p>BN-LINK Wireless Remote Control Electrical Outlet Switch for Lights, Fans, Christmas Lights, Small Appliance, Long Range White (Learning Code, 3Rx-1Tx) 1200W/10A</p><p> -43% 0FF </p><p>$16.99</p><a href="https://www.amazon.com/dp/B01NASZ0UM?tag=eloabder-20&linkCode=osi&th=1&psc=1">View Product</a></div><div class="product"><a href="https://www.amazon.com/dp/B0CTH8XDKW?tag=eloabder-20&linkCode=osi&th=1&psc=1"><img src="https://m.media-amazon.com/images/I/31-PaaCxdfL._SL500_.jpg" alt="Product Image"></a><p>DEWENWILS Indoor Remote Control Outlet, Wireless Remote Outlets Switch, 200FT Range, Remote Light Switch for Lights, Fans, Christmas Lights, 15A/1800WÔºåFCC & ETL Listed (5 Outlets + 2 Remotes)</p><p> -19% 0FF </p><p>$23.39</p><a href="https://www.amazon.com/dp/B0CTH8XDKW?tag=eloabder-20&linkCode=osi&th=1&psc=1">View Product</a></div><div class="product"><a href="https://www.amazon.com/dp/B072F9DGRL?tag=eloabder-20&linkCode=osi&th=1&psc=1"><img src="https://m.media-amazon.com/images/I/417lNJFodCS._SL500_.jpg" alt="Product Image"></a><p>Fosmon WavePoint Wireless Remote Control Outdoor Electrical Outlet Switch Weatherproof Heavy Duty 3-Prong Plug-in ETL Listed (Battery Included) 1 Pack</p><p> -50% 0FF </p><p>$11.08</p><a href="https://www.amazon.com/dp/B072F9DGRL?tag=eloabder-20&linkCode=osi&th=1&psc=1">View Product</a></div><div class="product"><a href="https://www.amazon.com/dp/B09X2W2TRT?tag=eloabder-20&linkCode=osi&th=1&psc=1"><img src="https://m.media-amazon.com/images/I/31PoJZqeG-L._SL500_.jpg" alt="Product Image"></a><p>DEWENWILS Indoor Remote Control Outlet, Wireless Remote Light Switch, No Interference Remote Outlet Switch, No Wiring, 15A/1875W, 100ft RF Range, Compact Design, Programmable</p><p> -11% 0FF </p><p>$12.99</p><a href="https://www.amazon.com/dp/B09X2W2TRT?tag=eloabder-20&linkCode=osi&th=1&psc=1">View Product</a></div><div class="product"><a href="https://www.amazon.com/dp/B07CYKNDC2?tag=eloabder-20&linkCode=osi&th=1&psc=1"><img src="https://m.media-amazon.com/images/I/31Fu9a5ikOL._SL500_.jpg" alt="Product Image"></a><p>BN-LINK Mini Wireless Remote Control Outlet Switch Power Plug In for Household Appliances, Wireless Remote Light Switch, LED Light Bulbs, White (1 Remote + 3 Outlet) 1250W/10A</p><p> -11% 0FF </p><p>$15.99</p><a href="https://www.amazon.com/dp/B07CYKNDC2?tag=eloabder-20&linkCode=osi&th=1&psc=1">View Product</a></div>
<div class="product"><a href="https://www.amazon.com/dp/B01AKGRTUM?tag=eloabder-20&linkCode=osi&th=1&psc=1"><img src="https://m.media-amazon.com/images/I/41UKqiyvz6L._SL500_.jpg" alt="Product Image"></a><p>Oral-B Pro 1000 Rechargeable Electric Toothbrush, Black</p><p> -29% 0FF </p><p>$49.94</p><a href="https://www.amazon.com/dp/B01AKGRTUM?tag=eloabder-20&linkCode=osi&th=1&psc=1">View Product</a></div><div class="product"><a href="https://www.amazon.com/dp/B0D6Y9PJJ3?tag=eloabder-20&linkCode=osi&th=1&psc=1"><img src="https://m.media-amazon.com/images/I/31CUz26rR-L._SL500_.jpg" alt="Product Image"></a><p>3Pack Car Carplay Cable for iPhone 16 15 Pro Max 15 Plus Car Charger, USB to USB C Cable 3FT for Car Charger Adapter, Carplay USB C Cord Accessories Charging for iPad 10th Gen/iPad Pro Air 5th-White</p><p> -30% 0FF </p><p>$13.99</p><a href="https://www.amazon.com/dp/B0D6Y9PJJ3?tag=eloabder-20&linkCode=osi&th=1&psc=1">View Product</a></div><div class="product"><a href="https://www.amazon.com/dp/B07DFFYCXS?tag=eloabder-20&linkCode=osi&th=1&psc=1"><img src="https://m.media-amazon.com/images/I/41NIsYLJG1L._SL500_.jpg" alt="Product Image"></a><p>Digital Caliper, Adoric 0-6" Calipers Measuring Tool - Electronic Micrometer Caliper with Large LCD Screen, Auto-Off Feature, Inch and Millimeter Conversion</p><p> -42% 0FF </p><p>$6.99</p><a href="https://www.amazon.com/dp/B07DFFYCXS?tag=eloabder-20&linkCode=osi&th=1&psc=1">View Product</a></div><div class="product"><a href="https://www.amazon.com/dp/B0CR3S4Y5V?tag=eloabder-20&linkCode=osi&th=1&psc=1"><img src="https://m.media-amazon.com/images/I/417gCCQxz9L._SL500_.jpg" alt="Product Image"></a><p>iPhone Charger 3Pack 10FT Apple MFi Certified Lightning Cable Fast Charging iPhone Charger Cord Compatible with iPhone 14 13 12 11 Pro Max XR XS X 8 7 6 Plus SE and More - Colorful</p><p> -64% 0FF </p><p>$9.99</p><a href="https://www.amazon.com/dp/B0CR3S4Y5V?tag=eloabder-20&linkCode=osi&th=1&psc=1">View Product</a></div><div class="product"><a href="https://www.amazon.com/dp/B0DBHTZ6CD?tag=eloabder-20&linkCode=osi&th=1&psc=1"><img src="https://m.media-amazon.com/images/I/41-NMv8UKZL._SL500_.jpg" alt="Product Image"></a><p>iPhone Charger 3pack 10FT Apple MFi Certified Long Lightning Cable Fast Charging Nylon Braided USB Charging Cable High Speed Transfer Cord for iPhone 14 13/12/11 Pro Max/XS MAX/XR/XS/X/8/7/Plus/6S</p><p> -30% 0FF </p><p>$6.99</p><a href="https://www.amazon.com/dp/B0DBHTZ6CD?tag=eloabder-20&linkCode=osi&th=1&psc=1">View Product</a></div>
<div class="product"><a href="https://www.amazon.com/dp/B09YSJQWRG?tag=eloabder-20&linkCode=osi&th=1&psc=1"><img src="https://m.media-amazon.com/images/I/413B1lBD-hL._SL500_.jpg" alt="Product Image"></a><p>Jesverty DC Power Supply Variable, 0-30V 0-10A Adjustable Switching DC Regulated Bench Power Supply with High Precision 4-Digit LED Display, 5V/2A USB Port, Coarse and Fine Adjustment SPS-3010</p><p> -9% 0FF </p><p>$59.99</p><a href="https://www.amazon.com/dp/B09YSJQWRG?tag=eloabder-20&linkCode=osi&th=1&psc=1">View Product</a></div><div class="product"><a href="https://www.amazon.com/dp/B0C17NLZNH?tag=eloabder-20&linkCode=osi&th=1&psc=1"><img src="https://m.media-amazon.com/images/I/41zjhhWu9lL._SL500_.jpg" alt="Product Image"></a><p>DC Power Supply Variable, 32V 10A Bench Power Supply with Encoder Knob, 4-Digits Display, Adjustable Regulated lab Power Supply with 5V 3.6A USB & Type-C Quick-Charge, Output Switch</p><p> -30% 0FF </p><p>$59.99</p><a href="https://www.amazon.com/dp/B0C17NLZNH?tag=eloabder-20&linkCode=osi&th=1&psc=1">View Product</a></div><div class="product"><a href="https://www.amazon.com/dp/B09BFCF13Y?tag=eloabder-20&linkCode=osi&th=1&psc=1"><img src="https://m.media-amazon.com/images/I/51J2ypqHaML._SL500_.jpg" alt="Product Image"></a><p>DC Power Supply Variable, Bench Power Supply with Encoder Adjustment Knob, Output Enable/Disable Button, Adjustable Power Supply with USB Quick-Charge, Short Circuit Alam (30V 10A Black)</p><p> -43% 0FF </p><p>$39.99</p><a href="https://www.amazon.com/dp/B09BFCF13Y?tag=eloabder-20&linkCode=osi&th=1&psc=1">View Product</a></div><div class="product"><a href="https://www.amazon.com/dp/B0CLY9B5XL?tag=eloabder-20&linkCode=osi&th=1&psc=1"><img src="https://m.media-amazon.com/images/I/41Z-aOJT4pL._SL500_.jpg" alt="Product Image"></a><p>Jesverty DC Power Supply Variable, 0-30V 0-10A Adjustable Switching DC Regulated Bench Power Supply with 20W USB & Type-C Quick-Charge, Encoder Knob, 4-Digit LED Display, Preset Memory - SPS-3010X</p><p> -39% 0FF </p><p>$39.99</p><a href="https://www.amazon.com/dp/B0CLY9B5XL?tag=eloabder-20&linkCode=osi&th=1&psc=1">View Product</a></div><div class="product"><a href="https://www.amazon.com/dp/B00R5CI1W0?tag=eloabder-20&linkCode=osi&th=1&psc=1"><img src="https://m.media-amazon.com/images/I/41ffWbR+GVL._SL500_.jpg" alt="Product Image"></a><p>MEAN WELL NDR-120-24 Single Output Industrial DIN Rail Power Supply, 24 Volts 5 Amps 120 Watts</p><p> -19% 0FF </p><p>$27.00</p><a href="https://www.amazon.com/dp/B00R5CI1W0?tag=eloabder-20&linkCode=osi&th=1&psc=1">View Product</a></div><div class="product"><a href="https://www.amazon.com/dp/B07512KQDW?tag=eloabder-20&linkCode=osi&th=1&psc=1"><img src="https://m.media-amazon.com/images/I/41Z+0wP-6xL._SL500_.jpg" alt="Product Image"></a><p>DC Power Supply Variable,0-30 V / 0-10 A LW-K3010D Adjustable Switching Regulated Power Supply Digital,with Alligator Leads US Power Cord Used for Spectrophotometer and lab Equipment Repair</p><p> -9% 0FF </p><p>$38.99</p><a href="https://www.amazon.com/dp/B07512KQDW?tag=eloabder-20&linkCode=osi&th=1&psc=1">View Product</a></div><div class="product"><a href="https://www.amazon.com/dp/B0CGX39NMK?tag=eloabder-20&linkCode=osi&th=1&psc=1"><img src="https://m.media-amazon.com/images/I/41IyjEYE7iL._SL500_.jpg" alt="Product Image"></a><p>Abestop AT6301 DC Power Supply Variable, 60V/10A/300W Adjustable Bench Power Supply with 10mV / 1mA High Resolution 4-Digits 2.8 inch LCD Display, 5V/1A USB Output</p><p> -11% 0FF </p><p>$129.99</p><a href="https://www.amazon.com/dp/B0CGX39NMK?tag=eloabder-20&linkCode=osi&th=1&psc=1">View Product</a></div>
<div class="product"><a href="https://www.amazon.com/dp/B0BD772SK3?tag=eloabder-20&linkCode=osi&th=1&psc=1"><img src="https://m.media-amazon.com/images/I/516CGhpMaUL._SL500_.jpg" alt="Product Image"></a><p>LED Garage Lights Bulb 2 Pack 180W 18000LM 6500K Led Shop Light with 6 Plus 1 Deformable Panels Basement Barn Ceiling Lights E26 and E27</p><p> -13% 0FF </p><p>$25.99 ($13.00 / Count)</p><a href="https://www.amazon.com/dp/B0BD772SK3?tag=eloabder-20&linkCode=osi&th=1&psc=1">View Product</a></div><div class="product"><a href="https://www.amazon.com/dp/B087JDFH4K?tag=eloabder-20&linkCode=osi&th=1&psc=1"><img src="https://m.media-amazon.com/images/I/310SxRkxkfL._SL500_.jpg" alt="Product Image"></a><p>Amico 6 Pack 6 Inch 5CCT Ultra-Thin LED Recessed Ceiling Light with Junction Box, 2700K/3000K/3500K/4000K/5000K Selectable, 12W Eqv 110W 1050LM Brightness Dimmable Canless Wafer Downlight, ETL & FCC</p><p> -29% 0FF </p><p>$49.99 ($8.33 / Count)</p><a href="https://www.amazon.com/dp/B087JDFH4K?tag=eloabder-20&linkCode=osi&th=1&psc=1">View Product</a></div><div class="product"><a href="https://www.amazon.com/dp/B0BZJ9MTST?tag=eloabder-20&linkCode=osi&th=1&psc=1"><img src="https://m.media-amazon.com/images/I/41nTB2ouhZL._SL500_.jpg" alt="Product Image"></a><p>Amico 36 Pack 6 Inch 5CCT Ultra-Thin LED Recessed Ceiling Light with Junction Box, 2700K/3000K/3500K/4000K/5000K Selectable, 12W Eqv 110W, Dimmable Can-Killer Downlight, 1050LM Brightness - ETL&FCC</p><p> -22% 0FF </p><p>$179.99 ($5.00 / Count)</p><a href="https://www.amazon.com/dp/B0BZJ9MTST?tag=eloabder-20&linkCode=osi&th=1&psc=1">View Product</a></div><div class="product"><a href="https://www.amazon.com/dp/B0B8MJV3HN?tag=eloabder-20&linkCode=osi&th=1&psc=1"><img src="https://m.media-amazon.com/images/I/51J2PJDbNgL._SL500_.jpg" alt="Product Image"></a><p>Ensenior 24 Pack 6 Inch LED Recessed Ceiling Light, Dimmable, 2700K-5000K 5CCT, 1050LM 12W 120V, High Brightness Canless Wafer Downlight - ETL&FCC&IC</p><p> -14% 0FF </p><p>$162.48 ($6.77 / Count)</p><a href="https://www.amazon.com/dp/B0B8MJV3HN?tag=eloabder-20&linkCode=osi&th=1&psc=1">View Product</a></div><div class="product"><a href="https://www.amazon.com/dp/B09QHSY5CP?tag=eloabder-20&linkCode=osi&th=1&psc=1"><img src="https://m.media-amazon.com/images/I/514QSD+bYiL._SL500_.jpg" alt="Product Image"></a><p>2 Pack LED Garage Light, 200W 20000LM 6500K LED Shop Lights, Garage Lights Ceiling Led with 6+1 Deformable Panels, Screw in E26/E27 Socket Bulb for Warehouse, Workshop, Basement, Barn, Garage Lighting</p><p> -18% 0FF </p><p>$26.99 ($13.50 / Count)</p><a href="https://www.amazon.com/dp/B09QHSY5CP?tag=eloabder-20&linkCode=osi&th=1&psc=1">View Product</a></div><div class="product"><a href="https://www.amazon.com/dp/B085SZQCL7?tag=eloabder-20&linkCode=osi&th=1&psc=1"><img src="https://m.media-amazon.com/images/I/41is51nuuHL._SL500_.jpg" alt="Product Image"></a><p>6 Pack 4FT Linkable LED Shop Light, Utility Shop Light Fixture, 4400lm, 42W [250W Equivalent], 5000K Daylight Shop Lights for Garage, Hanging or Surface Mount, with Power Cord, ETL, Black</p><p> -29% 0FF </p><p>$49.69 ($24.84 / Count)</p><a href="https://www.amazon.com/dp/B085SZQCL7?tag=eloabder-20&linkCode=osi&th=1&psc=1">View Product</a></div>
<div class="product"><a href="https://www.amazon.com/dp/B00075M1T6?tag=eloabder-20&linkCode=osi&th=1&psc=1"><img src="https://m.media-amazon.com/images/I/31Qodi9u+XL._SL500_.jpg" alt="Product Image"></a><p>Sunbeam¬Æ Heating Pad Standard Size</p><p> -28% 0FF </p><p>$17.99</p><a href="https://www.amazon.com/dp/B00075M1T6?tag=eloabder-20&linkCode=osi&th=1&psc=1">View Product</a></div><div class="product"><a href="https://www.amazon.com/dp/B08MV3Z3GK?tag=eloabder-20&linkCode=osi&th=1&psc=1"><img src="https://m.media-amazon.com/images/I/51D3Ss7U1DL._SL500_.jpg" alt="Product Image"></a><p>GENIANI King Size Heating Pad for Back Pain & Cramps Relief, FSA HSA Eligible, Auto Shut Off, Machine Washable, Moist Heat Pad for Neck & Shoulder, Knee, Leg, Heat Patches 12'‚Äò√ó24‚Äô‚Äô(Aqua Blue)</p><p> -38% 0FF </p><p>$24.97</p><a href="https://www.amazon.com/dp/B08MV3Z3GK?tag=eloabder-20&linkCode=osi&th=1&psc=1">View Product</a></div><div class="product"><a href="https://www.amazon.com/dp/B0B3MBQC57?tag=eloabder-20&linkCode=osi&th=1&psc=1"><img src="https://m.media-amazon.com/images/I/51nlW3dSxQL._SL500_.jpg" alt="Product Image"></a><p>Heating Pad for Back Pain Relief, Extra Large 33 x 17, Portable Heating Pad for Shoulder, Neck, Cramp, Menstrual Pain, with Upgraded 6 Timer & 6 Temperature Controller</p><p> -56% 0FF </p><p>$39.99 ($1.28 / Ounce)</p><a href="https://www.amazon.com/dp/B0B3MBQC57?tag=eloabder-20&linkCode=osi&th=1&psc=1">View Product</a></div><div class="product"><a href="https://www.amazon.com/dp/B00LX5CR0M?tag=eloabder-20&linkCode=osi&th=1&psc=1"><img src="https://m.media-amazon.com/images/I/51OIEWerJUL._SL500_.jpg" alt="Product Image"></a><p>Sunbeam Heating Pad for Neck & Shoulder Pain Relief, XL Renue, 4 Heat Settings with Auto-Off, Blue, 25-Inch x 25-Inch, Sapphire</p><p> -8% 0FF </p><p>$59.99</p><a href="https://www.amazon.com/dp/B00LX5CR0M?tag=eloabder-20&linkCode=osi&th=1&psc=1">View Product</a></div>
<div class="product"><a href="https://www.amazon.com/dp/B00L2LTYDK?tag=eloabder-20&linkCode=osi&th=1&psc=1"><img src="https://m.media-amazon.com/images/I/418TOAEPGxL._SL500_.jpg" alt="Product Image"></a><p>Ergodyne Chill Its 6602 Cooling Towel, Long Lasting Cooling Relief, Gray 29.50" x 13.00"</p><p> -88% 0FF </p><p>$6.23</p><a href="https://www.amazon.com/dp/B00L2LTYDK?tag=eloabder-20&linkCode=osi&th=1&psc=1">View Product</a></div><div class="product"><a href="https://www.amazon.com/dp/B08SHJ47JL?tag=eloabder-20&linkCode=osi&th=1&psc=1"><img src="https://m.media-amazon.com/images/I/41wR--y8NxL._SL500_.jpg" alt="Product Image"></a><p>Arctic Air Freedom Personal Air Cooler - Portable 3-Speed Neck Fan, Hands-Free Wearable Design, Lightweight, Cordless And Rechargeable</p><p> -34% 0FF </p><p>$19.65</p><a href="https://www.amazon.com/dp/B08SHJ47JL?tag=eloabder-20&linkCode=osi&th=1&psc=1">View Product</a></div><div class="product"><a href="https://www.amazon.com/dp/B003FO2B5U?tag=eloabder-20&linkCode=osi&th=1&psc=1"><img src="https://m.media-amazon.com/images/I/41fgkBDrkxL._SL500_.jpg" alt="Product Image"></a><p>Cool Coolers by Fit + Fresh, 4 Pack Slim Ice Packs, Space Saving Reusable Ice Packs for Lunch Boxes or Coolers, Blue, Single Pack</p><p> -6% 0FF </p><p>$9.44</p><a href="https://www.amazon.com/dp/B003FO2B5U?tag=eloabder-20&linkCode=osi&th=1&psc=1">View Product</a></div><div class="product"><a href="https://www.amazon.com/dp/B008A6M34C?tag=eloabder-20&linkCode=osi&th=1&psc=1"><img src="https://m.media-amazon.com/images/I/41ytzrZrLcL._SL500_.jpg" alt="Product Image"></a><p>FlexiKold Gel Soft Flexible Ice Packs for Injuries - Reusable Freezer Cold Pack, Cold Compress & Cooling Gel Pad for Face, Shoulder, Hip, Leg, Arm, Ankle & Foot Injury - Medium - 7.5‚Äù x 11.5‚Äù</p><p> -56% 0FF </p><p>$10.99 ($10.99 / Count)</p><a href="https://www.amazon.com/dp/B008A6M34C?tag=eloabder-20&linkCode=osi&th=1&psc=1">View Product</a></div><div class="product"><a href="https://www.amazon.com/dp/B00GAU74IK?tag=eloabder-20&linkCode=osi&th=1&psc=1"><img src="https://m.media-amazon.com/images/I/41n1pSkwTeL._SL500_.jpg" alt="Product Image"></a><p>BEKOOOL Soft Gel Sheets for Kids for Cooling Relief from Fever discomfort | 4 Count</p><p> -33% 0FF </p><p>$3.99 ($1.00 / Count)</p><a href="https://www.amazon.com/dp/B00GAU74IK?tag=eloabder-20&linkCode=osi&th=1&psc=1">View Product</a></div><div class="product"><a href="https://www.amazon.com/dp/B0CMJMB9J2?tag=eloabder-20&linkCode=osi&th=1&psc=1"><img src="https://m.media-amazon.com/images/I/41t6as6YB8L._SL500_.jpg" alt="Product Image"></a><p>TheraICE Shoulder Ice Pack Wrap/Reusable Ice Pack for Rotator Cuff & Shoulder Pain Relief Cold Therapy Compression/FocusZone Technology with Extra Cooling Support for Targeted Pain Relief</p><p> -33% 0FF </p><p>$39.95 ($39.95 / Count)</p><a href="https://www.amazon.com/dp/B0CMJMB9J2?tag=eloabder-20&linkCode=osi&th=1&psc=1">View Product</a></div>
<div class="product"><a href="https://www.amazon.com/dp/B07SHB2WF9?tag=eloabder-20&linkCode=osi&th=1&psc=1"><img src="https://m.media-amazon.com/images/I/51jQaLCBOvL._SL500_.jpg" alt="Product Image"></a><p>VIVOSUN 4 Inch 190 CFM Inline Fan with Speed Controller, 4 Inch Carbon Filter and 8 Feet of Ducting, Temperature Humidity Monitor for Grow Tent Ventilation</p><p> -16% 0FF </p><p>$129.99</p><a href="https://www.amazon.com/dp/B07SHB2WF9?tag=eloabder-20&linkCode=osi&th=1&psc=1">View Product</a></div><div class="product"><a href="https://www.amazon.com/dp/B01C82SYZ0?tag=eloabder-20&linkCode=osi&th=1&psc=1"><img src="https://m.media-amazon.com/images/I/412vSql4EpL._SL500_.jpg" alt="Product Image"></a><p>VIVOSUN 4 Inch Inline Duct Fan 100 CFM, HVAC Exhaust Ventilation Fan with Low Noise for Basements, Bathrooms, Kitchens and Attics, Silver</p><p> -8% 0FF </p><p>$22.99</p><a href="https://www.amazon.com/dp/B01C82SYZ0?tag=eloabder-20&linkCode=osi&th=1&psc=1">View Product</a></div><div class="product"><a href="https://www.amazon.com/dp/B0D2P8ZHLD?tag=eloabder-20&linkCode=osi&th=1&psc=1"><img src="https://m.media-amazon.com/images/I/41Y+uClljFL._SL500_.jpg" alt="Product Image"></a><p>Multifunctional 3D Printer Enclosure w/Adjustable Ventilation Kit Eliminate Odors Tent Cover Compatible with Anycubic Photon Mono, Elegoo Saturn/Mars 3/4 & Creality Halot Series Resin 3D Printer</p><p> -6% 0FF </p><p>$65.88</p><a href="https://www.amazon.com/dp/B0D2P8ZHLD?tag=eloabder-20&linkCode=osi&th=1&psc=1">View Product</a></div><div class="product"><a href="https://www.amazon.com/dp/B0CS6K1TM4?tag=eloabder-20&linkCode=osi&th=1&psc=1"><img src="https://m.media-amazon.com/images/I/51Xfkoo1eTL._SL500_.jpg" alt="Product Image"></a><p>HOCENWAY Upgrade 3-Layers Filter System Smoke Exhaust Kit with 5000RPM Fan and Speed Control Power Adapter for All Laser Engraver 3D Printer Enclosure Tent Cover DIY (Ventilation Kit)</p><p> -8% 0FF </p><p>$27.48</p><a href="https://www.amazon.com/dp/B0CS6K1TM4?tag=eloabder-20&linkCode=osi&th=1&psc=1">View Product</a></div>
<div class="product"><a href="https://www.amazon.com/dp/B086QNLBB4?tag=eloabder-20&linkCode=osi&th=1&psc=1"><img src="https://m.media-amazon.com/images/I/41qiFymeklL._SL500_.jpg" alt="Product Image"></a><p>Waterdrop Gravity Water Filter Straw, Camping Water Filtration System, Water Purifier Survival for Travel, Backpacking and Emergency Preparedness, 1.5 gal Bag, 0.1 Micron, 5 Stage Filtration</p><p> -7% 0FF </p><p>$39.99</p><a href="https://www.amazon.com/dp/B086QNLBB4?tag=eloabder-20&linkCode=osi&th=1&psc=1">View Product</a></div><div class="product"><a href="https://www.amazon.com/dp/B0BBQNZK7Y?tag=eloabder-20&linkCode=osi&th=1&psc=1"><img src="https://m.media-amazon.com/images/I/41uwbKvNw5L._SL500_.jpg" alt="Product Image"></a><p>SimPure V7 Under Sink Water Filter, 5-Stage Stainless Steel Water Filtration System Direct Connect to Kitchen Faucet, Reduces 99% Lead, Chlorine, Bad Taste, 20K Gallons (No Drilling Required)</p><p> -18% 0FF </p><p>$65.99 ($30.00 / kg)</p><a href="https://www.amazon.com/dp/B0BBQNZK7Y?tag=eloabder-20&linkCode=osi&th=1&psc=1">View Product</a></div><div class="product"><a href="https://www.amazon.com/dp/B07CHXVRS5?tag=eloabder-20&linkCode=osi&th=1&psc=1"><img src="https://m.media-amazon.com/images/I/41KdIPuSgRL._SL500_.jpg" alt="Product Image"></a><p>iSpring US31 Classic 3-Stage Under Sink Water Filtration System for Drinking, Tankless, High Capacity, Sediment + Carbon + Carbon (Newest Version)</p><p> -26% 0FF </p><p>$101.16</p><a href="https://www.amazon.com/dp/B07CHXVRS5?tag=eloabder-20&linkCode=osi&th=1&psc=1">View Product</a></div><div class="product"><a href="https://www.amazon.com/dp/B00QFXGSIY?tag=eloabder-20&linkCode=osi&th=1&psc=1"><img src="https://m.media-amazon.com/images/I/31c5SLHf3GL._SL500_.jpg" alt="Product Image"></a><p>Survivor Filter PRO - Hand Pump Camping Water Filtration System Survival - Water Purifier Survival</p><p> -20% 0FF </p><p>$55.96</p><a href="https://www.amazon.com/dp/B00QFXGSIY?tag=eloabder-20&linkCode=osi&th=1&psc=1">View Product</a></div>
<div class="product"><a href="https://www.amazon.com/dp/B0D8NXKXBK?tag=eloabder-20&linkCode=osi&th=1&psc=1"><img src="https://m.media-amazon.com/images/I/31sV17bo3CL._SL500_.jpg" alt="Product Image"></a><p>Pro Electric Water Purifier Survival w/Hand Pump, Portable Water Filter Camping Backpacking Hiking Outdoor Travel Emergency, Water Filtration System Survival, Water Purification Tablets Alternative</p><p> -20% 0FF </p><p>$79.99</p><a href="https://www.amazon.com/dp/B0D8NXKXBK?tag=eloabder-20&linkCode=osi&th=1&psc=1">View Product</a></div><div class="product"><a href="https://www.amazon.com/dp/B07PZBY7RL?tag=eloabder-20&linkCode=osi&th=1&psc=1"><img src="https://m.media-amazon.com/images/I/41YJFTk3wDL._SL500_.jpg" alt="Product Image"></a><p>Invigorated Water Alkaline Water Purification Unit, White, Plastic, pH001 Filter Included, Convenient Anti-Slip Design</p><p> -36% 0FF </p><p>$50.00</p><a href="https://www.amazon.com/dp/B07PZBY7RL?tag=eloabder-20&linkCode=osi&th=1&psc=1">View Product</a></div>
<div class="product"><a href="https://www.amazon.com/dp/B0CJ1B6D6S?tag=eloabder-20&linkCode=osi&th=1&psc=1"><img src="https://m.media-amazon.com/images/I/41Upf8lJ6ML._SL500_.jpg" alt="Product Image"></a><p>Scrub Daddy Scrub Mommy Sponges - Dish Scrubber + Non-Scratch Cleaning Sponges Kitchen, Bathroom + Multi-Surface Safe - Dual-Sided Dish Sponges for Scrubbing - Online Exclusive (3 Count)</p><p> -7% 0FF </p><p>$13.00 ($4.33 / Count)</p><a href="https://www.amazon.com/dp/B0CJ1B6D6S?tag=eloabder-20&linkCode=osi&th=1&psc=1">View Product</a></div><div class="product"><a href="https://www.amazon.com/dp/B07HF1GTYN?tag=eloabder-20&linkCode=osi&th=1&psc=1"><img src="https://m.media-amazon.com/images/I/61pFb41tDhL._SL500_.jpg" alt="Product Image"></a><p>Tamicy Mop Slippers Shoes 5 Pairs (10 Pieces) - Microfiber Cleaning House Mop Slippers Floor Cleaning Tools Shoe Cover Soft Washable Reusable Microfiber Foot Socks Floor Cleaning Tools Shoe Cover</p><p> -58% 0FF </p><p>$9.98 ($2.00 / Count)</p><a href="https://www.amazon.com/dp/B07HF1GTYN?tag=eloabder-20&linkCode=osi&th=1&psc=1">View Product</a></div><div class="product"><a href="https://www.amazon.com/dp/B07F268WY8?tag=eloabder-20&linkCode=osi&th=1&psc=1"><img src="https://m.media-amazon.com/images/I/51hKjGZILAL._SL500_.jpg" alt="Product Image"></a><p>Holikme 2 Pack Dryer Vent Cleaner Kit Clothes Dryer Lint Brush Vent Trap Cleaner Home Essentials Long Flexible Vacuum Brush</p><p> -50% 0FF </p><p>$7.99 ($4.00 / Count)</p><a href="https://www.amazon.com/dp/B07F268WY8?tag=eloabder-20&linkCode=osi&th=1&psc=1">View Product</a></div>


<div class="product"><a href="https://www.amazon.com/dp/B06XJ17JVD?tag=eloabder-20&linkCode=osi&th=1&psc=1"><img src="https://m.media-amazon.com/images/I/51OoCqwxbrL._SL500_.jpg" alt="Product Image"></a><p>Rust-Oleum 293513 Rocksolid Polycuramine Garage Oil Floor Coating, 2.5 Car Kit, Gray, 180 Fl Oz (Pack of 1)</p><p> -35% 0FF </p><p>$240.00 ($1.33 / Fl Oz)</p><a href="https://www.amazon.com/dp/B06XJ17JVD?tag=eloabder-20&linkCode=osi&th=1&psc=1">View Product</a></div><div class="product"><a href="https://www.amazon.com/dp/B099SFV2MB?tag=eloabder-20&linkCode=osi&th=1&psc=1"><img src="https://m.media-amazon.com/images/I/41SuYdUgtXL._SL500_.jpg" alt="Product Image"></a><p>Adam's Polishes Advanced Graphene Ceramic Coating - 10H Graphene Coating for Auto Detailing, 9+ Years of Car Protection & Patented UV Technology, Apply After Car Wash & Paint Correction</p><p> -15% 0FF </p><p>$138.54</p><a href="https://www.amazon.com/dp/B099SFV2MB?tag=eloabder-20&linkCode=osi&th=1&psc=1">View Product</a></div><div class="product"><a href="https://www.amazon.com/dp/B07B8RY7M6?tag=eloabder-20&linkCode=osi&th=1&psc=1"><img src="https://m.media-amazon.com/images/I/31G91iuk9RL._SL500_.jpg" alt="Product Image"></a><p>MG Chemicals - 419D-55ML 419D Premium Acrylic Conformal Coating, 55 mL Bottle, IPC 830, UL 94V-0 (File # E203094), Clear, 1.86 Fl Oz (Pack of 1)</p><p> -17% 0FF </p><p>$15.95 ($8.62 / Fl Oz)</p><a href="https://www.amazon.com/dp/B07B8RY7M6?tag=eloabder-20&linkCode=osi&th=1&psc=1">View Product</a></div>
<div class="product"><a href="https://www.amazon.com/dp/B005E9KJYE?tag=eloabder-20&linkCode=osi&th=1&psc=1"><img src="https://m.media-amazon.com/images/I/517PNa1vQiL._SL500_.jpg" alt="Product Image"></a><p>Colorations - SWT16 Simply Washable Tempera Paints, 16 fl oz, Set of 11 Colors, Non Toxic, Vibrant, Bold, Kids Paint, Craft, Hobby, Arts & Crafts, Fun, Art Supplies</p><p> -15% 0FF </p><p>$45.89 ($0.26 / Fl Oz)</p><a href="https://www.amazon.com/dp/B005E9KJYE?tag=eloabder-20&linkCode=osi&th=1&psc=1">View Product</a></div><div class="product"><a href="https://www.amazon.com/dp/B01HZP45BM?tag=eloabder-20&linkCode=osi&th=1&psc=1"><img src="https://m.media-amazon.com/images/I/51qsgeT-koL._SL500_.jpg" alt="Product Image"></a><p>Colorations Washable Tempera Paint, Set of 6 Colors, 8oz Each, Non Toxic Paint, Vibrant Paint, Craft Paint Children, Art Supplies, Homeschool, Home School Use</p><p> -15% 0FF </p><p>$16.99 ($0.35 / Fl Oz)</p><a href="https://www.amazon.com/dp/B01HZP45BM?tag=eloabder-20&linkCode=osi&th=1&psc=1">View Product</a></div><div class="product"><a href="https://www.amazon.com/dp/B01HZP4IFA?tag=eloabder-20&linkCode=osi&th=1&psc=1"><img src="https://m.media-amazon.com/images/I/41tdzr9-azL._SL500_.jpg" alt="Product Image"></a><p>Colorations - LWPACK Liquid Watercolor Paint, 4 fl oz, Set of 6, Non-Toxic, Painting, Kids, Craft, Hobby, Fun, Water Color, Posters, Cool Effects, Versatile, Gift</p><p> -10% 0FF </p><p>$18.89 ($0.79 / Fl Oz)</p><a href="https://www.amazon.com/dp/B01HZP4IFA?tag=eloabder-20&linkCode=osi&th=1&psc=1">View Product</a></div><div class="product"><a href="https://www.amazon.com/dp/B000PIK1YC?tag=eloabder-20&linkCode=osi&th=1&psc=1"><img src="https://m.media-amazon.com/images/I/31-jP8tO9yL._SL500_.jpg" alt="Product Image"></a><p>Rust-Oleum 7579838 Professional High Performance Enamel Spray Paint, 15 Oz, Gloss Black</p><p> -9% 0FF </p><p>$9.98 ($0.67 / Ounce)</p><a href="https://www.amazon.com/dp/B000PIK1YC?tag=eloabder-20&linkCode=osi&th=1&psc=1">View Product</a></div>


<div class="product"><a href="https://www.amazon.com/dp/B002SG7PPC?tag=eloabder-20&linkCode=osi&th=1&psc=1"><img src="https://m.media-amazon.com/images/I/31YVD0b4-1L._SL500_.jpg" alt="Product Image"></a><p>Mitutoyo 050101, Edge Finder, 3/8" Dia. Shank, .200" Dia. Tip</p><p> -21% 0FF </p><p>$16.55</p><a href="https://www.amazon.com/dp/B002SG7PPC?tag=eloabder-20&linkCode=osi&th=1&psc=1">View Product</a></div><div class="product"><a href="https://www.amazon.com/dp/1259827445?tag=eloabder-20&linkCode=osi&th=1&psc=1"><img src="https://m.media-amazon.com/images/I/41+0n7UFhrL._SL500_.jpg" alt="Product Image"></a><p>Machining and CNC Technology</p><p> -42% 0FF </p><p>$199.97</p><a href="https://www.amazon.com/dp/1259827445?tag=eloabder-20&linkCode=osi&th=1&psc=1">View Product</a></div><div class="product"><a href="https://www.amazon.com/dp/B07RM1D6WD?tag=eloabder-20&linkCode=osi&th=1&psc=1"><img src="https://m.media-amazon.com/images/I/41WW3tVXkmL._SL500_.jpg" alt="Product Image"></a><p>AFA Tooling - Deburring Tool with 11 High Speed Steel Swivel Blades - Works on Metal, Resin, PVC Pipes, Copper, Plastic and 3D Printed Edges - Plumbing & 3D Printing Burr Removal Reamer Tool</p><p> -20% 0FF </p><p>$15.95 ($9.11 / 100 g)</p><a href="https://www.amazon.com/dp/B07RM1D6WD?tag=eloabder-20&linkCode=osi&th=1&psc=1">View Product</a></div>
<div class="product"><a href="https://www.amazon.com/dp/B08VHYX96W?tag=eloabder-20&linkCode=osi&th=1&psc=1"><img src="https://m.media-amazon.com/images/I/518vzX0FwcL._SL500_.jpg" alt="Product Image"></a><p>HARDELL Mini Cordless Rotary Tool Kit, 5-Speed and USB Charging with 61 Accessories, Multi-Purpose 3.7V Power Rotary Tool for Sanding, Polishing, Drilling, Etching, Engraving, DIY Crafts</p><p> -17% 0FF </p><p>$24.99</p><a href="https://www.amazon.com/dp/B08VHYX96W?tag=eloabder-20&linkCode=osi&th=1&psc=1">View Product</a></div><div class="product"><a href="https://www.amazon.com/dp/B093229VY9?tag=eloabder-20&linkCode=osi&th=1&psc=1"><img src="https://m.media-amazon.com/images/I/51Wby41ESCL._SL500_.jpg" alt="Product Image"></a><p>KATA 4-PACK Folding Utility Knife, Heavy Duty Box Cutter with 20pcs SK5 Quick Change Blades, Safety Lock Back Design, Used for Cutting Cartons, Cardboards and Boxes</p><p> -23% 0FF </p><p>$9.99 ($2.50 / Count)</p><a href="https://www.amazon.com/dp/B093229VY9?tag=eloabder-20&linkCode=osi&th=1&psc=1">View Product</a></div><div class="product"><a href="https://www.amazon.com/dp/B09QXBC6XL?tag=eloabder-20&linkCode=osi&th=1&psc=1"><img src="https://m.media-amazon.com/images/I/41JcpPv9cXL._SL500_.jpg" alt="Product Image"></a><p>180W Rotary Tool Kit, 1.5-Amp PHALANX 6 Variable Speed with Flex Shaft, 8000-32000RPM Multi-Tool& 139pcs Accessories Kit, Power Multiuse Set Prefect for Crafting Projects and DIY Creations‚Ä¶</p><p> -23% 0FF </p><p>$39.99</p><a href="https://www.amazon.com/dp/B09QXBC6XL?tag=eloabder-20&linkCode=osi&th=1&psc=1">View Product</a></div><div class="product"><a href="https://www.amazon.com/dp/B07GR7QF63?tag=eloabder-20&linkCode=osi&th=1&psc=1"><img src="https://m.media-amazon.com/images/I/319qwqAeKXL._SL500_.jpg" alt="Product Image"></a><p>IGAN-170 Wire Cutters, Precision Electronics Flush Cutter, One of the Strongest and Sharpest Side Cutting pliers with an Opening Spring, Ideal for Ultra-fine Cutting Needs.</p><p> -24% 0FF </p><p>$6.97</p><a href="https://www.amazon.com/dp/B07GR7QF63?tag=eloabder-20&linkCode=osi&th=1&psc=1">View Product</a></div>

<div class="product"><a href="https://www.amazon.com/dp/B01LRVX4AS?tag=eloabder-20&linkCode=osi&th=1&psc=1"><img src="https://m.media-amazon.com/images/I/41eRX8GkL8L._SL500_.jpg" alt="Product Image"></a><p>JKSafety 9 Pockets Class 2 High Visibility Zipper Front Safety Vest With Reflective Strips,Meets ANSI/ISEA Standard (Large, 150-Yellow)</p><p> -10% 0FF </p><p>$8.99</p><a href="https://www.amazon.com/dp/B01LRVX4AS?tag=eloabder-20&linkCode=osi&th=1&psc=1">View Product</a></div><div class="product"><a href="https://www.amazon.com/dp/B01LDPHX7S?tag=eloabder-20&linkCode=osi&th=1&psc=1"><img src="https://m.media-amazon.com/images/I/41pcC4hFanL._SL500_.jpg" alt="Product Image"></a><p>Ergodyne GloWear 8377 Type R Class 3 Lime Quilted Bomber Jacket, High Visibility Reflective Insulation, X-Large</p><p> -17% 0FF </p><p>$34.99</p><a href="https://www.amazon.com/dp/B01LDPHX7S?tag=eloabder-20&linkCode=osi&th=1&psc=1">View Product</a></div><div class="product"><a href="https://www.amazon.com/dp/B0CRV7G3WW?tag=eloabder-20&linkCode=osi&th=1&psc=1"><img src="https://m.media-amazon.com/images/I/41KOsJq8HTL._SL500_.jpg" alt="Product Image"></a><p>Bilymate LED Reflective Vest Running Gear,High Visibility with usb Rechargeable Light Up safety Vest for Walking Running Cycling,Adjustable for Men Women Kids Flourence Green</p><p> -50% 0FF </p><p>$6.45</p><a href="https://www.amazon.com/dp/B0CRV7G3WW?tag=eloabder-20&linkCode=osi&th=1&psc=1">View Product</a></div>
<div class="product"><a href="https://www.amazon.com/dp/B01N2ZTB7M?tag=eloabder-20&linkCode=osi&th=1&psc=1"><img src="https://m.media-amazon.com/images/I/419b0AGprhL._SL500_.jpg" alt="Product Image"></a><p>Sellstrom Advantage Face Shield - Lightweight Mask with Crown & Ratchet Headgear, for Work, Grinding, Cutting - ANSI Z87.1 - Clear Uncoated Polycarbonate Window</p><p> -8% 0FF </p><p>$14.39</p><a href="https://www.amazon.com/dp/B01N2ZTB7M?tag=eloabder-20&linkCode=osi&th=1&psc=1">View Product</a></div><div class="product"><a href="https://www.amazon.com/dp/B008MCUZZS?tag=eloabder-20&linkCode=osi&th=1&psc=1"><img src="https://m.media-amazon.com/images/I/51FPpkx4CEL._SL500_.jpg" alt="Product Image"></a><p>3M 8210 Particulate Respirator, N95, Pack of 20 Disposable Respirator, Two-Strap Cup Style Design, Lightweight with Cushioning Nose Foam, NIOSH Approved</p><p> -45% 0FF </p><p>$15.49 ($0.77 / Count)</p><a href="https://www.amazon.com/dp/B008MCUZZS?tag=eloabder-20&linkCode=osi&th=1&psc=1">View Product</a></div><div class="product"><a href="https://www.amazon.com/dp/B08GBRY816?tag=eloabder-20&linkCode=osi&th=1&psc=1"><img src="https://m.media-amazon.com/images/I/51Z0iPJV4uL._SL500_.jpg" alt="Product Image"></a><p>NEIKO 53880A Forestry Helmet for Safety with Shield and Earmuffs, Chainsaw Helmet with Face Shield, Hard Hat Safety Gear Equipment, Protective Face Shield and Mesh Shield for Face Protection</p><p> -18% 0FF </p><p>$27.16</p><a href="https://www.amazon.com/dp/B08GBRY816?tag=eloabder-20&linkCode=osi&th=1&psc=1">View Product</a></div><div class="product"><a href="https://www.amazon.com/dp/B0BLF15Y9Q?tag=eloabder-20&linkCode=osi&th=1&psc=1"><img src="https://m.media-amazon.com/images/I/51+GJrSaWPL._SL500_.jpg" alt="Product Image"></a><p>Tanden Skating Protective Gear Adult Knee and Elbow Pads Wrist Guards for Roller Skating Skateboarding, Skate Pads Adult Knee Pads for Men Women Black</p><p> -6% 0FF </p><p>$26.99</p><a href="https://www.amazon.com/dp/B0BLF15Y9Q?tag=eloabder-20&linkCode=osi&th=1&psc=1">View Product</a></div>
<div class="product"><a href="https://www.amazon.com/dp/B0C9SBFGZR?tag=eloabder-20&linkCode=osi&th=1&psc=1"><img src="https://m.media-amazon.com/images/I/51yTPVBbEUL._SL500_.jpg" alt="Product Image"></a><p>Supmedic Nitrile Exam Glove, 3.5 mil Disposable Medical Gloves Powder-Free Latex-Free, Box of 100 pcs (Blue) (Medium)</p><p> -16% 0FF </p><p>$8.42</p><a href="https://www.amazon.com/dp/B0C9SBFGZR?tag=eloabder-20&linkCode=osi&th=1&psc=1">View Product</a></div><div class="product"><a href="https://www.amazon.com/dp/B07KYWVCP6?tag=eloabder-20&linkCode=osi&th=1&psc=1"><img src="https://m.media-amazon.com/images/I/41q59vUJw6L._SL500_.jpg" alt="Product Image"></a><p>MED PRIDE Medical Vinyl Examination Gloves (Large, 100-Count) Latex & Rubber Free, Ultra-Strong, Clear Disposable Powder-Free Gloves for Healthcare & Food Handling Use</p><p> -11% 0FF </p><p>$7.99 ($0.08 / Count)</p><a href="https://www.amazon.com/dp/B07KYWVCP6?tag=eloabder-20&linkCode=osi&th=1&psc=1">View Product</a></div><div class="product"><a href="https://www.amazon.com/dp/B09KTQMMCM?tag=eloabder-20&linkCode=osi&th=1&psc=1"><img src="https://m.media-amazon.com/images/I/41mQ4yEa-wL._SL500_.jpg" alt="Product Image"></a><p>Schneider Black Vinyl Exam Gloves, 4mil, Disposable Latex-Free, Plastic Gloves for Medical, Cooking, Cleaning, and Food Prep, Sizes Medium</p><p> -20% 0FF </p><p>$7.99</p><a href="https://www.amazon.com/dp/B09KTQMMCM?tag=eloabder-20&linkCode=osi&th=1&psc=1">View Product</a></div><div class="product"><a href="https://www.amazon.com/dp/B09KRT18KC?tag=eloabder-20&linkCode=osi&th=1&psc=1"><img src="https://m.media-amazon.com/images/I/415qb2LeE6L._SL500_.jpg" alt="Product Image"></a><p>Schneider Clear Vinyl Exam Gloves, 4-mil, Medium 100-ct Box, Latex-Free, Rubber Disposable Gloves For Medical, Cleaning , Food Prep, Food Safe, Powder-Free, Non-Sterile</p><p> -20% 0FF </p><p>$7.97 ($0.08 / Count)</p><a href="https://www.amazon.com/dp/B09KRT18KC?tag=eloabder-20&linkCode=osi&th=1&psc=1">View Product</a></div><div class="product"><a href="https://www.amazon.com/dp/B08WJQR2CR?tag=eloabder-20&linkCode=osi&th=1&psc=1"><img src="https://m.media-amazon.com/images/I/414Y7CgkL2L._SL500_.jpg" alt="Product Image"></a><p>FifthPulse Black Vinyl Disposable Gloves Large 50 Pack - Latex Free, Powder Free Medical Exam Gloves - Surgical, Home, Cleaning, and Food Gloves - 3 Mil Thickness</p><p> -60% 0FF </p><p>$5.59</p><a href="https://www.amazon.com/dp/B08WJQR2CR?tag=eloabder-20&linkCode=osi&th=1&psc=1">View Product</a></div><div class="product"><a href="https://www.amazon.com/dp/B0C9MZRBR7?tag=eloabder-20&linkCode=osi&th=1&psc=1"><img src="https://m.media-amazon.com/images/I/41STIBt58JL._SL500_.jpg" alt="Product Image"></a><p>Caring Nitrile Exam Gloves (100ct), Powder Free and Not Made with Natural Rubber Latex, Gloves for Medical Use, Cleaning, Food Prep and More, Large</p><p> -13% 0FF </p><p>$6.99</p><a href="https://www.amazon.com/dp/B0C9MZRBR7?tag=eloabder-20&linkCode=osi&th=1&psc=1">View Product</a></div><div class="product"><a href="https://www.amazon.com/dp/B087LXWY99?tag=eloabder-20&linkCode=osi&th=1&psc=1"><img src="https://m.media-amazon.com/images/I/51ILZr2xj3L._SL500_.jpg" alt="Product Image"></a><p>Basic Medical Blue Nitrile Exam Gloves - Latex-Free & Powder-Free - NGPF-7002 (Case of 1,000), Medium</p><p> -16% 0FF </p><p>$32.82 ($0.03 / Count)</p><a href="https://www.amazon.com/dp/B087LXWY99?tag=eloabder-20&linkCode=osi&th=1&psc=1">View Product</a></div>
<div class="product"><a href="https://www.amazon.com/dp/B09P4DBZHY?tag=eloabder-20&linkCode=osi&th=1&psc=1"><img src="https://m.media-amazon.com/images/I/31YZa5T8JCL._SL500_.jpg" alt="Product Image"></a><p>3M Hard Hat SecureFit H-701SFR-UV, White, Non-Vented Cap Style Safety Helmet with Uvicator Sensor, 4-Point Pressure Diffusion Ratchet Suspension, ANSI Z87.1</p><p> -12% 0FF </p><p>$16.25</p><a href="https://www.amazon.com/dp/B09P4DBZHY?tag=eloabder-20&linkCode=osi&th=1&psc=1">View Product</a></div><div class="product"><a href="https://www.amazon.com/dp/B09VBV3T78?tag=eloabder-20&linkCode=osi&th=1&psc=1"><img src="https://m.media-amazon.com/images/I/31BEt7CIKkL._SL500_.jpg" alt="Product Image"></a><p>UNINOVA Vented Hard Hat with Visor OSHA Construction Safety Helmet 6 pt. Ratchet Suspension Cascos De Construccion ANSI Z89.1 Type I Class C Hardhats(S1 White Smoked)</p><p> -46% 0FF </p><p>$29.99</p><a href="https://www.amazon.com/dp/B09VBV3T78?tag=eloabder-20&linkCode=osi&th=1&psc=1">View Product</a></div>
<div class="product"><a href="https://www.amazon.com/dp/B08C7HDF1F?tag=eloabder-20&linkCode=osi&th=1&psc=1"><img src="https://m.media-amazon.com/images/I/51v5EoPjf3L._SL500_.jpg" alt="Product Image"></a><p>NNPCBT 100PCS 3 Ply Black Disposable Face Mask Filter Protection Face Masks</p><p> -33% 0FF </p><p>$9.98 ($0.10 / Count)</p><a href="https://www.amazon.com/dp/B08C7HDF1F?tag=eloabder-20&linkCode=osi&th=1&psc=1">View Product</a></div><div class="product"><a href="https://www.amazon.com/dp/B09GNXYWDQ?tag=eloabder-20&linkCode=osi&th=1&psc=1"><img src="https://m.media-amazon.com/images/I/41VrygLbB9L._SL500_.jpg" alt="Product Image"></a><p>Gleeporte [Pack Of 100] Black Disposable Face Mask, 3-Ply Adult Masks, Facial Cover with Elastic Earloops For Home, Office, School, and Outdoors</p><p> -22% 0FF </p><p>$6.99 ($0.07 / Count)</p><a href="https://www.amazon.com/dp/B09GNXYWDQ?tag=eloabder-20&linkCode=osi&th=1&psc=1">View Product</a></div><div class="product"><a href="https://www.amazon.com/dp/B08Y8NVW6Y?tag=eloabder-20&linkCode=osi&th=1&psc=1"><img src="https://m.media-amazon.com/images/I/51-zA01VM0L._SL500_.jpg" alt="Product Image"></a><p>LEMENT 50pcs KN95 Face Mask Black 5 Layer Cup Dust Safety Masks Filter Efficiency‚â•95% Breathable Elastic Ear Loops Black Masks</p><p> -33% 0FF </p><p>$19.99 ($0.40 / Count)</p><a href="https://www.amazon.com/dp/B08Y8NVW6Y?tag=eloabder-20&linkCode=osi&th=1&psc=1">View Product</a></div><div class="product"><a href="https://www.amazon.com/dp/B089TX3BPY?tag=eloabder-20&linkCode=osi&th=1&psc=1"><img src="https://m.media-amazon.com/images/I/41qr1sidczL._SL500_.jpg" alt="Product Image"></a><p>Hygenix 3ply Disposable Face Masks PFE 99% Filter Quality Tested by a US lab (Pack of 50 Pcs)</p><p> -13% 0FF </p><p>$12.99 ($0.26 / Count)</p><a href="https://www.amazon.com/dp/B089TX3BPY?tag=eloabder-20&linkCode=osi&th=1&psc=1">View Product</a></div><div class="product"><a href="https://www.amazon.com/dp/B09GLY1S79?tag=eloabder-20&linkCode=osi&th=1&psc=1"><img src="https://m.media-amazon.com/images/I/511vKreiG-L._SL500_.jpg" alt="Product Image"></a><p>Funight KN95 Face Masks 50 Pack 5-Ply Breathable Filter Disposable Face Masks Black</p><p> -50% 0FF </p><p>$19.99 ($0.40 / Count)</p><a href="https://www.amazon.com/dp/B09GLY1S79?tag=eloabder-20&linkCode=osi&th=1&psc=1">View Product</a></div>
<div class="product"><a href="https://www.amazon.com/dp/B07MNZ7C1M?tag=eloabder-20&linkCode=osi&th=1&psc=1"><img src="https://m.media-amazon.com/images/I/41qn5bUxuzL._SL500_.jpg" alt="Product Image"></a><p>ProCase Noise Reduction Ear Muffs, SNR 34dB Noise Cancelling Headphones for Adults Kids Autism, Adjustable Sound Proof Ear Protection for Shooting Mowing Construction -Red</p><p> -21% 0FF </p><p>$14.99</p><a href="https://www.amazon.com/dp/B07MNZ7C1M?tag=eloabder-20&linkCode=osi&th=1&psc=1">View Product</a></div><div class="product"><a href="https://www.amazon.com/dp/B0C5SMT3TX?tag=eloabder-20&linkCode=osi&th=1&psc=1"><img src="https://m.media-amazon.com/images/I/31TGEeMQNBL._SL500_.jpg" alt="Product Image"></a><p>ZOHAN 012 Hearing Protection Earmuffs for Noise Reduction - NRR 28dB Adjustable Safety Ear Muffs for Mowing, Autism, Sporting Events, Outdoor Work, Construction - Purple</p><p> -50% 0FF </p><p>$7.99</p><a href="https://www.amazon.com/dp/B0C5SMT3TX?tag=eloabder-20&linkCode=osi&th=1&psc=1">View Product</a></div><div class="product"><a href="https://www.amazon.com/dp/B01MXYJ2QP?tag=eloabder-20&linkCode=osi&th=1&psc=1"><img src="https://m.media-amazon.com/images/I/412QOjQpaKL._SL500_.jpg" alt="Product Image"></a><p>3M Pro-Grade Earmuff, Noise Reduction Rating (NRR) 30 dB, Lightweight & Adjustable Ear Muffs, Reduce Pressure Points For All-Day Comfort, Steel Wire Headband With Rubber Overmold Design (90565-4DC-PS)</p><p> -19% 0FF </p><p>$27.49</p><a href="https://www.amazon.com/dp/B01MXYJ2QP?tag=eloabder-20&linkCode=osi&th=1&psc=1">View Product</a></div><div class="product"><a href="https://www.amazon.com/dp/B01N7LMH5K?tag=eloabder-20&linkCode=osi&th=1&psc=1"><img src="https://m.media-amazon.com/images/I/516EUUjXKUL._SL500_.jpg" alt="Product Image"></a><p>10 Pair Corded Reusable Ear Plugs for Shooting Range Ear Protection for Gun Range - Hunting Ear Plugs for Construction Firearm Ear Protection Shooting Gun Hearing Protection Ear Plugs Corded</p><p> -13% 0FF </p><p>$6.95 ($0.70 / Count)</p><a href="https://www.amazon.com/dp/B01N7LMH5K?tag=eloabder-20&linkCode=osi&th=1&psc=1">View Product</a></div>
<div class="product"><a href="https://www.amazon.com/dp/B09G8FJNRT?tag=eloabder-20&linkCode=osi&th=1&psc=1"><img src="https://m.media-amazon.com/images/I/414WbTnlb1L._SL500_.jpg" alt="Product Image"></a><p>Aqulius 2 Pack Stylish Safety Glasses Goggles Anti Fog, Scratch Resistant, Safety Glasses for Women, Blue Light, Glasses for Nurses</p><p> -18% 0FF </p><p>$13.99</p><a href="https://www.amazon.com/dp/B09G8FJNRT?tag=eloabder-20&linkCode=osi&th=1&psc=1">View Product</a></div><div class="product"><a href="https://www.amazon.com/dp/B0833VW43J?tag=eloabder-20&linkCode=osi&th=1&psc=1"><img src="https://m.media-amazon.com/images/I/41iY6mE3j6L._SL500_.jpg" alt="Product Image"></a><p>amoolo Clear Safety Glasses Bulk of 24, Protective Eyewear for Men Women, ANSI Z87.1 Impact Resistant Eye Protection for Work, Lab, Construction</p><p> -18% 0FF </p><p>$24.69 ($1.03 / Count)</p><a href="https://www.amazon.com/dp/B0833VW43J?tag=eloabder-20&linkCode=osi&th=1&psc=1">View Product</a></div><div class="product"><a href="https://www.amazon.com/dp/B07YLVH342?tag=eloabder-20&linkCode=osi&th=1&psc=1"><img src="https://m.media-amazon.com/images/I/41bR3jQbKXL._SL500_.jpg" alt="Product Image"></a><p>SolidWork Safety Glasses Clear Lens with Side Shields, Anti Fog, Anti Scratch, Anti-Glare, Protective Eyewear for Men & Women</p><p> -11% 0FF </p><p>$9.99</p><a href="https://www.amazon.com/dp/B07YLVH342?tag=eloabder-20&linkCode=osi&th=1&psc=1">View Product</a></div>

<div class="product"><a href="https://www.amazon.com/dp/B078JGY2MJ?tag=eloabder-20&linkCode=osi&th=1&psc=1"><img src="https://m.media-amazon.com/images/I/41V4pUwXteL._SL500_.jpg" alt="Product Image"></a><p>Cherokee Scrubs for Men Workwear Professionals V-Neck Four-Pocket Scrub Top WW695, L, Navy</p><p> -23% 0FF </p><p>$24.99</p><a href="https://www.amazon.com/dp/B078JGY2MJ?tag=eloabder-20&linkCode=osi&th=1&psc=1">View Product</a></div><div class="product"><a href="https://www.amazon.com/dp/B0721NWRKT?tag=eloabder-20&linkCode=osi&th=1&psc=1"><img src="https://m.media-amazon.com/images/I/41Qw3a-DoWL._SL500_.jpg" alt="Product Image"></a><p>Cherokee Women's V-Neck Top, Navy, X-Large</p><p> -15% 0FF </p><p>$23.99</p><a href="https://www.amazon.com/dp/B0721NWRKT?tag=eloabder-20&linkCode=osi&th=1&psc=1">View Product</a></div><div class="product"><a href="https://www.amazon.com/dp/B012H3JOOK?tag=eloabder-20&linkCode=osi&th=1&psc=1"><img src="https://m.media-amazon.com/images/I/41GrV-dIDYL._SL500_.jpg" alt="Product Image"></a><p>Workwear Women Underscrubs Long Sleeve Knit Tee 4881, L, Caribbean Blue</p><p> -19% 0FF </p><p>$10.47</p><a href="https://www.amazon.com/dp/B012H3JOOK?tag=eloabder-20&linkCode=osi&th=1&psc=1">View Product</a></div>
<div class="product"><a href="https://www.amazon.com/dp/B010QWNDX2?tag=eloabder-20&linkCode=osi&th=1&psc=1"><img src="https://m.media-amazon.com/images/I/31V3r0a9C1L._SL500_.jpg" alt="Product Image"></a><p>Just Love Women's Scrub Sets Six Pocket Medical Scrubs (V-Neck With Cargo Pant), Navy, Medium</p><p> -16% 0FF </p><p>$19.99</p><a href="https://www.amazon.com/dp/B010QWNDX2?tag=eloabder-20&linkCode=osi&th=1&psc=1">View Product</a></div><div class="product"><a href="https://www.amazon.com/dp/B0985Y2RB4?tag=eloabder-20&linkCode=osi&th=1&psc=1"><img src="https://m.media-amazon.com/images/I/3176BjqvasS._SL500_.jpg" alt="Product Image"></a><p>Natural Uniforms Women's Cool Stretch V-Neck Top and Cargo Pant Set (True Navy Blue, Large)</p><p> -17% 0FF </p><p>$24.99</p><a href="https://www.amazon.com/dp/B0985Y2RB4?tag=eloabder-20&linkCode=osi&th=1&psc=1">View Product</a></div><div class="product"><a href="https://www.amazon.com/dp/B0CBNDXYJT?tag=eloabder-20&linkCode=osi&th=1&psc=1"><img src="https://m.media-amazon.com/images/I/31DhOD5-BwL._SL500_.jpg" alt="Product Image"></a><p>MONARCH UNIFORMS Stretchy Scrubs Women's Jogger Scrub Set In Regular and Petite Jogger Scrubs with Tuck-In Top for Women(Navy-L)</p><p> -6% 0FF </p><p>$46.95</p><a href="https://www.amazon.com/dp/B0CBNDXYJT?tag=eloabder-20&linkCode=osi&th=1&psc=1">View Product</a></div><div class="product"><a href="https://www.amazon.com/dp/B0D1TL84LR?tag=eloabder-20&linkCode=osi&th=1&psc=1"><img src="https://m.media-amazon.com/images/I/51iGPF-PnRL._SL500_.jpg" alt="Product Image"></a><p>Electric Warming Trays for Food and Hot Plates, Large and Uniform Surface Heating, Foldable, Durable, 3 Temperature Levels, Can Be On for 12 Hours, Silicone Food Warmer for Gatherings (Beige)</p><p> -8% 0FF </p><p>$36.99</p><a href="https://www.amazon.com/dp/B0D1TL84LR?tag=eloabder-20&linkCode=osi&th=1&psc=1">View Product</a></div><div class="product"><a href="https://www.amazon.com/dp/B09MM2LG84?tag=eloabder-20&linkCode=osi&th=1&psc=1"><img src="https://m.media-amazon.com/images/I/31B25JsiYTL._SL500_.jpg" alt="Product Image"></a><p>Scrubs Set for Women Joggers V-Neck Pocket Top Uniforms (Pink, L)</p><p> -10% 0FF </p><p>$25.99</p><a href="https://www.amazon.com/dp/B09MM2LG84?tag=eloabder-20&linkCode=osi&th=1&psc=1">View Product</a></div>
<div class="product"><a href="https://www.amazon.com/dp/B07K8M42Q5?tag=eloabder-20&linkCode=osi&th=1&psc=1"><img src="https://m.media-amazon.com/images/I/41UMPYXm6lS._SL500_.jpg" alt="Product Image"></a><p>Insulated Thermal Bib Overalls, High Visibility, Weather-Resistant, Large, Ergodyne GloWear 8928,Lime</p><p> -33% 0FF </p><p>$74.69</p><a href="https://www.amazon.com/dp/B07K8M42Q5?tag=eloabder-20&linkCode=osi&th=1&psc=1">View Product</a></div><div class="product"><a href="https://www.amazon.com/dp/B07SB2Z38J?tag=eloabder-20&linkCode=osi&th=1&psc=1"><img src="https://m.media-amazon.com/images/I/31gv4F1tgnL._SL500_.jpg" alt="Product Image"></a><p>Pioneer Hi Vis Ripstop Waterproof Bib Pants/Overalls for Men - Reflective Safety Work Rain Pants - High Visibility Yellow</p><p> -11% 0FF </p><p>$51.72</p><a href="https://www.amazon.com/dp/B07SB2Z38J?tag=eloabder-20&linkCode=osi&th=1&psc=1">View Product</a></div>
<div class="product"><a href="https://www.amazon.com/dp/B000BQRGFU?tag=eloabder-20&linkCode=osi&th=1&psc=1"><img src="https://m.media-amazon.com/images/I/51gnFiaxIAS._SL500_.jpg" alt="Product Image"></a><p>Trimaco SuperTuff Polypropylene Coverall, Medium</p><p> -51% 0FF </p><p>$4.90</p><a href="https://www.amazon.com/dp/B000BQRGFU?tag=eloabder-20&linkCode=osi&th=1&psc=1">View Product</a></div><div class="product"><a href="https://www.amazon.com/dp/B01JOWAOEG?tag=eloabder-20&linkCode=osi&th=1&psc=1"><img src="https://m.media-amazon.com/images/I/31jcH7zLurL._SL500_.jpg" alt="Product Image"></a><p>DuPont unisex-adult TY122S-XL-EACH Disposable Elastic Wrist, Bootie and Hood Tyvek Coverall Suit 1414, X-Large, White</p><p> -16% 0FF </p><p>$9.77</p><a href="https://www.amazon.com/dp/B01JOWAOEG?tag=eloabder-20&linkCode=osi&th=1&psc=1">View Product</a></div>
<div class="product"><a href="https://www.amazon.com/dp/B07D8G82G8?tag=eloabder-20&linkCode=osi&th=1&psc=1"><img src="https://m.media-amazon.com/images/I/317xFAdHZWL._SL500_.jpg" alt="Product Image"></a><p>VOGRYE Professional Lab Coat for Men Women Long Sleeve, White, Unisex</p><p> -12% 0FF </p><p>$14.99</p><a href="https://www.amazon.com/dp/B07D8G82G8?tag=eloabder-20&linkCode=osi&th=1&psc=1">View Product</a></div><div class="product"><a href="https://www.amazon.com/dp/B07HBL83B4?tag=eloabder-20&linkCode=osi&th=1&psc=1"><img src="https://m.media-amazon.com/images/I/31TG2roZU-L._SL500_.jpg" alt="Product Image"></a><p>VOGRYE Professional Lab Coat for Women Men Long Sleeve, White, Unisex (Small, White)</p><p> -32% 0FF </p><p>$16.99</p><a href="https://www.amazon.com/dp/B07HBL83B4?tag=eloabder-20&linkCode=osi&th=1&psc=1">View Product</a></div><div class="product"><a href="https://www.amazon.com/dp/B08VDZ6KCT?tag=eloabder-20&linkCode=osi&th=1&psc=1"><img src="https://m.media-amazon.com/images/I/31ERfg1k-nL._SL500_.jpg" alt="Product Image"></a><p>NY Threads Professional Lab Coat for Men Long Sleeve Poly Cotton Medical Coat 1 Pack, Medium, White</p><p> -11% 0FF </p><p>$16.99</p><a href="https://www.amazon.com/dp/B08VDZ6KCT?tag=eloabder-20&linkCode=osi&th=1&psc=1">View Product</a></div><div class="product"><a href="https://www.amazon.com/dp/B097NS2MHG?tag=eloabder-20&linkCode=osi&th=1&psc=1"><img src="https://m.media-amazon.com/images/I/31jtnrdiCcL._SL500_.jpg" alt="Product Image"></a><p>NY Threads Professional Lab Coat for Women, Long Sleeve Poly Cotton Medical Coat 1 Pack, Medium, White</p><p> -10% 0FF </p><p>$17.99</p><a href="https://www.amazon.com/dp/B097NS2MHG?tag=eloabder-20&linkCode=osi&th=1&psc=1">View Product</a></div>
<div class="product"><a href="https://www.amazon.com/dp/B08LSQFJCL?tag=eloabder-20&linkCode=osi&th=1&psc=1"><img src="https://m.media-amazon.com/images/I/410PoD7Tw+L._SL500_.jpg" alt="Product Image"></a><p>Walking Boot Fracture Boot for Broken Foot, Sprained Ankle-Medium</p><p> -25% 0FF </p><p>$39.85</p><a href="https://www.amazon.com/dp/B08LSQFJCL?tag=eloabder-20&linkCode=osi&th=1&psc=1">View Product</a></div><div class="product"><a href="https://www.amazon.com/dp/B09YPT42D5?tag=eloabder-20&linkCode=osi&th=1&psc=1"><img src="https://m.media-amazon.com/images/I/418-GYTrMOL._SL500_.jpg" alt="Product Image"></a><p>Jewlri Air Walking Boot Fracture Boot Short Walker Protective Boot Fits Left or Right Foot Ankle for Injuries Fractures Sprains Black M</p><p> -13% 0FF </p><p>$39.15</p><a href="https://www.amazon.com/dp/B09YPT42D5?tag=eloabder-20&linkCode=osi&th=1&psc=1">View Product</a></div><div class="product"><a href="https://www.amazon.com/dp/B019T9EHME?tag=eloabder-20&linkCode=osi&th=1&psc=1"><img src="https://m.media-amazon.com/images/I/41vMjfPsvUL._SL500_.jpg" alt="Product Image"></a><p>WOLVERINE Men's Floorhand Waterproof Steeltoe 6" Work Boot, Dark Brown, 9M</p><p> -23% 0FF </p><p>$92.90</p><a href="https://www.amazon.com/dp/B019T9EHME?tag=eloabder-20&linkCode=osi&th=1&psc=1">View Product</a></div>
<div class="product"><a href="https://www.amazon.com/dp/B073WH3WDR?tag=eloabder-20&linkCode=osi&th=1&psc=1"><img src="https://m.media-amazon.com/images/I/31s4J9BNC5L._SL500_.jpg" alt="Product Image"></a><p>Skechers Women's Squad SR Shoe, Black, 8.5</p><p> -63% 0FF </p><p>$25.00</p><a href="https://www.amazon.com/dp/B073WH3WDR?tag=eloabder-20&linkCode=osi&th=1&psc=1">View Product</a></div><div class="product"><a href="https://www.amazon.com/dp/B0C73MZF8M?tag=eloabder-20&linkCode=osi&th=1&psc=1"><img src="https://m.media-amazon.com/images/I/41yuAR+ADmL._SL500_.jpg" alt="Product Image"></a><p>LARNMERN Men Shoes Non Slip Work Sneakers Plantar Fasciitis Food Service Zapatos Trabajo Antideslizantes Orthopedic Walking Shoes Water Resistant Slip-on, Black 10.5</p><p> -15% 0FF </p><p>$42.42</p><a href="https://www.amazon.com/dp/B0C73MZF8M?tag=eloabder-20&linkCode=osi&th=1&psc=1">View Product</a></div><div class="product"><a href="https://www.amazon.com/dp/B0CJ8ZXF49?tag=eloabder-20&linkCode=osi&th=1&psc=1"><img src="https://m.media-amazon.com/images/I/41FQGDRzYhL._SL500_.jpg" alt="Product Image"></a><p>Bruno Marc Men's Non Slip Shoes, Lightweight Mens Work Shoes & Restaurant or Food Service Sneakers,Size 12,Black,SBWO2302M</p><p> -18% 0FF </p><p>$40.99</p><a href="https://www.amazon.com/dp/B0CJ8ZXF49?tag=eloabder-20&linkCode=osi&th=1&psc=1">View Product</a></div><div class="product"><a href="https://www.amazon.com/dp/B08XK8NZ82?tag=eloabder-20&linkCode=osi&th=1&psc=1"><img src="https://m.media-amazon.com/images/I/41VlYm6BhQL._SL500_.jpg" alt="Product Image"></a><p>Shoes for Crews Everlight Mens Non Slip Work Shoes - Men's Work & Safety Footwear, Lace-Up Breathable Work Shoes for Men, Zapato de Trabajo para Hombre, Size 10 Black</p><p> -14% 0FF </p><p>$59.98</p><a href="https://www.amazon.com/dp/B08XK8NZ82?tag=eloabder-20&linkCode=osi&th=1&psc=1">View Product</a></div><div class="product"><a href="https://www.amazon.com/dp/B01N2ZIDHO?tag=eloabder-20&linkCode=osi&th=1&psc=1"><img src="https://m.media-amazon.com/images/I/41TB3tRdI3L._SL500_.jpg" alt="Product Image"></a><p>Skechers Men's Flex Advantage Bendon Work Shoe, Black, 9.5 Wide</p><p> -25% 0FF </p><p>$63.73</p><a href="https://www.amazon.com/dp/B01N2ZIDHO?tag=eloabder-20&linkCode=osi&th=1&psc=1">View Product</a></div><div class="product"><a href="https://www.amazon.com/dp/B0D95RCCV4?tag=eloabder-20&linkCode=osi&th=1&psc=1"><img src="https://m.media-amazon.com/images/I/414THsyORKL._SL500_.jpg" alt="Product Image"></a><p>Bruno Marc Men's Hands Free Non Slip Work Shoes, Water Resistance Restaurant Slip on Food Service Sneakers,Size 11,Black,SNIC2410M</p><p> -15% 0FF </p><p>$33.14</p><a href="https://www.amazon.com/dp/B0D95RCCV4?tag=eloabder-20&linkCode=osi&th=1&psc=1">View Product</a></div><div class="product"><a href="https://www.amazon.com/dp/B08XLPHX2K?tag=eloabder-20&linkCode=osi&th=1&psc=1"><img src="https://m.media-amazon.com/images/I/41hIoqZEa+L._SL500_.jpg" alt="Product Image"></a><p>Shoes for Crews Everlight, Women's Slip Resistant Work Shoes, Water Resistant, Black, Size 9</p><p> -14% 0FF </p><p>$59.98</p><a href="https://www.amazon.com/dp/B08XLPHX2K?tag=eloabder-20&linkCode=osi&th=1&psc=1">View Product</a></div>

<div class="product"><a href="https://www.amazon.com/dp/B0CP3Q6CCG?tag=eloabder-20&linkCode=osi&th=1&psc=1"><img src="https://m.media-amazon.com/images/I/41sFYNo44HL._SL500_.jpg" alt="Product Image"></a><p>SAFETOE Welding Boots for Men Composite Toe Safety Boots Fire Resistant Welding Boot 300‚ÑÉHeat Resistant Welder Working Boots</p><p> -20% 0FF </p><p>$71.99</p><a href="https://www.amazon.com/dp/B0CP3Q6CCG?tag=eloabder-20&linkCode=osi&th=1&psc=1">View Product</a></div><div class="product"><a href="https://www.amazon.com/dp/B08L6HJJ7C?tag=eloabder-20&linkCode=osi&th=1&psc=1"><img src="https://m.media-amazon.com/images/I/41RzvjdVq0S._SL500_.jpg" alt="Product Image"></a><p>TOSAFZXY Work Safety Boots for Men Durable Crazy-Horse Leather Indestructible Steel Toe Waterproof and Non-Slip Better Warmth Men Work Shoes Black 13</p><p> -21% 0FF </p><p>$76.99</p><a href="https://www.amazon.com/dp/B08L6HJJ7C?tag=eloabder-20&linkCode=osi&th=1&psc=1">View Product</a></div><div class="product"><a href="https://www.amazon.com/dp/B01E7T2S7M?tag=eloabder-20&linkCode=osi&th=1&psc=1"><img src="https://m.media-amazon.com/images/I/41h2ZazEbDL._SL500_.jpg" alt="Product Image"></a><p>Timberland PRO Men's Powertrain Sport Alloy Safety Toe Industrial Athletic Work Shoe AL, Black/Grey, 11</p><p> -15% 0FF </p><p>$93.45</p><a href="https://www.amazon.com/dp/B01E7T2S7M?tag=eloabder-20&linkCode=osi&th=1&psc=1">View Product</a></div>

<div class="product"><a href="https://www.amazon.com/dp/B08G5DNWPH?tag=eloabder-20&linkCode=osi&th=1&psc=1"><img src="https://m.media-amazon.com/images/I/51z+-4Ne7OS._SL500_.jpg" alt="Product Image"></a><p>Palmer Safety Safety Harness w/Detachable 6 ft Lanyard I Single Leg Lanyard w/Internal Shock Absorbing & Snap Hook I OSHA/ANSI Fall Arrest Kit</p><p> -19% 0FF </p><p>$41.80</p><a href="https://www.amazon.com/dp/B08G5DNWPH?tag=eloabder-20&linkCode=osi&th=1&psc=1">View Product</a></div>
<div class="product"><a href="https://www.amazon.com/dp/B07MPC2DL1?tag=eloabder-20&linkCode=osi&th=1&psc=1"><img src="https://m.media-amazon.com/images/I/414lPL-+oSL._SL500_.jpg" alt="Product Image"></a><p>SHINKODA Black Glasses Strap, Sports Sunglasses & Eyeglasses Holder Straps for Men Women, String Holder, Neck Lanyard Cord, Adjustable Rope Eyewear Keeper Strap, Pack of 6</p><p> -30% 0FF </p><p>$6.99</p><a href="https://www.amazon.com/dp/B07MPC2DL1?tag=eloabder-20&linkCode=osi&th=1&psc=1">View Product</a></div>

<div class="product"><a href="https://www.amazon.com/dp/B07N42HH5R?tag=eloabder-20&linkCode=osi&th=1&psc=1"><img src="https://m.media-amazon.com/images/I/41ckLVLEd2L._SL500_.jpg" alt="Product Image"></a><p>X MONSTER HMPE Synthetic Winch Rope 3/8" x 90' Off Road for UTV/ATV Winch Line Cable Rope with Black Protecting Sleeve 18,000 lbs, Orange</p><p> -50% 0FF </p><p>$39.99 ($0.44 / Foot)</p><a href="https://www.amazon.com/dp/B07N42HH5R?tag=eloabder-20&linkCode=osi&th=1&psc=1">View Product</a></div><div class="product"><a href="https://www.amazon.com/dp/B08GC5NMY2?tag=eloabder-20&linkCode=osi&th=1&psc=1"><img src="https://m.media-amazon.com/images/I/41DLu2HOubL._SL500_.jpg" alt="Product Image"></a><p>AuInn Pack of 2 Velvet Stanchion Ropes, 4.9 Feet Stanchion Queue Barrier Rope Velvet Rope, Crowd Control Rope Barrier, with Mirror Polished Hooks (Red)</p><p> -50% 0FF </p><p>$8.24</p><a href="https://www.amazon.com/dp/B08GC5NMY2?tag=eloabder-20&linkCode=osi&th=1&psc=1">View Product</a></div><div class="product"><a href="https://www.amazon.com/dp/B004XAD2IU?tag=eloabder-20&linkCode=osi&th=1&psc=1"><img src="https://m.media-amazon.com/images/I/41OMk7JUdRL._SL500_.jpg" alt="Product Image"></a><p>SeaSense Rope Cutting Gun for Fishing, Boating & Camping ‚Äì 4‚Äô Cord, 1.5 Lbs, 120 V, 100 W & 1.5 A ‚Äì Lightweight Electric Cutter Tool for Synthetic Rope or Line</p><p> -17% 0FF </p><p>$34.49</p><a href="https://www.amazon.com/dp/B004XAD2IU?tag=eloabder-20&linkCode=osi&th=1&psc=1">View Product</a></div><div class="product"><a href="https://www.amazon.com/dp/B000KA4NZI?tag=eloabder-20&linkCode=osi&th=1&psc=1"><img src="https://m.media-amazon.com/images/I/41dG6S68MnL._SL500_.jpg" alt="Product Image"></a><p>Champion Sports DD Series Double Dutch Licorice Jump Ropes - Pink, 16-Feet (Set)</p><p> -37% 0FF </p><p>$10.10</p><a href="https://www.amazon.com/dp/B000KA4NZI?tag=eloabder-20&linkCode=osi&th=1&psc=1">View Product</a></div><div class="product"><a href="https://www.amazon.com/dp/B0BMVK163Z?tag=eloabder-20&linkCode=osi&th=1&psc=1"><img src="https://m.media-amazon.com/images/I/41lSc76CkEL._SL500_.jpg" alt="Product Image"></a><p>FVIEXE 6 Pack Red Velvet Stanchion Rope, 5 Feet Crowd Control Velvet Ropes with Gold Clasps, Foam Core Red Rope Queue Safety Sarriers Stanchion Post Rope for Party Event and Red Carpet</p><p> -6% 0FF </p><p>$32.99</p><a href="https://www.amazon.com/dp/B0BMVK163Z?tag=eloabder-20&linkCode=osi&th=1&psc=1">View Product</a></div>


<div class="product"><a href="https://www.amazon.com/dp/B06X9CYNJF?tag=eloabder-20&linkCode=osi&th=1&psc=1"><img src="https://m.media-amazon.com/images/I/51ZZNuuD3RL._SL500_.jpg" alt="Product Image"></a><p>VIVOHOME Motorcycle Lift Scissor Jack Steel Wide Deck Hoist Crank Center Stand 1100 LBS Capacity for Motorcycles, ATVs, Dirt Bikes Red</p><p> -20% 0FF </p><p>$79.99</p><a href="https://www.amazon.com/dp/B06X9CYNJF?tag=eloabder-20&linkCode=osi&th=1&psc=1">View Product</a></div><div class="product"><a href="https://www.amazon.com/dp/B0B19LHQG9?tag=eloabder-20&linkCode=osi&th=1&psc=1"><img src="https://m.media-amazon.com/images/I/41KGf+arU0L._SL500_.jpg" alt="Product Image"></a><p>EnryKuo Labor Saving Arm Jack 2 Pack,15.5 Inch Multifunctional Furniture Lifter Jacks for Installing Cabinets and Wall Tile Height Adjuster Handheld Tool</p><p> -42% 0FF </p><p>$28.99</p><a href="https://www.amazon.com/dp/B0B19LHQG9?tag=eloabder-20&linkCode=osi&th=1&psc=1">View Product</a></div><div class="product"><a href="https://www.amazon.com/dp/B002671WFC?tag=eloabder-20&linkCode=osi&th=1&psc=1"><img src="https://m.media-amazon.com/images/I/41SUknvQFBL._SL500_.jpg" alt="Product Image"></a><p>Lumex Stand Assist Patient Lift - Safely Sit, Stand, Transfer & Transport - LF1600</p><p> -11% 0FF </p><p>$648.29</p><a href="https://www.amazon.com/dp/B002671WFC?tag=eloabder-20&linkCode=osi&th=1&psc=1">View Product</a></div><div class="product"><a href="https://www.amazon.com/dp/B00022749Q?tag=eloabder-20&linkCode=osi&th=1&psc=1"><img src="https://m.media-amazon.com/images/I/41yCiXKQqmL._SL500_.jpg" alt="Product Image"></a><p>Shoulder Dolly Moving Straps - Lifting Strap for 2 Movers - Move, Lift, Carry, And Secure Furniture, Appliances, Heavy, Bulky Objects Safely, Efficiently, More Easily Like The Pros - LD1000</p><p> -11% 0FF </p><p>$39.99</p><a href="https://www.amazon.com/dp/B00022749Q?tag=eloabder-20&linkCode=osi&th=1&psc=1">View Product</a></div>
<div class="product"><a href="https://www.amazon.com/dp/B01MT1C80C?tag=eloabder-20&linkCode=osi&th=1&psc=1"><img src="https://m.media-amazon.com/images/I/41lL1b8gXCL._SL500_.jpg" alt="Product Image"></a><p>Happybuy Belt Conveyor 59 x 7.8 inch Conveyor Table Heavy Duty Stainless Steel Motorized Belt Conveyor for Inkjet Coding Applications Powered Rubber PVC Belt Anti Static (One Guardrail)</p><p> -30% 0FF </p><p>$249.99</p><a href="https://www.amazon.com/dp/B01MT1C80C?tag=eloabder-20&linkCode=osi&th=1&psc=1">View Product</a></div><div class="product"><a href="https://www.amazon.com/dp/B0C1PBQT7R?tag=eloabder-20&linkCode=osi&th=1&psc=1"><img src="https://m.media-amazon.com/images/I/41qlOkZESjL._SL500_.jpg" alt="Product Image"></a><p>Winco ECT-300 Commercial Conveyor Toaster, 300 Slices/Hour</p><p> -6% 0FF </p><p>$387.41</p><a href="https://www.amazon.com/dp/B0C1PBQT7R?tag=eloabder-20&linkCode=osi&th=1&psc=1">View Product</a></div>

<div class="product"><a href="https://www.amazon.com/dp/B018ANYYJG?tag=eloabder-20&linkCode=osi&th=1&psc=1"><img src="https://m.media-amazon.com/images/I/416JDvu6ogL._SL500_.jpg" alt="Product Image"></a><p>Global Industrial Pallet Jack Truck, 6600 Lb. Capacity, 27 x 48</p><p> -9% 0FF </p><p>$569.73</p><a href="https://www.amazon.com/dp/B018ANYYJG?tag=eloabder-20&linkCode=osi&th=1&psc=1">View Product</a></div>
<div class="product"><a href="https://www.amazon.com/dp/B0D6FZH97Y?tag=eloabder-20&linkCode=osi&th=1&psc=1"><img src="https://m.media-amazon.com/images/I/31pz8LhlttL._SL500_.jpg" alt="Product Image"></a><p>Golpart 6 Tier Adjustable Storage Shelves,Narrow Mesh Gaps Metal Utility Shelf,Wire Shelving Unit Organizer Rack for Home,Kitchen,Office,Bathroom,Pantry Room,10" D x 16" W x 60" H,Black</p><p> -28% 0FF </p><p>$42.99</p><a href="https://www.amazon.com/dp/B0D6FZH97Y?tag=eloabder-20&linkCode=osi&th=1&psc=1">View Product</a></div>

<div class="product"><a href="https://www.amazon.com/dp/B0CC5GTNPG?tag=eloabder-20&linkCode=osi&th=1&psc=1"><img src="https://m.media-amazon.com/images/I/51I6UsNZ7CL._SL500_.jpg" alt="Product Image"></a><p>VEVOR TF23 Hydraulic Lift Table Cart, 500lbs Capacity 28.5" with 4 Wheels and Non-Slip Pad, for Material Handling and Transportation, Red</p><p> -30% 0FF </p><p>$211.49</p><a href="https://www.amazon.com/dp/B0CC5GTNPG?tag=eloabder-20&linkCode=osi&th=1&psc=1">View Product</a></div><div class="product"><a href="https://www.amazon.com/dp/B0CH33RLV1?tag=eloabder-20&linkCode=osi&th=1&psc=1"><img src="https://m.media-amazon.com/images/I/51wMAvcoyJL._SL500_.jpg" alt="Product Image"></a><p>Kolvoii Labor Saving Arm Jack, 2 Pack Stainless Steel Furniture Jack Lifter, Versatile and Easy to Use Arm Jack Improved Quality Lifting Device</p><p> -31% 0FF </p><p>$45.51</p><a href="https://www.amazon.com/dp/B0CH33RLV1?tag=eloabder-20&linkCode=osi&th=1&psc=1">View Product</a></div>

<div class="product"><a href="https://www.amazon.com/dp/B0000AXNO5?tag=eloabder-20&linkCode=osi&th=1&psc=1"><img src="https://m.media-amazon.com/images/I/411lu8hpsTL._SL500_.jpg" alt="Product Image"></a><p>SIMPLE GREEN ndustrial Cleaner and Degreaser, 1 US GALLON</p><p> -49% 0FF </p><p>$12.79 ($0.10 / Fl Oz)</p><a href="https://www.amazon.com/dp/B0000AXNO5?tag=eloabder-20&linkCode=osi&th=1&psc=1">View Product</a></div><div class="product"><a href="https://www.amazon.com/dp/B0B6HNYPD1?tag=eloabder-20&linkCode=osi&th=1&psc=1"><img src="https://m.media-amazon.com/images/I/51EInWKBX1L._SL500_.jpg" alt="Product Image"></a><p>String Mop for Floor Cleaning - Heavy Duty Industrial Commercial Mop with Extra Replacement Mop Head , 59inch Mop Handle, Wet Mop for Home,Garage,Office, Workshop, Warehouse Floor Cleaning</p><p> -22% 0FF </p><p>$28.98</p><a href="https://www.amazon.com/dp/B0B6HNYPD1?tag=eloabder-20&linkCode=osi&th=1&psc=1">View Product</a></div><div class="product"><a href="https://www.amazon.com/dp/B09V5FV7H8?tag=eloabder-20&linkCode=osi&th=1&psc=1"><img src="https://m.media-amazon.com/images/I/41GFVuDbcUL._SL500_.jpg" alt="Product Image"></a><p>VELCRO Brand Industrial Strength Fasteners | Extreme Outdoor Weather Conditions | Heavy Duty Strength Holds up to 15 lbs | 4 x 2 inch Strips, 3 Sets, Black (VEL-30758-USA)</p><p> -30% 0FF </p><p>$5.27</p><a href="https://www.amazon.com/dp/B09V5FV7H8?tag=eloabder-20&linkCode=osi&th=1&psc=1">View Product</a></div><div class="product"><a href="https://www.amazon.com/dp/B00006RSP1?tag=eloabder-20&linkCode=osi&th=1&psc=1"><img src="https://m.media-amazon.com/images/I/41oE--c0W-L._SL500_.jpg" alt="Product Image"></a><p>VELCRO Brand Heavy Duty Tape with Adhesive | 15 Ft x 2 In | Holds 10 lbs, Black | Industrial Strength Roll, Cut Strips to Length | Strong Hold for Indoor or Outdoor Use, 15ft x 2in</p><p> -50% 0FF </p><p>$20.24</p><a href="https://www.amazon.com/dp/B00006RSP1?tag=eloabder-20&linkCode=osi&th=1&psc=1">View Product</a></div><div class="product"><a href="https://www.amazon.com/dp/B0BDLFSZR4?tag=eloabder-20&linkCode=osi&th=1&psc=1"><img src="https://m.media-amazon.com/images/I/41tLbo5s0BL._SL500_.jpg" alt="Product Image"></a><p>KeFanta Commercial Mop Heavy Duty Industrial Mop with Long Handle,60" Looped-End String Wet Cotton Mops for Floor Cleaning,Home,Kitchen,Office,Garage and Concrete/Tile Floor</p><p> -5% 0FF </p><p>$19.97</p><a href="https://www.amazon.com/dp/B0BDLFSZR4?tag=eloabder-20&linkCode=osi&th=1&psc=1">View Product</a></div>
<div class="product"><a href="https://www.amazon.com/dp/B0CTJ4Y52T?tag=eloabder-20&linkCode=osi&th=1&psc=1"><img src="https://m.media-amazon.com/images/I/410DrBVMpwL._SL500_.jpg" alt="Product Image"></a><p>Ernst Manufacturing Wrench Pro Wrench Storage for 20 Wrenches - Hi-Viz</p><p> -5% 0FF </p><p>$16.10</p><a href="https://www.amazon.com/dp/B0CTJ4Y52T?tag=eloabder-20&linkCode=osi&th=1&psc=1">View Product</a></div><div class="product"><a href="https://www.amazon.com/dp/B011BDWS5Y?tag=eloabder-20&linkCode=osi&th=1&psc=1"><img src="https://m.media-amazon.com/images/I/31vzNsRYhkL._SL500_.jpg" alt="Product Image"></a><p>Tower Manufacturing 30434009 Auto-Reset 15 AMP Right Angle GFCI Plug, Black</p><p> -6% 0FF </p><p>$16.96</p><a href="https://www.amazon.com/dp/B011BDWS5Y?tag=eloabder-20&linkCode=osi&th=1&psc=1">View Product</a></div><div class="product"><a href="https://www.amazon.com/dp/B0CTJ78V81?tag=eloabder-20&linkCode=osi&th=1&psc=1"><img src="https://m.media-amazon.com/images/I/41NufwoDLiL._SL500_.jpg" alt="Product Image"></a><p>Ernst Manufacturing Wrench Pro - Modular Wrench Organizer for 40 Tools with Magnetic Base (Hi-Viz) - Made in the USA</p><p> -5% 0FF </p><p>$37.95</p><a href="https://www.amazon.com/dp/B0CTJ78V81?tag=eloabder-20&linkCode=osi&th=1&psc=1">View Product</a></div><div class="product"><a href="https://www.amazon.com/dp/B075XZPMHX?tag=eloabder-20&linkCode=osi&th=1&psc=1"><img src="https://m.media-amazon.com/images/I/41YihmHjGFL._SL500_.jpg" alt="Product Image"></a><p>PURELL Brand CLEAN RELEASE Technology (CRT) HEALTHY SOAP Naturally Clean Foam, Fragrance Free, 1200 mL Refill for PURELL ES6 Automatic Soap Dispenser (Pack of 2) - 6470-02-Manufactured by GOJO, Inc.</p><p> -14% 0FF </p><p>$51.86 ($1.28 / Fl Oz)</p><a href="https://www.amazon.com/dp/B075XZPMHX?tag=eloabder-20&linkCode=osi&th=1&psc=1">View Product</a></div><div class="product"><a href="https://www.amazon.com/dp/B012IMWAXW?tag=eloabder-20&linkCode=osi&th=1&psc=1"><img src="https://m.media-amazon.com/images/I/41jdAol8VML._SL500_.jpg" alt="Product Image"></a><p>Schaeffer Manufacturing Co. 0191-012S Micron Moly Racing Engine Oil 20W-50, 1-Quart Bottle</p><p> -8% 0FF </p><p>$10.48</p><a href="https://www.amazon.com/dp/B012IMWAXW?tag=eloabder-20&linkCode=osi&th=1&psc=1">View Product</a></div><div class="product"><a href="https://www.amazon.com/dp/B09F8CM69J?tag=eloabder-20&linkCode=osi&th=1&psc=1"><img src="https://m.media-amazon.com/images/I/41Ok3l4S+nL._SL500_.jpg" alt="Product Image"></a><p>Boka Fluoride Free Toothpaste- Nano Hydroxyapatite, Remineralizing, Sensitive Teeth, Whitening - Dentist Recommended for Adult, Kids Oral Care- Lemon Lavender Flavor, 4 Fl Oz 1Pk US Manufactured</p><p> -19% 0FF </p><p>$12.99 ($3.25 / Ounce)</p><a href="https://www.amazon.com/dp/B09F8CM69J?tag=eloabder-20&linkCode=osi&th=1&psc=1">View Product</a></div><div class="product"><a href="https://www.amazon.com/dp/B0060BFYHM?tag=eloabder-20&linkCode=osi&th=1&psc=1"><img src="https://m.media-amazon.com/images/I/41oFKMzBXIL._SL500_.jpg" alt="Product Image"></a><p>Ernst Manufacturing 3/8-Inch Dura-Pro Twist Lock Socket Clips, 15-Pack, Black - 8441</p><p> -25% 0FF </p><p>$7.99</p><a href="https://www.amazon.com/dp/B0060BFYHM?tag=eloabder-20&linkCode=osi&th=1&psc=1">View Product</a></div>
<div class="product"><a href="https://www.amazon.com/dp/B0094KPK70?tag=eloabder-20&linkCode=osi&th=1&psc=1"><img src="https://m.media-amazon.com/images/I/31gFDiqADHL._SL500_.jpg" alt="Product Image"></a><p>Miss Jessie's Pillow Soft Curls Unisex Lotion 8.5 oz</p><p> -11% 0FF </p><p>$21.97 ($2.58 / Fl Oz)</p><a href="https://www.amazon.com/dp/B0094KPK70?tag=eloabder-20&linkCode=osi&th=1&psc=1">View Product</a></div><div class="product"><a href="https://www.amazon.com/dp/B000052YCL?tag=eloabder-20&linkCode=osi&th=1&psc=1"><img src="https://m.media-amazon.com/images/I/41LCxmzicBL._SL500_.jpg" alt="Product Image"></a><p>biot√®ne Oral Rinse Mouthwash for Dry Mouth, Breath Freshener and Dry Mouth Treatment, Fresh Mint, 16 fl oz</p><p> -15% 0FF </p><p>$6.79 ($0.42 / Fl Oz)</p><a href="https://www.amazon.com/dp/B000052YCL?tag=eloabder-20&linkCode=osi&th=1&psc=1">View Product</a></div><div class="product"><a href="https://www.amazon.com/dp/B006ZUW070?tag=eloabder-20&linkCode=osi&th=1&psc=1"><img src="https://m.media-amazon.com/images/I/311iQ7u1zvS._SL500_.jpg" alt="Product Image"></a><p>Method Antibacterial Toilet Bowl Cleaner, Spearmint, Kills 99.9% of Household Germs, 24 Fl Oz</p><p> -58% 0FF </p><p>$4.39 ($0.18 / Fl Oz)</p><a href="https://www.amazon.com/dp/B006ZUW070?tag=eloabder-20&linkCode=osi&th=1&psc=1">View Product</a></div><div class="product"><a href="https://www.amazon.com/dp/B002KAOAZ4?tag=eloabder-20&linkCode=osi&th=1&psc=1"><img src="https://m.media-amazon.com/images/I/41MXc4FkUXL._SL500_.jpg" alt="Product Image"></a><p>biot√®ne Oral Rinse Mouthwash for Dry Mouth, Breath Freshener and Dry Mouth Treatment, Fresh Mint - 33.8 fl oz</p><p> -22% 0FF </p><p>$10.98 ($0.32 / Fl Oz)</p><a href="https://www.amazon.com/dp/B002KAOAZ4?tag=eloabder-20&linkCode=osi&th=1&psc=1">View Product</a></div><div class="product"><a href="https://www.amazon.com/dp/B002L13EK4?tag=eloabder-20&linkCode=osi&th=1&psc=1"><img src="https://m.media-amazon.com/images/I/41WL7dl9L-L._SL500_.jpg" alt="Product Image"></a><p>Core Products Soft Comfort CorPak, No Frost Hot and Cold Therapy Pack - 10" x 13", Made in The USA</p><p> -17% 0FF </p><p>$14.98 ($14.98 / Count)</p><a href="https://www.amazon.com/dp/B002L13EK4?tag=eloabder-20&linkCode=osi&th=1&psc=1">View Product</a></div>
<div class="product"><a href="https://www.amazon.com/dp/B0CRNSYY12?tag=eloabder-20&linkCode=osi&th=1&psc=1"><img src="https://m.media-amazon.com/images/I/41CCImE12+L._SL500_.jpg" alt="Product Image"></a><p>Pvilub UFO LED High Bay Light 200W 2 Pack, 5000K Dimmable High Bay LED Light Fixture with US Plug 5' Cable, 28000LM IP65 Waterproof High Bay Lights for Workshop Factory Barn Warehouse</p><p> -50% 0FF </p><p>$44.99 ($22.50 / Count)</p><a href="https://www.amazon.com/dp/B0CRNSYY12?tag=eloabder-20&linkCode=osi&th=1&psc=1">View Product</a></div><div class="product"><a href="https://www.amazon.com/dp/B0CXX9R85C?tag=eloabder-20&linkCode=osi&th=1&psc=1"><img src="https://m.media-amazon.com/images/I/415nSzRaRzL._SL500_.jpg" alt="Product Image"></a><p>Sud Factory Dissolve X2 Upgraded Paint Hard Water Spot & Stain Remover for Cars, Trucks, Boats, Motorcycle, RVs, Homes & More - 16oz</p><p> -5% 0FF </p><p>$31.32 ($1.96 / Fl Oz)</p><a href="https://www.amazon.com/dp/B0CXX9R85C?tag=eloabder-20&linkCode=osi&th=1&psc=1">View Product</a></div><div class="product"><a href="https://www.amazon.com/dp/B0CYQ6YG8V?tag=eloabder-20&linkCode=osi&th=1&psc=1"><img src="https://m.media-amazon.com/images/I/415R2W7EePL._SL500_.jpg" alt="Product Image"></a><p>4-Pack UFO LED High Bay Light 200W, High Bay LED Shop Lights 6500K 30000LM Daylight UL Listed with US Plug 5' Cable, Hanging Hook, LED UFO High Bay Lights for Warehouse Workshop Garage Factory Barn</p><p> -32% 0FF </p><p>$129.99</p><a href="https://www.amazon.com/dp/B0CYQ6YG8V?tag=eloabder-20&linkCode=osi&th=1&psc=1">View Product</a></div><div class="product"><a href="https://www.amazon.com/dp/B00T3Z6VG0?tag=eloabder-20&linkCode=osi&th=1&psc=1"><img src="https://m.media-amazon.com/images/I/41HMtL8drLL._SL500_.jpg" alt="Product Image"></a><p>Lifefactory 20-Ounce Indoor/Outdoor Protective Silicone Sleeve Beverage Glass, 4 Count (Pack of 1), Orange, Grass Green, Cobalt, Huckleberry</p><p> -20% 0FF </p><p>$39.99 ($10.00 / Count)</p><a href="https://www.amazon.com/dp/B00T3Z6VG0?tag=eloabder-20&linkCode=osi&th=1&psc=1">View Product</a></div><div class="product"><a href="https://www.amazon.com/dp/B0CYQ2W7YR?tag=eloabder-20&linkCode=osi&th=1&psc=1"><img src="https://m.media-amazon.com/images/I/41zMwlG6vaL._SL500_.jpg" alt="Product Image"></a><p>6 Packs UFO LED High Bay Light - 200W High Bay LED Shop Lights, 6500K 30000LM UFO Lights with US Plug 5ft Cable, Hanging Hook, Commercial Bay Lighting Daylight for Warehouse Factory Shop - UL Listed</p><p> -36% 0FF </p><p>$179.99 ($30.00 / Count)</p><a href="https://www.amazon.com/dp/B0CYQ2W7YR?tag=eloabder-20&linkCode=osi&th=1&psc=1">View Product</a></div><div class="product"><a href="https://www.amazon.com/dp/B08Y2J4C4C?tag=eloabder-20&linkCode=osi&th=1&psc=1"><img src="https://m.media-amazon.com/images/I/41T83Y3drrL._SL500_.jpg" alt="Product Image"></a><p>Factory Direct Partners 10368-BK 16" School Stack Chair, Stacking Student Seat with Chromed Steel Legs and Nylon Swivel Glides for in-Home Learning or Classroom - Black (6-Pack)</p><p> -21% 0FF </p><p>$240.05 ($40.01 / Count)</p><a href="https://www.amazon.com/dp/B08Y2J4C4C?tag=eloabder-20&linkCode=osi&th=1&psc=1">View Product</a></div><div class="product"><a href="https://www.amazon.com/dp/B0D6X64LWH?tag=eloabder-20&linkCode=osi&th=1&psc=1"><img src="https://m.media-amazon.com/images/I/41MQiiwVEsL._SL500_.jpg" alt="Product Image"></a><p>White Knight M12x1.25 Lug Nuts for Select Nissan and Infiniti, Factory Style Chrome Med Mag with Washer - 5306-20AM (20 Pack)</p><p> -16% 0FF </p><p>$20.88</p><a href="https://www.amazon.com/dp/B0D6X64LWH?tag=eloabder-20&linkCode=osi&th=1&psc=1">View Product</a></div>
<div class="product"><a href="https://www.amazon.com/dp/B0CKWZTJTL?tag=eloabder-20&linkCode=osi&th=1&psc=1"><img src="https://m.media-amazon.com/images/I/51x2qwWd-3L._SL500_.jpg" alt="Product Image"></a><p>VEVOR 4pcs Machinery Mover, 8T Machinery Skate Dolly, 17637lbs Machinery Moving Skate, Machinery Mover Skate w/ 360¬∞ Rotation Cap and 4 Rollers, Heavy Duty Industrial Moving Equipment, Yellow</p><p> -5% 0FF </p><p>$142.49</p><a href="https://www.amazon.com/dp/B0CKWZTJTL?tag=eloabder-20&linkCode=osi&th=1&psc=1">View Product</a></div><div class="product"><a href="https://www.amazon.com/dp/B0CB8VNTLN?tag=eloabder-20&linkCode=osi&th=1&psc=1"><img src="https://m.media-amazon.com/images/I/41PG7e4nerL._SL500_.jpg" alt="Product Image"></a><p>VEVOR Machinery Skate Dolly, 13,200 LBS/6T Industrial Machinery Mover, Heavy Duty Carbon Steel Machinery Moving Skate with 4 PU Wheels and 360¬∞ Rotation Non-Slip Cap for Warehouse, Workshop, Factory</p><p> -26% 0FF </p><p>$29.69</p><a href="https://www.amazon.com/dp/B0CB8VNTLN?tag=eloabder-20&linkCode=osi&th=1&psc=1">View Product</a></div><div class="product"><a href="https://www.amazon.com/dp/B0BG5HT6VK?tag=eloabder-20&linkCode=osi&th=1&psc=1"><img src="https://m.media-amazon.com/images/I/419hHIpihrL._SL500_.jpg" alt="Product Image"></a><p>VEVOR Machinery Skate Dolly, 6614 LBS/3T Industrial Machinery Mover with Handle, Carbon Steel Machinery Moving Skate with 3 360¬∞ Swivel PU Wheels, 360¬∞ Rotation Non-Slip Cap for Warehouse, Workshop</p><p> -9% 0FF </p><p>$99.99</p><a href="https://www.amazon.com/dp/B0BG5HT6VK?tag=eloabder-20&linkCode=osi&th=1&psc=1">View Product</a></div>
<div class="product"><a href="https://www.amazon.com/dp/B07R71PYPH?tag=eloabder-20&linkCode=osi&th=1&psc=1"><img src="https://m.media-amazon.com/images/I/51xY0A0dj6L._SL500_.jpg" alt="Product Image"></a><p>NEENCA Professional Knee Brace for Pain Relief, Medical Knee Support with Patella Pad & Side Stabilizers, Compression Knee Sleeve for Meniscus Tear, ACL, Joint Pain, Runner, Workout - FSA/HSA Eligible</p><p> -15% 0FF </p><p>$22.07</p><a href="https://www.amazon.com/dp/B07R71PYPH?tag=eloabder-20&linkCode=osi&th=1&psc=1">View Product</a></div><div class="product"><a href="https://www.amazon.com/dp/B0D8KQ4349?tag=eloabder-20&linkCode=osi&th=1&psc=1"><img src="https://m.media-amazon.com/images/I/41E0E-DrOiL._SL500_.jpg" alt="Product Image"></a><p>Rechargeable EMF Meter, 5 Level LED Portable Handheld Magnetic Field Detector for Ghost Hunting and Inspections in Home, Electromagnetic Paranormal Equipment Tester Up to 20 + MG</p><p> -17% 0FF </p><p>$14.99</p><a href="https://www.amazon.com/dp/B0D8KQ4349?tag=eloabder-20&linkCode=osi&th=1&psc=1">View Product</a></div><div class="product"><a href="https://www.amazon.com/dp/B08R6XRYVD?tag=eloabder-20&linkCode=osi&th=1&psc=1"><img src="https://m.media-amazon.com/images/I/31Oss0Gr+fL._SL500_.jpg" alt="Product Image"></a><p>99.9% Copper Dowsing Rods - 2PCS Divining Rods - for Ghost Hunting Tools, Divining Water, Treasure, Buried Items Etc</p><p> -30% 0FF </p><p>$13.99</p><a href="https://www.amazon.com/dp/B08R6XRYVD?tag=eloabder-20&linkCode=osi&th=1&psc=1">View Product</a></div>
<div class="product"><a href="https://www.amazon.com/dp/B0723914V1?tag=eloabder-20&linkCode=osi&th=1&psc=1"><img src="https://m.media-amazon.com/images/I/51A+d87r2aL._SL500_.jpg" alt="Product Image"></a><p>DEKOPRO 228 Piece Socket Wrench Auto Repair Tool Combination Package Mixed Tool Set Hand Tool Kit with Plastic Toolbox Storage Case</p><p> -20% 0FF </p><p>$79.99</p><a href="https://www.amazon.com/dp/B0723914V1?tag=eloabder-20&linkCode=osi&th=1&psc=1">View Product</a></div><div class="product"><a href="https://www.amazon.com/dp/B0105SSMRO?tag=eloabder-20&linkCode=osi&th=1&psc=1"><img src="https://m.media-amazon.com/images/I/313ovohBnZL._SL500_.jpg" alt="Product Image"></a><p>7-piece Workpro Pliers Set with Groove Joint, Long Nose, Slip Joint, Linesman, and Diagonal Pliers for DIY & Home Use</p><p> -20% 0FF </p><p>$19.99</p><a href="https://www.amazon.com/dp/B0105SSMRO?tag=eloabder-20&linkCode=osi&th=1&psc=1">View Product</a></div><div class="product"><a href="https://www.amazon.com/dp/B0BR8B8XKJ?tag=eloabder-20&linkCode=osi&th=1&psc=1"><img src="https://m.media-amazon.com/images/I/41fSDIgwWCL._SL500_.jpg" alt="Product Image"></a><p>2Pcs Heavy Duty Automatic Center Punch, 5'' Premium Steel Spring Loaded Center Hole Punch, Adjustable Spring Impact Center Marker Scriber Tool for Metel, Plastics, Wood, Glass by karmiero</p><p> -20% 0FF </p><p>$3.99</p><a href="https://www.amazon.com/dp/B0BR8B8XKJ?tag=eloabder-20&linkCode=osi&th=1&psc=1">View Product</a></div><div class="product"><a href="https://www.amazon.com/dp/B08YRLZCPJ?tag=eloabder-20&linkCode=osi&th=1&psc=1"><img src="https://m.media-amazon.com/images/I/51LIpo1iBZS._SL500_.jpg" alt="Product Image"></a><p>Egofine 46 Pieces 1/4 inch Drive Socket Ratchet Wrench Set, with Bit Socket Set Metric and Extension Bar for Auto Repairing and Household, with Storage Case</p><p> -23% 0FF </p><p>$19.87</p><a href="https://www.amazon.com/dp/B08YRLZCPJ?tag=eloabder-20&linkCode=osi&th=1&psc=1">View Product</a></div><div class="product"><a href="https://www.amazon.com/dp/B07WP4165D?tag=eloabder-20&linkCode=osi&th=1&psc=1"><img src="https://m.media-amazon.com/images/I/51TA+8eP4zL._SL500_.jpg" alt="Product Image"></a><p>Laser Level Line Tool, Multipurpose Laser Level Kit Standard Cross Line Laser leveler Beam Tool with Metric Rulers 8ft/2.5M for Picture Hanging cabinets Tile Walls by AikTryee.</p><p> -48% 0FF </p><p>$9.95</p><a href="https://www.amazon.com/dp/B07WP4165D?tag=eloabder-20&linkCode=osi&th=1&psc=1">View Product</a></div><div class="product"><a href="https://www.amazon.com/dp/B09TB7M842?tag=eloabder-20&linkCode=osi&th=1&psc=1"><img src="https://m.media-amazon.com/images/I/412U9M3sOcL._SL500_.jpg" alt="Product Image"></a><p>DEWALT 20V MAX XR Cut Off Tool, Brushless and Compact, Bare Tool Only (DCS438B)</p><p> -37% 0FF </p><p>$125.90</p><a href="https://www.amazon.com/dp/B09TB7M842?tag=eloabder-20&linkCode=osi&th=1&psc=1">View Product</a></div><div class="product"><a href="https://www.amazon.com/dp/B0BRPVRC77?tag=eloabder-20&linkCode=osi&th=1&psc=1"><img src="https://m.media-amazon.com/images/I/51DFLa11vEL._SL500_.jpg" alt="Product Image"></a><p>HORUSDY 16-Piece Punch and Chisel Set, Including Taper Punch, Cold Chisels, Pin Punch, Center Punch</p><p> -22% 0FF </p><p>$20.99</p><a href="https://www.amazon.com/dp/B0BRPVRC77?tag=eloabder-20&linkCode=osi&th=1&psc=1">View Product</a></div>
<div class="product"><a href="https://www.amazon.com/dp/B088M48Z3G?tag=eloabder-20&linkCode=osi&th=1&psc=1"><img src="https://m.media-amazon.com/images/I/51MV5+juS8L._SL500_.jpg" alt="Product Image"></a><p>anezus Self Healing Sewing Mat, 12inch x 18inch Rotary Cutting Mat Double Sided 5-Ply Craft Cutting Board for Sewing Crafts Hobby Fabric Precision Scrapbooking Project</p><p> -44% 0FF </p><p>$8.99</p><a href="https://www.amazon.com/dp/B088M48Z3G?tag=eloabder-20&linkCode=osi&th=1&psc=1">View Product</a></div><div class="product"><a href="https://www.amazon.com/dp/B0BX2BN5KQ?tag=eloabder-20&linkCode=osi&th=1&psc=1"><img src="https://m.media-amazon.com/images/I/31VTaTFWBXL._SL500_.jpg" alt="Product Image"></a><p>12 * 12 inch Packing Paper for Moving 100 Sheets Protecting Fragile China and Glasses,Small Wrapping Paper for Shipping and Moving Box Filler</p><p> -20% 0FF </p><p>$6.99 ($0.07 / Count)</p><a href="https://www.amazon.com/dp/B0BX2BN5KQ?tag=eloabder-20&linkCode=osi&th=1&psc=1">View Product</a></div>
<div class="product"><a href="https://www.amazon.com/dp/B0CMZZGXPX?tag=eloabder-20&linkCode=osi&th=1&psc=1"><img src="https://m.media-amazon.com/images/I/31YMA2qw31L._SL500_.jpg" alt="Product Image"></a><p>CREGEAR ABS Plastic Sheet 1/8 Inch Thick - 12" x 12", Black Plastic Sheet Rigid Thermoplastic Sheet, ABS Plastic Board for Sign, Craft, DIY Project, 2 Different Surfaces - Texture & Smooth, 1 Pack</p><p> -11% 0FF </p><p>$7.97</p><a href="https://www.amazon.com/dp/B0CMZZGXPX?tag=eloabder-20&linkCode=osi&th=1&psc=1">View Product</a></div>
<div class="product"><a href="https://www.amazon.com/dp/B0B293QNWQ?tag=eloabder-20&linkCode=osi&th=1&psc=1"><img src="https://m.media-amazon.com/images/I/41+feq08GCL._SL500_.jpg" alt="Product Image"></a><p>Metal Ice Scoop 6 OzÔºåKitchen Ice Scooper for Ice Maker, Small Food Scoops for Bar Party Wedding Pet Dog Food, Stainless Steel Silver</p><p> -30% 0FF </p><p>$6.99</p><a href="https://www.amazon.com/dp/B0B293QNWQ?tag=eloabder-20&linkCode=osi&th=1&psc=1">View Product</a></div><div class="product"><a href="https://www.amazon.com/dp/B07PXLJ9MP?tag=eloabder-20&linkCode=osi&th=1&psc=1"><img src="https://m.media-amazon.com/images/I/41YOR10YvIL._SL500_.jpg" alt="Product Image"></a><p>Fayleeko Wire Coat Hangers 40 Pack Strong Heavy Duty Stainless Steel Metal Ultra Thin Space Saving Clothes Hangers 16.5 Inch</p><p> -38% 0FF </p><p>$24.88 ($0.62 / Count)</p><a href="https://www.amazon.com/dp/B07PXLJ9MP?tag=eloabder-20&linkCode=osi&th=1&psc=1">View Product</a></div><div class="product"><a href="https://www.amazon.com/dp/B000H5W3PI?tag=eloabder-20&linkCode=osi&th=1&psc=1"><img src="https://m.media-amazon.com/images/I/21FCToLy5VL._SL500_.jpg" alt="Product Image"></a><p>K&S Sheet Metal Stock, Made in The USA,Stainless Steel/Silver</p><p> -14% 0FF </p><p>$6.47</p><a href="https://www.amazon.com/dp/B000H5W3PI?tag=eloabder-20&linkCode=osi&th=1&psc=1">View Product</a></div><div class="product"><a href="https://www.amazon.com/dp/B07GDDF5JB?tag=eloabder-20&linkCode=osi&th=1&psc=1"><img src="https://m.media-amazon.com/images/I/31dFxe1Df0L._SL500_.jpg" alt="Product Image"></a><p>HURRICANE 10 Inch Aviation Tin Snips, Heavy Duty Metal Cutter Shears for Cutting Sheet Metal, Straight Cut, Chrome Vanadium Steel</p><p> -30% 0FF </p><p>$13.99</p><a href="https://www.amazon.com/dp/B07GDDF5JB?tag=eloabder-20&linkCode=osi&th=1&psc=1">View Product</a></div>
<div class="product"><a href="https://www.amazon.com/dp/B0D95L6W5J?tag=eloabder-20&linkCode=osi&th=1&psc=1"><img src="https://m.media-amazon.com/images/I/41tbedSgDfL._SL500_.jpg" alt="Product Image"></a><p>Tandefio 40 Sticks Brazing Rods Bcup-5 Solder Phos Copper Brazing Alloys Flat Welding Rods Industry 0.050"x1/8"x10" for Air Conditioning Refrigerator Cold Storage HVAC Units (Phosphor Copper)</p><p> -5% 0FF </p><p>$20.99</p><a href="https://www.amazon.com/dp/B0D95L6W5J?tag=eloabder-20&linkCode=osi&th=1&psc=1">View Product</a></div>
<div class="product"><a href="https://www.amazon.com/dp/B0053KMAMI?tag=eloabder-20&linkCode=osi&th=1&psc=1"><img src="https://m.media-amazon.com/images/I/41f4ot2fnZL._SL500_.jpg" alt="Product Image"></a><p>Party Dimensions Plastic 300 Count Cutlery Combo Box, Clear, Combo Box, Clear 300 Count</p><p> -25% 0FF </p><p>$14.99</p><a href="https://www.amazon.com/dp/B0053KMAMI?tag=eloabder-20&linkCode=osi&th=1&psc=1">View Product</a></div><div class="product"><a href="https://www.amazon.com/dp/B0CCMNPWGW?tag=eloabder-20&linkCode=osi&th=1&psc=1"><img src="https://m.media-amazon.com/images/I/41k5QSXXF8L._SL500_.jpg" alt="Product Image"></a><p>6 Pack Black Plastic Sheets 8x12x0.04 in Flexible High Tensile Plastic Sheets,Plastic Sheet Hard Plastic Sheet Black Plastic Panel for DIY Materials Handicrafts Home Decoration</p><p> -22% 0FF </p><p>$6.99</p><a href="https://www.amazon.com/dp/B0CCMNPWGW?tag=eloabder-20&linkCode=osi&th=1&psc=1">View Product</a></div><div class="product"><a href="https://www.amazon.com/dp/B085T6685R?tag=eloabder-20&linkCode=osi&th=1&psc=1"><img src="https://m.media-amazon.com/images/I/41RbX0YJ2PL._SL500_.jpg" alt="Product Image"></a><p>POSATE Heavy Weight Plastic Forks, Clear Disposable, 100 Count</p><p> -47% 0FF </p><p>$13.80</p><a href="https://www.amazon.com/dp/B085T6685R?tag=eloabder-20&linkCode=osi&th=1&psc=1">View Product</a></div><div class="product"><a href="https://www.amazon.com/dp/B0C1JMKHL4?tag=eloabder-20&linkCode=osi&th=1&psc=1"><img src="https://m.media-amazon.com/images/I/51vGnsuo0GL._SL500_.jpg" alt="Product Image"></a><p>MOACOCK 200 Count Plastic Silverware, Heavy Weight Plastic Forks Spoons Disposable Utensils Cutlery Set for Wedding Party Supplies Everyday Use</p><p> -7% 0FF </p><p>$12.99</p><a href="https://www.amazon.com/dp/B0C1JMKHL4?tag=eloabder-20&linkCode=osi&th=1&psc=1">View Product</a></div><div class="product"><a href="https://www.amazon.com/dp/B0CZHZ4VYY?tag=eloabder-20&linkCode=osi&th=1&psc=1"><img src="https://m.media-amazon.com/images/I/41NCRYSzzPL._SL500_.jpg" alt="Product Image"></a><p>Dealusy 100 Count Extra Heavy Duty Clear Plastic Knives Disposable, BPA-Free, Heat Resistant, Solid and Durable Disposable Knives Bulk, Premium Plastic Knives heavy duty for Party Supply</p><p> -31% 0FF </p><p>$8.99</p><a href="https://www.amazon.com/dp/B0CZHZ4VYY?tag=eloabder-20&linkCode=osi&th=1&psc=1">View Product</a></div><div class="product"><a href="https://www.amazon.com/dp/B00I9J3ACY?tag=eloabder-20&linkCode=osi&th=1&psc=1"><img src="https://m.media-amazon.com/images/I/51W96ohIwyL._SL500_.jpg" alt="Product Image"></a><p>Hefty Party On Disposable Plastic Cups, Red, 18 Ounce, 50 Count</p><p> -27% 0FF </p><p>$5.84 ($0.12 / Count)</p><a href="https://www.amazon.com/dp/B00I9J3ACY?tag=eloabder-20&linkCode=osi&th=1&psc=1">View Product</a></div>
<div class="product"><a href="https://www.amazon.com/dp/B08ZX4PNGL?tag=eloabder-20&linkCode=osi&th=1&psc=1"><img src="https://m.media-amazon.com/images/I/41qtw-wXhWL._SL500_.jpg" alt="Product Image"></a><p>Soil Moist SAP Water Storing Crystals Polymer Small Granular_20-100 mesh (1), White</p><p> -18% 0FF </p><p>$12.99 ($0.81 / Ounce)</p><a href="https://www.amazon.com/dp/B08ZX4PNGL?tag=eloabder-20&linkCode=osi&th=1&psc=1">View Product</a></div><div class="product"><a href="https://www.amazon.com/dp/B099KS2PDW?tag=eloabder-20&linkCode=osi&th=1&psc=1"><img src="https://m.media-amazon.com/images/I/51JgOs5PnML._SL500_.jpg" alt="Product Image"></a><p>Polymaker PLA PRO Filament 1.75mm, Tough & High Rigidity Black PLA Filament 1.75mm 1kg Cardboard Spool - PolyLite PLA PRO 3D Printer Filament 1.75mm, Print with Most 3D Printers Using 3D Filament</p><p> -14% 0FF </p><p>$24.99 ($0.71 / Ounce)</p><a href="https://www.amazon.com/dp/B099KS2PDW?tag=eloabder-20&linkCode=osi&th=1&psc=1">View Product</a></div><div class="product"><a href="https://www.amazon.com/dp/B0CK9D7FYJ?tag=eloabder-20&linkCode=osi&th=1&psc=1"><img src="https://m.media-amazon.com/images/I/51lrOOPPi4L._SL500_.jpg" alt="Product Image"></a><p>Scrub Daddy Color Sponge - Scratch-Free Multipurpose Dish Sponge Color Variety Pack - BPA Free & Made with Polymer Foam - Stain & Odor Resistant Kitchen Sponge (3 Count, 2 Pack)</p><p> -12% 0FF </p><p>$19.30 ($3.22 / Count)</p><a href="https://www.amazon.com/dp/B0CK9D7FYJ?tag=eloabder-20&linkCode=osi&th=1&psc=1">View Product</a></div><div class="product"><a href="https://www.amazon.com/dp/B00XXOFV2M?tag=eloabder-20&linkCode=osi&th=1&psc=1"><img src="https://m.media-amazon.com/images/I/31DpBHBqqxL._SL500_.jpg" alt="Product Image"></a><p>Intertape Polymer Group K2525P293 Central 260 Medium Duty Reinforced Water Activated Tape, 3" Width, 450' Length, FRAGILE, Pack of 10</p><p> -12% 0FF </p><p>$89.16 ($8.92 / Count)</p><a href="https://www.amazon.com/dp/B00XXOFV2M?tag=eloabder-20&linkCode=osi&th=1&psc=1">View Product</a></div><div class="product"><a href="https://www.amazon.com/dp/B0C6DNQF1H?tag=eloabder-20&linkCode=osi&th=1&psc=1"><img src="https://m.media-amazon.com/images/I/51lbJOfwjFL._SL500_.jpg" alt="Product Image"></a><p>DIYMAG Ceramic Round Magnets for Crafts 35 Packs with Adhesive Backing. 0.98Inch (25mm) Small Magnets Perfect for Fridge, DIY, Building, Scientific, Craft, and Office.Ôºà0.98 * 0.2Inch-35pÔºâ</p><p> -13% 0FF </p><p>$6.99 ($0.20 / Count)</p><a href="https://www.amazon.com/dp/B0C6DNQF1H?tag=eloabder-20&linkCode=osi&th=1&psc=1">View Product</a></div>
<div class="product"><a href="https://www.amazon.com/dp/B001TK0DSY?tag=eloabder-20&linkCode=osi&th=1&psc=1"><img src="https://m.media-amazon.com/images/I/41sY5CJF40L._SL500_.jpg" alt="Product Image"></a><p>Chemical Guys CWS_301_16 Citrus Wash & Gloss Foaming Car Wash Soap (Works with Foam Cannons, Foam Guns or Bucket Washes) Safe for Cars, Trucks, Motorcycles, RVs & More, 16 fl oz, Citrus Scent</p><p> -17% 0FF </p><p>$9.97 ($0.62 / Fl Oz)</p><a href="https://www.amazon.com/dp/B001TK0DSY?tag=eloabder-20&linkCode=osi&th=1&psc=1">View Product</a></div><div class="product"><a href="https://www.amazon.com/dp/B00HK95ZZY?tag=eloabder-20&linkCode=osi&th=1&psc=1"><img src="https://m.media-amazon.com/images/I/41ztWGvZpCL._SL500_.jpg" alt="Product Image"></a><p>SmartSign - U9-1214-NA_7x10 "Danger - Chemical Storage Area, Authorized Personnel Only" Sign | 7" x 10" Aluminum Black/Red on White</p><p> -16% 0FF </p><p>$10.93</p><a href="https://www.amazon.com/dp/B00HK95ZZY?tag=eloabder-20&linkCode=osi&th=1&psc=1">View Product</a></div>
<div class="product"><a href="https://www.amazon.com/dp/B0916KZ598?tag=eloabder-20&linkCode=osi&th=1&psc=1"><img src="https://m.media-amazon.com/images/I/510bNE6qm3L._SL500_.jpg" alt="Product Image"></a><p>Gorilla Max Strength Clear Construction Adhesive, 2.5 Ounce Squeeze Tube, Clear, (Pack of 1)</p><p> -11% 0FF </p><p>$7.97 ($3.19 / Fl Oz)</p><a href="https://www.amazon.com/dp/B0916KZ598?tag=eloabder-20&linkCode=osi&th=1&psc=1">View Product</a></div><div class="product"><a href="https://www.amazon.com/dp/B0BM27YSBB?tag=eloabder-20&linkCode=osi&th=1&psc=1"><img src="https://m.media-amazon.com/images/I/41j2z0sRK8L._SL500_.jpg" alt="Product Image"></a><p>Gorilla Heavy Duty Construction Adhesive, 7 Ounce Squeeze Tube, White, (Pack of 1)</p><p> -5% 0FF </p><p>$9.47 ($1.35 / Fl Oz)</p><a href="https://www.amazon.com/dp/B0BM27YSBB?tag=eloabder-20&linkCode=osi&th=1&psc=1">View Product</a></div><div class="product"><a href="https://www.amazon.com/dp/B07VNSXY31?tag=eloabder-20&linkCode=osi&th=1&psc=1"><img src="https://m.media-amazon.com/images/I/31AwF4uloCL._SL500_.jpg" alt="Product Image"></a><p>EZlifego Double Sided Tape Heavy Duty, Extra Large Nano Double Sided Adhesive Tape, Clear Mounting Tape Picture Hanging Adhesive Strips,Removable Wall Tape Sticky Poster Tape Decor Carpet Tape(9.85FT)</p><p> -20% 0FF </p><p>$11.99</p><a href="https://www.amazon.com/dp/B07VNSXY31?tag=eloabder-20&linkCode=osi&th=1&psc=1">View Product</a></div><div class="product"><a href="https://www.amazon.com/dp/B0006HUJCQ?tag=eloabder-20&linkCode=osi&th=1&psc=1"><img src="https://m.media-amazon.com/images/I/511pTqChTCL._SL500_.jpg" alt="Product Image"></a><p>Loctite 1364076 Super Glue Easy Squeeze Gel, .14 oz, Super Glue Liquid</p><p> -45% 0FF </p><p>$3.64 ($26.00 / Fl Oz)</p><a href="https://www.amazon.com/dp/B0006HUJCQ?tag=eloabder-20&linkCode=osi&th=1&psc=1">View Product</a></div><div class="product"><a href="https://www.amazon.com/dp/B000BQYHSY?tag=eloabder-20&linkCode=osi&th=1&psc=1"><img src="https://m.media-amazon.com/images/I/41jVQXZlyKL._SL500_.jpg" alt="Product Image"></a><p>Liquid Nails LN-700 4-Ounce Small Projects and Repairs Adhesive</p><p> -22% 0FF </p><p>$3.98 ($1.00 / Fl Oz)</p><a href="https://www.amazon.com/dp/B000BQYHSY?tag=eloabder-20&linkCode=osi&th=1&psc=1">View Product</a></div>
<div class="product"><a href="https://www.amazon.com/dp/B0002UEPVI?tag=eloabder-20&linkCode=osi&th=1&psc=1"><img src="https://m.media-amazon.com/images/I/41VgMnT8V8L._SL500_.jpg" alt="Product Image"></a><p>Permatex 80050 Clear RTV Silicone Adhesive Sealant, 3 oz</p><p> -28% 0FF </p><p>$5.04 ($1.68 / Ounce)</p><a href="https://www.amazon.com/dp/B0002UEPVI?tag=eloabder-20&linkCode=osi&th=1&psc=1">View Product</a></div><div class="product"><a href="https://www.amazon.com/dp/B01NCSN5AS?tag=eloabder-20&linkCode=osi&th=1&psc=1"><img src="https://m.media-amazon.com/images/I/41u1Bk8aMML._SL500_.jpg" alt="Product Image"></a><p>Gorilla Waterproof Caulk & Seal 100% Silicone Sealant, White, 10oz Cartridge (Pack of 1)</p><p> -10% 0FF </p><p>$9.84 ($0.98 / Ounce)</p><a href="https://www.amazon.com/dp/B01NCSN5AS?tag=eloabder-20&linkCode=osi&th=1&psc=1">View Product</a></div><div class="product"><a href="https://www.amazon.com/dp/B0B8QPH3RW?tag=eloabder-20&linkCode=osi&th=1&psc=1"><img src="https://m.media-amazon.com/images/I/31FmC2PDnsL._SL500_.jpg" alt="Product Image"></a><p>GE All Purpose Silicone Caulk - 100% Waterproof Silicone Sealant, Stronger Adhesion, Freeze & Sun Proof - 10 oz Cartridge, Clear, Pack of 1</p><p> -22% 0FF </p><p>$6.98</p><a href="https://www.amazon.com/dp/B0B8QPH3RW?tag=eloabder-20&linkCode=osi&th=1&psc=1">View Product</a></div><div class="product"><a href="https://www.amazon.com/dp/B000XBDJWC?tag=eloabder-20&linkCode=osi&th=1&psc=1"><img src="https://m.media-amazon.com/images/I/31O8FwTY5WL._SL500_.jpg" alt="Product Image"></a><p>3M Marine Adhesive Sealant 4000 UV, PN06580, White, 295 mL Cartridge, 10 Fl Oz (Pack of 1)</p><p> -15% 0FF </p><p>$18.75 ($1.88 / Fl Oz)</p><a href="https://www.amazon.com/dp/B000XBDJWC?tag=eloabder-20&linkCode=osi&th=1&psc=1">View Product</a></div><div class="product"><a href="https://www.amazon.com/dp/B01MQW8AEM?tag=eloabder-20&linkCode=osi&th=1&psc=1"><img src="https://m.media-amazon.com/images/I/31gdoMW-i8L._SL500_.jpg" alt="Product Image"></a><p>Gorilla 8050002 Clear Silicone Sealant, 1-Pack</p><p> -10% 0FF </p><p>$9.84 ($0.98 / Fl Oz)</p><a href="https://www.amazon.com/dp/B01MQW8AEM?tag=eloabder-20&linkCode=osi&th=1&psc=1">View Product</a></div>

<div class="product"><a href="https://www.amazon.com/dp/B004UICH5O?tag=eloabder-20&linkCode=osi&th=1&psc=1"><img src="https://m.media-amazon.com/images/I/5123T4CVtTL._SL500_.jpg" alt="Product Image"></a><p>Dynarex DynaLube Lubricating Jelly, Water Soluble and Sterile Lubricant Jelly, Used for Body Orifices, Hinged Instruments and Medical Devices, 1 Box of 144 DynaLube Packets, 2.7g</p><p> -5% 0FF </p><p>$12.49 ($0.09 / Count)</p><a href="https://www.amazon.com/dp/B004UICH5O?tag=eloabder-20&linkCode=osi&th=1&psc=1">View Product</a></div><div class="product"><a href="https://www.amazon.com/dp/B087ZHPVRW?tag=eloabder-20&linkCode=osi&th=1&psc=1"><img src="https://m.media-amazon.com/images/I/51My23RlqsL._SL500_.jpg" alt="Product Image"></a><p>3-IN-ONE Professional Garage Door Lubricant with Smart Straw Sprays 2 Ways, 11 OZ Twin Pack, 100584, Clear</p><p> -20% 0FF </p><p>$15.96 ($7.98 / Count)</p><a href="https://www.amazon.com/dp/B087ZHPVRW?tag=eloabder-20&linkCode=osi&th=1&psc=1">View Product</a></div><div class="product"><a href="https://www.amazon.com/dp/B07K323XYQ?tag=eloabder-20&linkCode=osi&th=1&psc=1"><img src="https://m.media-amazon.com/images/I/41Stkw4geDL._SL500_.jpg" alt="Product Image"></a><p>McKesson Lubricating Jelly Sterile 4 oz. Tube 1 Each 16-8919</p><p> -63% 0FF </p><p>$5.48 ($0.11 / Ounce)</p><a href="https://www.amazon.com/dp/B07K323XYQ?tag=eloabder-20&linkCode=osi&th=1&psc=1">View Product</a></div><div class="product"><a href="https://www.amazon.com/dp/B00AF0ODGM?tag=eloabder-20&linkCode=osi&th=1&psc=1"><img src="https://m.media-amazon.com/images/I/418phnGj-VL._SL500_.jpg" alt="Product Image"></a><p>WD-40 Specialist Dry Lube with SMART STRAW SPRAYS 2 WAYS, 10 OZ</p><p> -6% 0FF </p><p>$7.98 ($0.80 / Ounce)</p><a href="https://www.amazon.com/dp/B00AF0ODGM?tag=eloabder-20&linkCode=osi&th=1&psc=1">View Product</a></div><div class="product"><a href="https://www.amazon.com/dp/B0081JE0OO?tag=eloabder-20&linkCode=osi&th=1&psc=1"><img src="https://m.media-amazon.com/images/I/31YRFZU58NL._SL500_.jpg" alt="Product Image"></a><p>Super Lube 92003 Silicone Lubricating Grease with PTFE, 3 oz Tube, Translucent White</p><p> -34% 0FF </p><p>$11.80 ($3.93 / Ounce)</p><a href="https://www.amazon.com/dp/B0081JE0OO?tag=eloabder-20&linkCode=osi&th=1&psc=1">View Product</a></div><div class="product"><a href="https://www.amazon.com/dp/B000UKUHXK?tag=eloabder-20&linkCode=osi&th=1&psc=1"><img src="https://m.media-amazon.com/images/I/31PHNtI4eWL._SL500_.jpg" alt="Product Image"></a><p>Super Lube 51004 Synthetic Oil with PTFE, High Viscosity, 4 oz Bottle,Translucent white(Packaging may vary)</p><p> -27% 0FF </p><p>$7.82 ($1.96 / Fl Oz)</p><a href="https://www.amazon.com/dp/B000UKUHXK?tag=eloabder-20&linkCode=osi&th=1&psc=1">View Product</a></div>

<div class="product"><a href="https://www.amazon.com/dp/B0BRPQW3G9?tag=eloabder-20&linkCode=osi&th=1&psc=1"><img src="https://m.media-amazon.com/images/I/51TpMRJpWeL._SL500_.jpg" alt="Product Image"></a><p>JEGONFRI High Hardness Wood Screws Assortment Kit, 209 pcs, Phillips Drive Flat Head, Wood Screws, Screws, Drywall Screws, Assorted Screws, Screws Set, 6 Sizes (2‚Äù,1-1/2‚Äù,1-1/4‚Äù,1‚Äù,3/4‚Äù,1/2‚Äù)</p><p> -20% 0FF </p><p>$7.96</p><a href="https://www.amazon.com/dp/B0BRPQW3G9?tag=eloabder-20&linkCode=osi&th=1&psc=1">View Product</a></div><div class="product"><a href="https://www.amazon.com/dp/B0BHNK23GJ?tag=eloabder-20&linkCode=osi&th=1&psc=1"><img src="https://m.media-amazon.com/images/I/51ZAmhP99TL._SL500_.jpg" alt="Product Image"></a><p>KURUI Drywall Screws Assortment Kit, #6 Black Wood Screws for Drywall,165pcs Coarse Thread Sheetrock Screws Set, Phillips Drive Self Tapping Dry Wall Screws 4 Sizes 1",1-1/4",1-5/8",2"</p><p> -24% 0FF </p><p>$7.59 ($0.05 / Count)</p><a href="https://www.amazon.com/dp/B0BHNK23GJ?tag=eloabder-20&linkCode=osi&th=1&psc=1">View Product</a></div><div class="product"><a href="https://www.amazon.com/dp/B0D3HVHPXW?tag=eloabder-20&linkCode=osi&th=1&psc=1"><img src="https://m.media-amazon.com/images/I/51boObkp+HL._SL500_.jpg" alt="Product Image"></a><p>GVAKMM Drywall Screws Assortment Kit,#7 Black Wood Screws Set,160pcsÔºå5 Sizes(3'',2'',1-3/8'',1'',5/8''),Coarse Thread Phillips Drive Bugle Head Sharp Point,Ideal for Wood,Sheetrock and More</p><p> -13% 0FF </p><p>$6.99 ($0.58 / Ounce)</p><a href="https://www.amazon.com/dp/B0D3HVHPXW?tag=eloabder-20&linkCode=osi&th=1&psc=1">View Product</a></div>
<div class="product"><a href="https://www.amazon.com/dp/B09KS23KQ6?tag=eloabder-20&linkCode=osi&th=1&psc=1"><img src="https://m.media-amazon.com/images/I/41ZHEcuqY-L._SL500_.jpg" alt="Product Image"></a><p>Mr. Pen- Bolts, Nuts, and Washer Assortment Kit, 113 pcs, Nuts and Bolts Assortment Kit, Assorted Nuts and Bolts, Nut Bolt and Washer Assortment, Bolt and Nut Assortment</p><p> -24% 0FF </p><p>$6.85</p><a href="https://www.amazon.com/dp/B09KS23KQ6?tag=eloabder-20&linkCode=osi&th=1&psc=1">View Product</a></div><div class="product"><a href="https://www.amazon.com/dp/B076CVQZWG?tag=eloabder-20&linkCode=osi&th=1&psc=1"><img src="https://m.media-amazon.com/images/I/51LutRS-fXL._SL500_.jpg" alt="Product Image"></a><p>Jackson Palmer 2201 Piece Hardware Assortment Kit with Screws, Nuts, Bolts & Washers (3 Trays)‚Ä¶</p><p> -24% 0FF </p><p>$37.99</p><a href="https://www.amazon.com/dp/B076CVQZWG?tag=eloabder-20&linkCode=osi&th=1&psc=1">View Product</a></div><div class="product"><a href="https://www.amazon.com/dp/B0BC24J6SS?tag=eloabder-20&linkCode=osi&th=1&psc=1"><img src="https://m.media-amazon.com/images/I/517eaNxBNaL._SL500_.jpg" alt="Product Image"></a><p>720 Pcs Nuts and Bolts Assortment Kit, M3 M4 M5 Carbon Steel Screws Bolts and Nuts and Washers Assortment Set, Assorted Cross Pan Head Machine Screws Nuts and Bolts, with Storage Case</p><p> -10% 0FF </p><p>$8.98</p><a href="https://www.amazon.com/dp/B0BC24J6SS?tag=eloabder-20&linkCode=osi&th=1&psc=1">View Product</a></div><div class="product"><a href="https://www.amazon.com/dp/B0CF8NNVKQ?tag=eloabder-20&linkCode=osi&th=1&psc=1"><img src="https://m.media-amazon.com/images/I/61oepk6Ti8L._SL500_.jpg" alt="Product Image"></a><p>FOLIV 907pcs Grade 8.8 Metric Bolt Assortment, M4 M5 M6 M8 Heavy Duty Bolts and Nuts Kit, Yellow Zinc Plated, Length from 12-30mm</p><p> -20% 0FF </p><p>$35.19</p><a href="https://www.amazon.com/dp/B0CF8NNVKQ?tag=eloabder-20&linkCode=osi&th=1&psc=1">View Product</a></div>
<div class="product"><a href="https://www.amazon.com/dp/B0CP7D6KP4?tag=eloabder-20&linkCode=osi&th=1&psc=1"><img src="https://m.media-amazon.com/images/I/51R0Yv5C8aL._SL500_.jpg" alt="Product Image"></a><p>Dianrui 187PCS Metric Hex Nuts Assortment Kit, 9 Size 304 Stainless Steel Hex Nut M2 M2.5 M3 M4 M5 M6 M10 M12 Hexnut Set Hardware Nuts</p><p> -22% 0FF </p><p>$6.99</p><a href="https://www.amazon.com/dp/B0CP7D6KP4?tag=eloabder-20&linkCode=osi&th=1&psc=1">View Product</a></div><div class="product"><a href="https://www.amazon.com/dp/B002SA36AG?tag=eloabder-20&linkCode=osi&th=1&psc=1"><img src="https://m.media-amazon.com/images/I/51cZlQGUFRL._SL500_.jpg" alt="Product Image"></a><p>Dorman 6110761 Lug Nut (M12 x 1.25 Thread Size)</p><p> -45% 0FF </p><p>$3.49</p><a href="https://www.amazon.com/dp/B002SA36AG?tag=eloabder-20&linkCode=osi&th=1&psc=1">View Product</a></div><div class="product"><a href="https://www.amazon.com/dp/B07WCSW7HR?tag=eloabder-20&linkCode=osi&th=1&psc=1"><img src="https://m.media-amazon.com/images/I/51uxWdeYcjL._SL500_.jpg" alt="Product Image"></a><p>ECCPP 20 Pieces Wheel Lug Nuts M12x1.25 12mmx1.25 Wheel Lug Bolts Shank Length 28mm fits for 2015-2022 for Renegade |2018-2022 for Compass |2014-2022 for Cherokee</p><p> -28% 0FF </p><p>$14.47</p><a href="https://www.amazon.com/dp/B07WCSW7HR?tag=eloabder-20&linkCode=osi&th=1&psc=1">View Product</a></div><div class="product"><a href="https://www.amazon.com/dp/B0D1Y5PQ4K?tag=eloabder-20&linkCode=osi&th=1&psc=1"><img src="https://m.media-amazon.com/images/I/51SyHC67C5L._SL500_.jpg" alt="Product Image"></a><p>Quacc 20pcs M8 Nyloc Steel Nuts, Nylon Locknuts for Fastener, Nylon Inserted Hex Lock Nuts, Silver 304 Stainless Steel Self Locking Nuts for Bolts</p><p> -19% 0FF </p><p>$3.79 ($0.19 / Ounce)</p><a href="https://www.amazon.com/dp/B0D1Y5PQ4K?tag=eloabder-20&linkCode=osi&th=1&psc=1">View Product</a></div>
<div class="product"><a href="https://www.amazon.com/dp/B0BZYSSWY8?tag=eloabder-20&linkCode=osi&th=1&psc=1"><img src="https://m.media-amazon.com/images/I/419sIfP-AJL._SL500_.jpg" alt="Product Image"></a><p>1/4" x 1" Stainless Fender Washer,18-8 (304) Stainless Steel Flat Washer,1/4" ID x 1" OD x 0.078" Thick(40Pcs)</p><p> -31% 0FF </p><p>$6.19</p><a href="https://www.amazon.com/dp/B0BZYSSWY8?tag=eloabder-20&linkCode=osi&th=1&psc=1">View Product</a></div><div class="product"><a href="https://www.amazon.com/dp/B0BFJMK5QW?tag=eloabder-20&linkCode=osi&th=1&psc=1"><img src="https://m.media-amazon.com/images/I/51D9Ij56zKL._SL500_.jpg" alt="Product Image"></a><p>Fender Washers for Screws ‚Äî 225Pcs Washers Assortment, Washers for Bolts in 15 Different Sizes (M2 M2.5 M3 M4 M5 M6 M8 M10 M12)‚ÄîStainless Steel Washers for Home & Industrial Usage</p><p> -9% 0FF </p><p>$20.87 ($0.09 / Count)</p><a href="https://www.amazon.com/dp/B0BFJMK5QW?tag=eloabder-20&linkCode=osi&th=1&psc=1">View Product</a></div><div class="product"><a href="https://www.amazon.com/dp/B07K8W71N1?tag=eloabder-20&linkCode=osi&th=1&psc=1"><img src="https://m.media-amazon.com/images/I/412HYFMiQBL._SL500_.jpg" alt="Product Image"></a><p>100 Qty #8 Stainless Steel Countersunk Finish Washers | 304 SS Finishing Cup (BCP574)</p><p> -30% 0FF </p><p>$7.49 ($0.07 / Count)</p><a href="https://www.amazon.com/dp/B07K8W71N1?tag=eloabder-20&linkCode=osi&th=1&psc=1">View Product</a></div>
<div class="product"><a href="https://www.amazon.com/dp/B09V32CKNJ?tag=eloabder-20&linkCode=osi&th=1&psc=1"><img src="https://m.media-amazon.com/images/I/41MtaPf4TNL._SL500_.jpg" alt="Product Image"></a><p>KURUI 28Pcs Heavy Duty Hollow Wall Anchors for Drywall Ceiling, Toggle Bolts and Wing Nut Kit, Metal Drywall Anchors and Screws Assortment Set, 3 Sizes Butterfly Anchors (1/8in, 3/16in, 1/4in)</p><p> -23% 0FF </p><p>$9.99</p><a href="https://www.amazon.com/dp/B09V32CKNJ?tag=eloabder-20&linkCode=osi&th=1&psc=1">View Product</a></div><div class="product"><a href="https://www.amazon.com/dp/B07VS5QKBC?tag=eloabder-20&linkCode=osi&th=1&psc=1"><img src="https://m.media-amazon.com/images/I/41MIrlAQ6nL._SL500_.jpg" alt="Product Image"></a><p>HongWay 370pcs Plastic Drywall Wall Anchors Kit with Screws, Includes 5 Different Assorted Size Anchors and Screws</p><p> -17% 0FF </p><p>$14.99</p><a href="https://www.amazon.com/dp/B07VS5QKBC?tag=eloabder-20&linkCode=osi&th=1&psc=1">View Product</a></div>
<div class="product"><a href="https://www.amazon.com/dp/B0CY2YK7ZG?tag=eloabder-20&linkCode=osi&th=1&psc=1"><img src="https://m.media-amazon.com/images/I/51kBI181CNL._SL500_.jpg" alt="Product Image"></a><p>Linkup 600pcs 15 Sizes Pop Rivets Assortment Kit,Aluminum Rivets, Silver pop rivet set including 3/32" 1/8" 5/32" 3/16" 1/4" blind rivets for metal Dome Head rivet kit</p><p> -31% 0FF </p><p>$21.99</p><a href="https://www.amazon.com/dp/B0CY2YK7ZG?tag=eloabder-20&linkCode=osi&th=1&psc=1">View Product</a></div><div class="product"><a href="https://www.amazon.com/dp/B08J2NZK4D?tag=eloabder-20&linkCode=osi&th=1&psc=1"><img src="https://m.media-amazon.com/images/I/51iH27ON2BL._SL500_.jpg" alt="Product Image"></a><p>ISPINNER 385pcs 8 Sizes Aluminum Blind Rivets, Pop Rivets Assortment Kit (Silver)</p><p> -21% 0FF </p><p>$13.59</p><a href="https://www.amazon.com/dp/B08J2NZK4D?tag=eloabder-20&linkCode=osi&th=1&psc=1">View Product</a></div><div class="product"><a href="https://www.amazon.com/dp/B0BZ7WKC3V?tag=eloabder-20&linkCode=osi&th=1&psc=1"><img src="https://m.media-amazon.com/images/I/51fSy2j6lSL._SL500_.jpg" alt="Product Image"></a><p>SATANTECH 200PCS Black Rivets Pop Rivets Assortment Kit, Large flange Aluminum Rivets(1/8" 3/16" 1/4") Assorted Blind Rivets with Case</p><p> -16% 0FF </p><p>$21.77</p><a href="https://www.amazon.com/dp/B0BZ7WKC3V?tag=eloabder-20&linkCode=osi&th=1&psc=1">View Product</a></div><div class="product"><a href="https://www.amazon.com/dp/B0CWR7K9P2?tag=eloabder-20&linkCode=osi&th=1&psc=1"><img src="https://m.media-amazon.com/images/I/512Gp89+ScL._SL500_.jpg" alt="Product Image"></a><p>Zuorery 500pcs Pop Rivets Assortment Kit, 14 Sizes Aluminum Blind Rivets (3/32" 1/8" 5/32" 3/16") Assorted Blind Rivets</p><p> -6% 0FF </p><p>$12.99</p><a href="https://www.amazon.com/dp/B0CWR7K9P2?tag=eloabder-20&linkCode=osi&th=1&psc=1">View Product</a></div>
<div class="product"><a href="https://www.amazon.com/dp/B0CNC3WJ58?tag=eloabder-20&linkCode=osi&th=1&psc=1"><img src="https://m.media-amazon.com/images/I/41MDnQ+2C5L._SL500_.jpg" alt="Product Image"></a><p>Eujqo Nails for Hanging Pictures Small Nails Picture Hanging Nails 700Pcs Finishing Nails Hardware Nails for Wall Wood Nails</p><p> -50% 0FF </p><p>$3.99</p><a href="https://www.amazon.com/dp/B0CNC3WJ58?tag=eloabder-20&linkCode=osi&th=1&psc=1">View Product</a></div><div class="product"><a href="https://www.amazon.com/dp/B08BJC6MJC?tag=eloabder-20&linkCode=osi&th=1&psc=1"><img src="https://m.media-amazon.com/images/I/414ssEUuJRL._SL500_.jpg" alt="Product Image"></a><p>Mr. Pen- Nail Assortment Kit, 600 Pcs, 4 Sizes, Silver, Small Nails for Hanging Pictures, Finishing Nails, Gold Wall Nails for Hanging, Pin Nails, Hardware Nails, Assorted Nails, Galvanized Nails</p><p> -54% 0FF </p><p>$5.99</p><a href="https://www.amazon.com/dp/B08BJC6MJC?tag=eloabder-20&linkCode=osi&th=1&psc=1">View Product</a></div><div class="product"><a href="https://www.amazon.com/dp/B0BSH3P97Y?tag=eloabder-20&linkCode=osi&th=1&psc=1"><img src="https://m.media-amazon.com/images/I/515eMwXqY0L._SL500_.jpg" alt="Product Image"></a><p>KURUI 700pcs Hardware Nails for Hanging Pictures Assorted Kit, Up to 2"-Long Picture Hanging Nails for Wall Drywall Wood, Finish Nails Assortment Kit, 640 Frame Nails and 60 Small Finishing Nails</p><p> -36% 0FF </p><p>$6.38</p><a href="https://www.amazon.com/dp/B0BSH3P97Y?tag=eloabder-20&linkCode=osi&th=1&psc=1">View Product</a></div><div class="product"><a href="https://www.amazon.com/dp/B089FLMFPB?tag=eloabder-20&linkCode=osi&th=1&psc=1"><img src="https://m.media-amazon.com/images/I/51p5T9Cef4L._SL500_.jpg" alt="Product Image"></a><p>376pcs Premium Hardware Nails Assortment Kit, Maximum Length 2 Inches Galvanized Nails, Picture Hanging Nails, Wood Nails, Wall Nails with Storage Box | 6 Sizes</p><p> -30% 0FF </p><p>$6.99</p><a href="https://www.amazon.com/dp/B089FLMFPB?tag=eloabder-20&linkCode=osi&th=1&psc=1">View Product</a></div><div class="product"><a href="https://www.amazon.com/dp/B0B3CFCZGW?tag=eloabder-20&linkCode=osi&th=1&psc=1"><img src="https://m.media-amazon.com/images/I/51rr+Y77q0L._SL500_.jpg" alt="Product Image"></a><p>6 Sizes Gold Hardware Nails Assortment Kit, 358pcs, Brass Plated, Nails for Hanging Pictures, Finishing Nails, Wood Nails, Wall Nails for Hanging (3‚Äù, 2‚Äù, 1-1/2‚Äù, 1-1/4", 1‚Äù, 3/4")</p><p> -25% 0FF </p><p>$8.98</p><a href="https://www.amazon.com/dp/B0B3CFCZGW?tag=eloabder-20&linkCode=osi&th=1&psc=1">View Product</a></div>
<div class="product"><a href="https://www.amazon.com/dp/B0BDBJJQJR?tag=eloabder-20&linkCode=osi&th=1&psc=1"><img src="https://m.media-amazon.com/images/I/41iMq4y4RWL._SL500_.jpg" alt="Product Image"></a><p>Standard Chisel Point Staples, 0.25" Leg, 0.5" Crown, Steel, 5,000/Box, 5 Boxes/Pack, 25,000/Pack</p><p> -18% 0FF </p><p>$11.80</p><a href="https://www.amazon.com/dp/B0BDBJJQJR?tag=eloabder-20&linkCode=osi&th=1&psc=1">View Product</a></div><div class="product"><a href="https://www.amazon.com/dp/B0052ECDD6?tag=eloabder-20&linkCode=osi&th=1&psc=1"><img src="https://m.media-amazon.com/images/I/41miIfkguxL._SL500_.jpg" alt="Product Image"></a><p>BOSTITCH BTA706-5C Heavy Duty Construction Staples, 3/8 x 2/5-Inch, 5000-Pack</p><p> -21% 0FF </p><p>$10.48 ($0.00 / Count)</p><a href="https://www.amazon.com/dp/B0052ECDD6?tag=eloabder-20&linkCode=osi&th=1&psc=1">View Product</a></div><div class="product"><a href="https://www.amazon.com/dp/B00004Z2HC?tag=eloabder-20&linkCode=osi&th=1&psc=1"><img src="https://m.media-amazon.com/images/I/51vaslx65UL._SL500_.jpg" alt="Product Image"></a><p>Arrow 215 JT21 Thin Wire Staples for Staple Guns and Staplers, Use for Upholstery, Crafts, General Repairs, 5/16-Inch Leg Length, 7/16-Inch Crown Width, 1000-Pack</p><p> -35% 0FF </p><p>$4.97</p><a href="https://www.amazon.com/dp/B00004Z2HC?tag=eloabder-20&linkCode=osi&th=1&psc=1">View Product</a></div><div class="product"><a href="https://www.amazon.com/dp/B09VP4YTPQ?tag=eloabder-20&linkCode=osi&th=1&psc=1"><img src="https://m.media-amazon.com/images/I/41WvD-VnynL._SL500_.jpg" alt="Product Image"></a><p>OMOTOOL Steel Wire Fencing Staples (200 pcs), Galvanized U-shaped fasteners Nails for Wire Mesh and Woven Fencing</p><p> -30% 0FF </p><p>$6.98</p><a href="https://www.amazon.com/dp/B09VP4YTPQ?tag=eloabder-20&linkCode=osi&th=1&psc=1">View Product</a></div>
<div class="product"><a href="https://www.amazon.com/dp/B08N6DYNKQ?tag=eloabder-20&linkCode=osi&th=1&psc=1"><img src="https://m.media-amazon.com/images/I/51oGt2PvPLL._SL500_.jpg" alt="Product Image"></a><p>Mixiflor 20 Pcs 5 Sizes 60/80/120/240 Grits Abrasive Flap Wheel Sander, 1/4 Inch Shank Flap Wheels for Drill, Die Grinder Flap Wheel,Flap Wheel Sander for Drill</p><p> -15% 0FF </p><p>$22.99</p><a href="https://www.amazon.com/dp/B08N6DYNKQ?tag=eloabder-20&linkCode=osi&th=1&psc=1">View Product</a></div>
<div class="product"><a href="https://www.amazon.com/dp/B0B5GHT937?tag=eloabder-20&linkCode=osi&th=1&psc=1"><img src="https://m.media-amazon.com/images/I/51LBYzTtFqL._SL500_.jpg" alt="Product Image"></a><p>SALI 25 Pack 4-1/2 Inch Grinding Wheels for General Purpose Metal & Stainless Steel, Aluminum Oxide Grinding Disc for Angle Grinder, Depressed Center 4.5" * 1/4" * 7/8"(115 * 6.0 * 22.2 mm)</p><p> -9% 0FF </p><p>$26.49</p><a href="https://www.amazon.com/dp/B0B5GHT937?tag=eloabder-20&linkCode=osi&th=1&psc=1">View Product</a></div><div class="product"><a href="https://www.amazon.com/dp/B00002246K?tag=eloabder-20&linkCode=osi&th=1&psc=1"><img src="https://m.media-amazon.com/images/I/51cqvp+fIGL._SL500_.jpg" alt="Product Image"></a><p>DEWALT DW4514 1/4" Thick Grinding Wheel with 4-1/2" Diameter and 7/8" Arbor</p><p> -46% 0FF </p><p>$1.65</p><a href="https://www.amazon.com/dp/B00002246K?tag=eloabder-20&linkCode=osi&th=1&psc=1">View Product</a></div><div class="product"><a href="https://www.amazon.com/dp/B07SQP8JGR?tag=eloabder-20&linkCode=osi&th=1&psc=1"><img src="https://m.media-amazon.com/images/I/51M3TdMS3OL._SL500_.jpg" alt="Product Image"></a><p>KSEIBI 651006 Grinding Wheels 25-Pack, Aluminum Oxide Discs for Metal & Stainless Steel, 4-1/2" x 1/4" x 7/8", Aggressive Grinding for Angle Grinders, Depressed Center Design</p><p> -6% 0FF </p><p>$26.99</p><a href="https://www.amazon.com/dp/B07SQP8JGR?tag=eloabder-20&linkCode=osi&th=1&psc=1">View Product</a></div><div class="product"><a href="https://www.amazon.com/dp/B00004RH8I?tag=eloabder-20&linkCode=osi&th=1&psc=1"><img src="https://m.media-amazon.com/images/I/6113QduJyJL._SL500_.jpg" alt="Product Image"></a><p>DEWALT Grinding Wheel, General Purpose for Metal, 4-1/2-Inch x 1/4-Inch x 5/8-Inch (DW4523)</p><p> -40% 0FF </p><p>$2.92</p><a href="https://www.amazon.com/dp/B00004RH8I?tag=eloabder-20&linkCode=osi&th=1&psc=1">View Product</a></div><div class="product"><a href="https://www.amazon.com/dp/B0791MGN72?tag=eloabder-20&linkCode=osi&th=1&psc=1"><img src="https://m.media-amazon.com/images/I/51LQaKOgppL._SL500_.jpg" alt="Product Image"></a><p>BHA Depressed Center Metal Grinding Wheels for Angle Grinders, 4.5‚Äù x 1/4‚Äù x 7/8‚Äù - 5 Pack</p><p> -15% 0FF </p><p>$16.99</p><a href="https://www.amazon.com/dp/B0791MGN72?tag=eloabder-20&linkCode=osi&th=1&psc=1">View Product</a></div><div class="product"><a href="https://www.amazon.com/dp/B09TSV5SP9?tag=eloabder-20&linkCode=osi&th=1&psc=1"><img src="https://m.media-amazon.com/images/I/61w4UIIWQdL._SL500_.jpg" alt="Product Image"></a><p>PRETEC 26 Packs Angle Grinder Cutting Flap Grinding Disc Wheel 4 1/2in Inches - 20 Packs 4.5"x1/4"x7/8" Cut off Wheels,3 Packs 4.5"x7/8" 60 Grit Flap Discs, 3 Packs 4.5"x1/25"x7/8" Grinding Wheels</p><p> -8% 0FF </p><p>$22.99</p><a href="https://www.amazon.com/dp/B09TSV5SP9?tag=eloabder-20&linkCode=osi&th=1&psc=1">View Product</a></div><div class="product"><a href="https://www.amazon.com/dp/B07FT71TLC?tag=eloabder-20&linkCode=osi&th=1&psc=1"><img src="https://m.media-amazon.com/images/I/51-wpozOUIL._SL500_.jpg" alt="Product Image"></a><p>NEIKO 11142A 10 Pack Zirconia Flap Discs 4-1/2 for Angle Grinder, 40 Grit Flapper Wheel, Angled T29 Grinding Wheel 4.5 Inch Flap Disc, 7/8" Arbor Grinding Disc, Flap Wheel for Wood & Metal Sanding</p><p> -19% 0FF </p><p>$17.07</p><a href="https://www.amazon.com/dp/B07FT71TLC?tag=eloabder-20&linkCode=osi&th=1&psc=1">View Product</a></div>
<div class="product"><a href="https://www.amazon.com/dp/B0956S39GC?tag=eloabder-20&linkCode=osi&th=1&psc=1"><img src="https://m.media-amazon.com/images/I/51mP1FW0pIL._SL500_.jpg" alt="Product Image"></a><p>Truswe Cut Off Wheels 52 Pack,4 1/2 Inch,0.45 USD/Pack,Metal and Stainless Steel Cutting Wheel for Angle Grinder,Ultra Thin Cut-Off Wheel Cutting Disc (52 PCS 4-1/2 x .045 x 7/8 inch Cut Off Wheels)</p><p> -26% 0FF </p><p>$24.29</p><a href="https://www.amazon.com/dp/B0956S39GC?tag=eloabder-20&linkCode=osi&th=1&psc=1">View Product</a></div><div class="product"><a href="https://www.amazon.com/dp/B07WGSK4V7?tag=eloabder-20&linkCode=osi&th=1&psc=1"><img src="https://m.media-amazon.com/images/I/510MTzQR9sL._SL500_.jpg" alt="Product Image"></a><p>WORKPRO 20-Pack Cut-Off Wheels, 4-1/2 x 7/8-inch Metal&Stainless Steel Cutting Wheel, Thin Metal Cutting Disc for Angle Grinder</p><p> -6% 0FF </p><p>$15.99</p><a href="https://www.amazon.com/dp/B07WGSK4V7?tag=eloabder-20&linkCode=osi&th=1&psc=1">View Product</a></div><div class="product"><a href="https://www.amazon.com/dp/B08C7F9CVS?tag=eloabder-20&linkCode=osi&th=1&psc=1"><img src="https://m.media-amazon.com/images/I/51KoNeHcHyL._SL500_.jpg" alt="Product Image"></a><p>EZARC Diamond Cutting Wheel 4 1/2 x 7/8 Inch for Metal, Cut Off Wheel with 5000+ Cuts on Rebar, Steel, Iron and INOX</p><p> -11% 0FF </p><p>$16.97</p><a href="https://www.amazon.com/dp/B08C7F9CVS?tag=eloabder-20&linkCode=osi&th=1&psc=1">View Product</a></div><div class="product"><a href="https://www.amazon.com/dp/B08FR63K33?tag=eloabder-20&linkCode=osi&th=1&psc=1"><img src="https://m.media-amazon.com/images/I/51Js3m5R8aL._SL500_.jpg" alt="Product Image"></a><p>50 Pack Cut Off Wheels 4 1/2 inch Thin Metal & Stainless Steel Cutting Wheel, Professional Fast Cutting Disc for Angle Grinder</p><p> -20% 0FF </p><p>$26.49</p><a href="https://www.amazon.com/dp/B08FR63K33?tag=eloabder-20&linkCode=osi&th=1&psc=1">View Product</a></div>
<div class="product"><a href="https://www.amazon.com/dp/B01K22Q9R8?tag=eloabder-20&linkCode=osi&th=1&psc=1"><img src="https://m.media-amazon.com/images/I/41VcU0uPlLL._SL500_.jpg" alt="Product Image"></a><p>42 Pcs Wet Dry Sandpaper 120 to 3000 Grit Assortment 9 * 3.6 Inches Abrasive Paper Sheets for Automotive Sanding Wood Furniture Finishing</p><p> -11% 0FF </p><p>$7.99 ($0.19 / Count)</p><a href="https://www.amazon.com/dp/B01K22Q9R8?tag=eloabder-20&linkCode=osi&th=1&psc=1">View Product</a></div><div class="product"><a href="https://www.amazon.com/dp/B0894N7QT2?tag=eloabder-20&linkCode=osi&th=1&psc=1"><img src="https://m.media-amazon.com/images/I/51Rfp3gQTWL._SL500_.jpg" alt="Product Image"></a><p>100PCS 5 Inch 8 Holes Sanding Discs 60 120 240 400 600 800 1000 1200 1500 2000 Grit Sandpaper Sander Round Sand Paper (100pcs 60-2000 grit)</p><p> -24% 0FF </p><p>$12.99</p><a href="https://www.amazon.com/dp/B0894N7QT2?tag=eloabder-20&linkCode=osi&th=1&psc=1">View Product</a></div><div class="product"><a href="https://www.amazon.com/dp/B07HHY6MKY?tag=eloabder-20&linkCode=osi&th=1&psc=1"><img src="https://m.media-amazon.com/images/I/41QDuvYCQlL._SL500_.jpg" alt="Product Image"></a><p>WORKPRO 150-piece Sanding Discs Set - 5-Inch 8-Hole Sandpaper 10 Grades Include 60, 80, 100, 120, 150,180, 240, 320, 400, 600 Grits for Random Orbital Sander(Not for Oscillating Tools or Mouse Sander)</p><p> -20% 0FF </p><p>$19.99 ($0.13 / Count)</p><a href="https://www.amazon.com/dp/B07HHY6MKY?tag=eloabder-20&linkCode=osi&th=1&psc=1">View Product</a></div><div class="product"><a href="https://www.amazon.com/dp/B09X6DY6RW?tag=eloabder-20&linkCode=osi&th=1&psc=1"><img src="https://m.media-amazon.com/images/I/41rifda9wbL._SL500_.jpg" alt="Product Image"></a><p>Afruxy 4 Pack Extra Fine Sanding Block, Washable and Reusable Sanding Sponge for Wood Drywall Metal Glasses Coarse/Medium/Fine/Superfine in 60/80/120/220 Grit Sandpaper Block Sand Paper Brick</p><p> -25% 0FF </p><p>$8.99 ($2.25 / Count)</p><a href="https://www.amazon.com/dp/B09X6DY6RW?tag=eloabder-20&linkCode=osi&th=1&psc=1">View Product</a></div>
<div class="product"><a href="https://www.amazon.com/dp/B07CH6QNCV?tag=eloabder-20&linkCode=osi&th=1&psc=1"><img src="https://m.media-amazon.com/images/I/413Vmyc4FPL._SL500_.jpg" alt="Product Image"></a><p>VASTOOLS Welding Chipping Hammer with Coil Spring Handle,10.5",Cone and Vertical Chisel/ 10" Wire Brush(Free), Black</p><p> -18% 0FF </p><p>$13.99</p><a href="https://www.amazon.com/dp/B07CH6QNCV?tag=eloabder-20&linkCode=osi&th=1&psc=1">View Product</a></div><div class="product"><a href="https://www.amazon.com/dp/B0D6QRJJ4R?tag=eloabder-20&linkCode=osi&th=1&psc=1"><img src="https://m.media-amazon.com/images/I/41KF4m4nNfL._SL500_.jpg" alt="Product Image"></a><p>120A MIG Welding Machine, 110V/220V Flux Core Welder/Lift TIG/Stick Welder 3 in 1, Portable Gasless Welder with IGBT Inverter, Welding Gun & Welding Wire, Weld Kit for Aluminum, Metal</p><p> -56% 0FF </p><p>$69.99</p><a href="https://www.amazon.com/dp/B0D6QRJJ4R?tag=eloabder-20&linkCode=osi&th=1&psc=1">View Product</a></div>
<div class="product"><a href="https://www.amazon.com/dp/B09YGXKZC1?tag=eloabder-20&linkCode=osi&th=1&psc=1"><img src="https://m.media-amazon.com/images/I/417vPDmhw0L._SL500_.jpg" alt="Product Image"></a><p>ARCCAPTAIN Stick Welder, [Large LED Display] 200A ARC/Lift TIG Welding Machine with Synergic Control, IGBT Inverter 110V/220V Portable MMA Welder Machine with Hot Start, Arc force and Anti-Stick</p><p> -31% 0FF </p><p>$116.63</p><a href="https://www.amazon.com/dp/B09YGXKZC1?tag=eloabder-20&linkCode=osi&th=1&psc=1">View Product</a></div><div class="product"><a href="https://www.amazon.com/dp/B0D9LDRJV7?tag=eloabder-20&linkCode=osi&th=1&psc=1"><img src="https://m.media-amazon.com/images/I/51o3VwWmuzL._SL500_.jpg" alt="Product Image"></a><p>AwxryoX Portable Handheld Welding Machine, 110V 140Amp Upgraded Maquina de Soldar with IGBT Inverter 6 Variable Current, Soldadora Welding Tool Set with 3/32"-1/8" Welding Rod & Protective Gloves</p><p> -25% 0FF </p><p>$89.99</p><a href="https://www.amazon.com/dp/B0D9LDRJV7?tag=eloabder-20&linkCode=osi&th=1&psc=1">View Product</a></div><div class="product"><a href="https://www.amazon.com/dp/B09WDGL3GQ?tag=eloabder-20&linkCode=osi&th=1&psc=1"><img src="https://m.media-amazon.com/images/I/518jYZZcNhL._SL500_.jpg" alt="Product Image"></a><p>Welding Machine, Upgraded MMA-250A 110V Welder Machine,Portable Stick Welder IGBT Digital Display LCD,Home DIY Arc Welder,Hot Start Arc Force Anti-stick Mini Welder</p><p> -14% 0FF </p><p>$67.79</p><a href="https://www.amazon.com/dp/B09WDGL3GQ?tag=eloabder-20&linkCode=osi&th=1&psc=1">View Product</a></div><div class="product"><a href="https://www.amazon.com/dp/B0BR8TS34Y?tag=eloabder-20&linkCode=osi&th=1&psc=1"><img src="https://m.media-amazon.com/images/I/51NzsbTpmyL._SL500_.jpg" alt="Product Image"></a><p>Welding machine handheld | 110V IGBT Digital Stick WelderÔºåPortable welder machine with Complete Accessory Set & Carrying Case</p><p> -50% 0FF </p><p>$49.99</p><a href="https://www.amazon.com/dp/B0BR8TS34Y?tag=eloabder-20&linkCode=osi&th=1&psc=1">View Product</a></div><div class="product"><a href="https://www.amazon.com/dp/B0BN81636G?tag=eloabder-20&linkCode=osi&th=1&psc=1"><img src="https://m.media-amazon.com/images/I/41q0oXAoP1L._SL500_.jpg" alt="Product Image"></a><p>AZZUNO MIG Welder,Flux Core Welder Machine 110V 130Amp, Gasless MIG Welding Machine IGBT Inverter Welder Portable Wire Feed Welder (110V)</p><p> -21% 0FF </p><p>$85.99</p><a href="https://www.amazon.com/dp/B0BN81636G?tag=eloabder-20&linkCode=osi&th=1&psc=1">View Product</a></div>
<div class="product"><a href="https://www.amazon.com/dp/B07MKRYWMD?tag=eloabder-20&linkCode=osi&th=1&psc=1"><img src="https://m.media-amazon.com/images/I/31nmFb6CayL._SL500_.jpg" alt="Product Image"></a><p>Hobart 770890 Auto-Darkening Welding Helmet, Large, Black</p><p> -10% 0FF </p><p>$98.99</p><a href="https://www.amazon.com/dp/B07MKRYWMD?tag=eloabder-20&linkCode=osi&th=1&psc=1">View Product</a></div><div class="product"><a href="https://www.amazon.com/dp/B07V9G94NK?tag=eloabder-20&linkCode=osi&th=1&psc=1"><img src="https://m.media-amazon.com/images/I/31SAUhqpDZL._SL500_.jpg" alt="Product Image"></a><p>Lincoln Electric K3034-4 VIKING 3350 Auto Darkening Welding Helmet with 4C Lens Technology, Matte Black, extra large</p><p> -29% 0FF </p><p>$357.99</p><a href="https://www.amazon.com/dp/B07V9G94NK?tag=eloabder-20&linkCode=osi&th=1&psc=1">View Product</a></div><div class="product"><a href="https://www.amazon.com/dp/B0BYXPR9F3?tag=eloabder-20&linkCode=osi&th=1&psc=1"><img src="https://m.media-amazon.com/images/I/51ggHp1dC3L._SL500_.jpg" alt="Product Image"></a><p>TOOLIOM Welding Helmet Solar Power Auto Darkening Welding Helmet Adjustable Shade Range for MIG TIG Stick Welder Mask Blue Eagle</p><p> -13% 0FF </p><p>$27.99</p><a href="https://www.amazon.com/dp/B0BYXPR9F3?tag=eloabder-20&linkCode=osi&th=1&psc=1">View Product</a></div><div class="product"><a href="https://www.amazon.com/dp/B0BV6RYWV9?tag=eloabder-20&linkCode=osi&th=1&psc=1"><img src="https://m.media-amazon.com/images/I/41HBwMbwbaL._SL500_.jpg" alt="Product Image"></a><p>ARCCAPTAIN Welding Helmet Auto Darkening, 3.94"X3.66" Large Viewing Screen True Color Welding Hood with 4 Arc Sensor Solar Powered, Wide Shade 4-5/5-9/9-13 for ARC TIG MIG Welding Helmets for Men</p><p> -17% 0FF </p><p>$59.99</p><a href="https://www.amazon.com/dp/B0BV6RYWV9?tag=eloabder-20&linkCode=osi&th=1&psc=1">View Product</a></div>
<div class="product"><a href="https://www.amazon.com/dp/B07RX7TNBY?tag=eloabder-20&linkCode=osi&th=1&psc=1"><img src="https://m.media-amazon.com/images/I/417ep0UH1cL._SL500_.jpg" alt="Product Image"></a><p>WZQH 16 Inches,932‚Ñâ,Leather Forge Welding Gloves, Heat/Fire Resistant,Mitts for BBQ,Oven,Grill,Fireplace,Tig,Mig,Baking,Furnace,Stove,Pot Holder,Animal Handling Glove.Black-gray</p><p> -32% 0FF </p><p>$19.74 ($19.74 / Count)</p><a href="https://www.amazon.com/dp/B07RX7TNBY?tag=eloabder-20&linkCode=osi&th=1&psc=1">View Product</a></div><div class="product"><a href="https://www.amazon.com/dp/B00IYX04YC?tag=eloabder-20&linkCode=osi&th=1&psc=1"><img src="https://m.media-amazon.com/images/I/51vjm0ZOsgL._SL500_.jpg" alt="Product Image"></a><p>Lincoln Electric Leather Welding Gloves KH641, Premium Hand Protection from Welder and Cutting Torch Heat, Commercial Quality, Cotton Lined, Gauntlet Cuff, Unisex, Grey, One Size</p><p> -5% 0FF </p><p>$18.98</p><a href="https://www.amazon.com/dp/B00IYX04YC?tag=eloabder-20&linkCode=osi&th=1&psc=1">View Product</a></div><div class="product"><a href="https://www.amazon.com/dp/B078FMLJSW?tag=eloabder-20&linkCode=osi&th=1&psc=1"><img src="https://m.media-amazon.com/images/I/41cO-Y-5sjL._SL500_.jpg" alt="Product Image"></a><p>Revco GM1611 Top Grain Leather Cowhide MIG Welding Gloves with Reinforced Palm & Thumb & Index Finger, Seamless Forefinger, 5" Cuff for Extra Protection (Medium)</p><p> -7% 0FF </p><p>$27.99</p><a href="https://www.amazon.com/dp/B078FMLJSW?tag=eloabder-20&linkCode=osi&th=1&psc=1">View Product</a></div>
<div class="product"><a href="https://www.amazon.com/dp/B07W41G6P3?tag=eloabder-20&linkCode=osi&th=1&psc=1"><img src="https://m.media-amazon.com/images/I/51FnU0Vr4ZL._SL500_.jpg" alt="Product Image"></a><p>YESWELDER Flux Core Gasless Mig Wire, Mild Steel E71TGS .030-Diameter, 2-Pound Strong ABS Plastic Spool</p><p> -30% 0FF </p><p>$15.99</p><a href="https://www.amazon.com/dp/B07W41G6P3?tag=eloabder-20&linkCode=osi&th=1&psc=1">View Product</a></div><div class="product"><a href="https://www.amazon.com/dp/B0BRCT2NLM?tag=eloabder-20&linkCode=osi&th=1&psc=1"><img src="https://m.media-amazon.com/images/I/412YtbTwWWL._SL500_.jpg" alt="Product Image"></a><p>0.035 flux core welding wire, 3 Spools E71T-GS Low Splatter gasless Carbon Steel Mig Welding Wire Compatible With HF Fourney Harbor Welder(3 PACK)</p><p> -9% 0FF </p><p>$29.99</p><a href="https://www.amazon.com/dp/B0BRCT2NLM?tag=eloabder-20&linkCode=osi&th=1&psc=1">View Product</a></div><div class="product"><a href="https://www.amazon.com/dp/B003XKH71O?tag=eloabder-20&linkCode=osi&th=1&psc=1"><img src="https://m.media-amazon.com/images/I/51aO46a0SrL._SL500_.jpg" alt="Product Image"></a><p>INEFIL ER70S-6 .030-Inch on 10-Pound Spool Carbon Steel Mig Solid Welding Wire</p><p> -24% 0FF </p><p>$25.05 ($0.16 / Ounce)</p><a href="https://www.amazon.com/dp/B003XKH71O?tag=eloabder-20&linkCode=osi&th=1&psc=1">View Product</a></div><div class="product"><a href="https://www.amazon.com/dp/B00F429SZM?tag=eloabder-20&linkCode=osi&th=1&psc=1"><img src="https://m.media-amazon.com/images/I/41BHKwqBRIL._SL500_.jpg" alt="Product Image"></a><p>Blue Demon E71TGS X .035‚Äù X 2 LB MIG/GMAW Gasless Flux Core Carbon Steel Welding Wire, All Position, Easy Slag Removal, Formulated To Provide Porosity-Free, X-Ray Quality Welds</p><p> -30% 0FF </p><p>$11.91</p><a href="https://www.amazon.com/dp/B00F429SZM?tag=eloabder-20&linkCode=osi&th=1&psc=1">View Product</a></div><div class="product"><a href="https://www.amazon.com/dp/B01I82OSC2?tag=eloabder-20&linkCode=osi&th=1&psc=1"><img src="https://m.media-amazon.com/images/I/41QrzqdrCEL._SL500_.jpg" alt="Product Image"></a><p>Lincoln Electric MIG Welding Wire, NR-211-MP, .035, Spool, Model: ED030584 (Pack of 3)</p><p> -6% 0FF </p><p>$46.99 ($15.66 / Count)</p><a href="https://www.amazon.com/dp/B01I82OSC2?tag=eloabder-20&linkCode=osi&th=1&psc=1">View Product</a></div><div class="product"><a href="https://www.amazon.com/dp/B09YYCRKR2?tag=eloabder-20&linkCode=osi&th=1&psc=1"><img src="https://m.media-amazon.com/images/I/51DpQ1PI8pL._SL500_.jpg" alt="Product Image"></a><p>ARCCAPTAIN Flux Core Welding Wire .030, E71T-GS Mig Welding Wire 2-Pound Spool Gasless Mild Carbon Steel Compatible With Lincoln Miller Forney Harbor Welder</p><p> -8% 0FF </p><p>$16.99</p><a href="https://www.amazon.com/dp/B09YYCRKR2?tag=eloabder-20&linkCode=osi&th=1&psc=1">View Product</a></div><div class="product"><a href="https://www.amazon.com/dp/B09DYCK78H?tag=eloabder-20&linkCode=osi&th=1&psc=1"><img src="https://m.media-amazon.com/images/I/41umOmMUkzL._SL500_.jpg" alt="Product Image"></a><p>TOOLIOM ER70S-6 .030"(0.8 mm) Mild Steel Mig Solid Welding Wire on 10-Pound Spool for TL-200M TL-250M Pro</p><p> -7% 0FF </p><p>$27.99</p><a href="https://www.amazon.com/dp/B09DYCK78H?tag=eloabder-20&linkCode=osi&th=1&psc=1">View Product</a></div>
<div class="product"><a href="https://www.amazon.com/dp/B0B3D96MN6?tag=eloabder-20&linkCode=osi&th=1&psc=1"><img src="https://m.media-amazon.com/images/I/51k0bP+5e6L._SL500_.jpg" alt="Product Image"></a><p>Soldering Iron Premium Kit, 60W Soldering Gun with Ceramic Heater, 12-in-1 Soldering Tool, Adjustable Temperature 200 to 450¬∞C, Includes Soldering Iron Tip, Solder Wire, Pump and Paste</p><p> -20% 0FF </p><p>$23.99</p><a href="https://www.amazon.com/dp/B0B3D96MN6?tag=eloabder-20&linkCode=osi&th=1&psc=1">View Product</a></div><div class="product"><a href="https://www.amazon.com/dp/B087767KNW?tag=eloabder-20&linkCode=osi&th=1&psc=1"><img src="https://m.media-amazon.com/images/I/41rapiHruXL._SL500_.jpg" alt="Product Image"></a><p>Soldering Iron Kit, 60W Soldering Iron with Interchangeable Iron Tips, 10-in-1 Adjustable Temperature Soldering Welding Iron Kit for any Hobby Enthusiast 110V US Plug</p><p> -13% 0FF </p><p>$12.99</p><a href="https://www.amazon.com/dp/B087767KNW?tag=eloabder-20&linkCode=osi&th=1&psc=1">View Product</a></div><div class="product"><a href="https://www.amazon.com/dp/B082F1WKP9?tag=eloabder-20&linkCode=osi&th=1&psc=1"><img src="https://m.media-amazon.com/images/I/518z061SWZL._SL500_.jpg" alt="Product Image"></a><p>YIHUA 926 III 60W Digital Display Soldering Iron Station Kit w 2 Helping Hands, 6 Extra Iron Tips, Lead-Free Solder, Solder Sucker, S/S Tweezers, ¬∞C/¬∫F Conversion, Auto Sleep & Calibration Support</p><p> -17% 0FF </p><p>$49.99</p><a href="https://www.amazon.com/dp/B082F1WKP9?tag=eloabder-20&linkCode=osi&th=1&psc=1">View Product</a></div><div class="product"><a href="https://www.amazon.com/dp/B002PIA6Z4?tag=eloabder-20&linkCode=osi&th=1&psc=1"><img src="https://m.media-amazon.com/images/I/41hE8aKpakL._SL500_.jpg" alt="Product Image"></a><p>Pro'sKit 900-015 Helping Hands Soldering Aid</p><p> -35% 0FF </p><p>$7.59</p><a href="https://www.amazon.com/dp/B002PIA6Z4?tag=eloabder-20&linkCode=osi&th=1&psc=1">View Product</a></div><div class="product"><a href="https://www.amazon.com/dp/B094GZ6CPZ?tag=eloabder-20&linkCode=osi&th=1&psc=1"><img src="https://m.media-amazon.com/images/I/510vFCSfPqL._SL500_.jpg" alt="Product Image"></a><p>Lesnow solder wick braid 10ft Length Desoldering Wick Braid Remover Tool Solder Sucker 1 piece No-Clean soldering Wick Wire Roll and Disassemble Electrical Components</p><p> -20% 0FF </p><p>$7.99</p><a href="https://www.amazon.com/dp/B094GZ6CPZ?tag=eloabder-20&linkCode=osi&th=1&psc=1">View Product</a></div><div class="product"><a href="https://www.amazon.com/dp/B0CZ9KB3PS?tag=eloabder-20&linkCode=osi&th=1&psc=1"><img src="https://m.media-amazon.com/images/I/41i90xEV7CL._SL500_.jpg" alt="Product Image"></a><p>60W Digital Soldering Station Fast Heating Precision Temperature Control Soldering Iron Station with Stable Base Auto Sleep 10 Soldering Iron Tips Soldering Station Kit for Beginners DIY hobbyist</p><p> -15% 0FF </p><p>$39.88</p><a href="https://www.amazon.com/dp/B0CZ9KB3PS?tag=eloabder-20&linkCode=osi&th=1&psc=1">View Product</a></div><div class="product"><a href="https://www.amazon.com/dp/B00NS4J6BY?tag=eloabder-20&linkCode=osi&th=1&psc=1"><img src="https://m.media-amazon.com/images/I/51zuuNWwBjL._SL500_.jpg" alt="Product Image"></a><p>Thermaltronics TMT-TC-2 Tip Tinner (20g) in 0.8oz Container</p><p> -21% 0FF </p><p>$6.35 ($7.94 / Ounce)</p><a href="https://www.amazon.com/dp/B00NS4J6BY?tag=eloabder-20&linkCode=osi&th=1&psc=1">View Product</a></div>
<div class="product"><a href="https://www.amazon.com/dp/B097T8CG94?tag=eloabder-20&linkCode=osi&th=1&psc=1"><img src="https://m.media-amazon.com/images/I/51ciNJ1DuTL._SL500_.jpg" alt="Product Image"></a><p>Soldering Iron Kit,Electric 60W Soldering Gun Welding Tools with ON/OFF Swicth,5 Soldering Iron Tips,Tweezers,solder wire,for soldering Kit and Repairing,DIY</p><p> -50% 0FF </p><p>$5.99</p><a href="https://www.amazon.com/dp/B097T8CG94?tag=eloabder-20&linkCode=osi&th=1&psc=1">View Product</a></div><div class="product"><a href="https://www.amazon.com/dp/B08R3515SF?tag=eloabder-20&linkCode=osi&th=1&psc=1"><img src="https://m.media-amazon.com/images/I/41-UwHjbdpL._SL500_.jpg" alt="Product Image"></a><p>Soldering Iron Kit, 80W 110V LCD Digital Soldering Welding Iron Kit with Ceramic Heater, Portable Soldering Kit with 5pcs Tips, Stand, Solder Tube, Sponge, Solder Paste,for Metal,Electric, DIY</p><p> -23% 0FF </p><p>$9.95</p><a href="https://www.amazon.com/dp/B08R3515SF?tag=eloabder-20&linkCode=osi&th=1&psc=1">View Product</a></div><div class="product"><a href="https://www.amazon.com/dp/B0BW4HMXJ3?tag=eloabder-20&linkCode=osi&th=1&psc=1"><img src="https://m.media-amazon.com/images/I/516tKeqajpL._SL500_.jpg" alt="Product Image"></a><p>Soldering Iron Kit 80W LCD Adjustable Temperature 180-520‚ÑÉ Solder Kit Electronics 13 in 1 Welding Tools with ON/OFF Switch, Solder Wire, Flux, 5 Soldering Tips, Desoldering Pump, Stand, Tweezers</p><p> -27% 0FF </p><p>$18.98</p><a href="https://www.amazon.com/dp/B0BW4HMXJ3?tag=eloabder-20&linkCode=osi&th=1&psc=1">View Product</a></div>
<div class="product"><a href="https://www.amazon.com/dp/B077JDGY1J?tag=eloabder-20&linkCode=osi&th=1&psc=1"><img src="https://m.media-amazon.com/images/I/41yRK+nzODL._SL500_.jpg" alt="Product Image"></a><p>Weller 70 Watt Digital Soldering Station | WE1010NA</p><p> -25% 0FF </p><p>$115.00</p><a href="https://www.amazon.com/dp/B077JDGY1J?tag=eloabder-20&linkCode=osi&th=1&psc=1">View Product</a></div><div class="product"><a href="https://www.amazon.com/dp/B09TXP1KDV?tag=eloabder-20&linkCode=osi&th=1&psc=1"><img src="https://m.media-amazon.com/images/I/51-97nkYLSL._SL500_.jpg" alt="Product Image"></a><p>WEP 927-IV Soldering Station Kit High-Power 110W with 3 Preset Channels, Sleep Mode, LED Magnifier, 5 Extra Iron Tips, Tip Cleaner, 2 Helping Hands, Tip Storage Slots, Lead-free Solder Wire, Tweezers</p><p> -25% 0FF </p><p>$59.99</p><a href="https://www.amazon.com/dp/B09TXP1KDV?tag=eloabder-20&linkCode=osi&th=1&psc=1">View Product</a></div><div class="product"><a href="https://www.amazon.com/dp/B07RVMZNYR?tag=eloabder-20&linkCode=osi&th=1&psc=1"><img src="https://m.media-amazon.com/images/I/51MK9AVKTeL._SL500_.jpg" alt="Product Image"></a><p>YIHUA 939D+ Digital Soldering Station, 75W Equivalent with Precision Heat Control (392¬∞F to 896¬∞F) and Built-in Transformer. ESD Safe, Lead Free with ¬∞C/¬∞F display (Black)</p><p> -17% 0FF </p><p>$59.99</p><a href="https://www.amazon.com/dp/B07RVMZNYR?tag=eloabder-20&linkCode=osi&th=1&psc=1">View Product</a></div><div class="product"><a href="https://www.amazon.com/dp/B0BX5KXBPD?tag=eloabder-20&linkCode=osi&th=1&psc=1"><img src="https://m.media-amazon.com/images/I/51kzeXwC0sL._SL500_.jpg" alt="Product Image"></a><p>WEP 882D Soldering Iron Station 2-IN-1 SMD Hot Air Rework Station with 2 Spools of Solder Wire, 5 Soldering Tips, 3 Hot Air Nozzles, Brass Wool Tip Cleaner, Tweezers, Desoldering pump</p><p> -12% 0FF </p><p>$48.44</p><a href="https://www.amazon.com/dp/B0BX5KXBPD?tag=eloabder-20&linkCode=osi&th=1&psc=1">View Product</a></div><div class="product"><a href="https://www.amazon.com/dp/B07S4GPM66?tag=eloabder-20&linkCode=osi&th=1&psc=1"><img src="https://m.media-amazon.com/images/I/51Z2ti7tGQL._SL500_.jpg" alt="Product Image"></a><p>YIHUA 853D 2A USB SMD Hot Air Rework Soldering Iron Station, DC Power Supply 0-15V 0-2A with 5V USB Charging Port and 35 Volt DC Voltage Test Meter</p><p> -12% 0FF </p><p>$149.99</p><a href="https://www.amazon.com/dp/B07S4GPM66?tag=eloabder-20&linkCode=osi&th=1&psc=1">View Product</a></div><div class="product"><a href="https://www.amazon.com/dp/B07RY5XWVG?tag=eloabder-20&linkCode=osi&th=1&psc=1"><img src="https://m.media-amazon.com/images/I/51C2g+FzzUL._SL500_.jpg" alt="Product Image"></a><p>YIHUA 862BD+ SMD ESD Safe 2 in 1 Soldering Iron Hot Air Rework Station ¬∞F /¬∞C with Multiple Functions</p><p> -27% 0FF </p><p>$101.95</p><a href="https://www.amazon.com/dp/B07RY5XWVG?tag=eloabder-20&linkCode=osi&th=1&psc=1">View Product</a></div>
<div class="product"><a href="https://www.amazon.com/dp/B008ZIV85A?tag=eloabder-20&linkCode=osi&th=1&psc=1"><img src="https://m.media-amazon.com/images/I/41CWW+v4uOL._SL500_.jpg" alt="Product Image"></a><p>SRA Solder 135 Rosin Paste Soldering Flux For Electronics, No Clean Flux Made for Lead and Lead-Free Solder Circuit Boards and Copper Electrical Wire - Safe Clean Residues with No Goopy Mess (2oz Jar)</p><p> -23% 0FF </p><p>$8.49</p><a href="https://www.amazon.com/dp/B008ZIV85A?tag=eloabder-20&linkCode=osi&th=1&psc=1">View Product</a></div><div class="product"><a href="https://www.amazon.com/dp/B08MVXW4RY?tag=eloabder-20&linkCode=osi&th=1&psc=1"><img src="https://m.media-amazon.com/images/I/51ACPA4yj1L._SL500_.jpg" alt="Product Image"></a><p>2 Jar Solder Flux, Flux for Soldering, Rosin Soldering Flux Paste for Lead-Free Electronics Soldering and Soldering DIY (1.2oz/35g in a Jar)</p><p> -30% 0FF </p><p>$6.98</p><a href="https://www.amazon.com/dp/B08MVXW4RY?tag=eloabder-20&linkCode=osi&th=1&psc=1">View Product</a></div>
<div class="product"><a href="https://www.amazon.com/dp/B07PX44JQM?tag=eloabder-20&linkCode=osi&th=1&psc=1"><img src="https://m.media-amazon.com/images/I/41MRmHNswpL._SL500_.jpg" alt="Product Image"></a><p>Metabo HPT Compound Miter Saw, 10" Miter Saw with Large Table Saw for woodworking, Power saw with 15-Amp Motor, Accurate Miter Angles, 0-45¬∞ Bevel, 24T TCT Miter Saw Blade, Positive Stops, C10FCGS</p><p> -25% 0FF </p><p>$119.00</p><a href="https://www.amazon.com/dp/B07PX44JQM?tag=eloabder-20&linkCode=osi&th=1&psc=1">View Product</a></div><div class="product"><a href="https://www.amazon.com/dp/B0CCNY7798?tag=eloabder-20&linkCode=osi&th=1&psc=1"><img src="https://m.media-amazon.com/images/I/51Wb7rA81NL._SL500_.jpg" alt="Product Image"></a><p>DEKOPRO Drill Set: Tool Set with 8V Blue Cordless Drill, Home Tool Kit with Drill, Hand Tool Kits for Women 126 Piece</p><p> -33% 0FF </p><p>$59.99</p><a href="https://www.amazon.com/dp/B0CCNY7798?tag=eloabder-20&linkCode=osi&th=1&psc=1">View Product</a></div><div class="product"><a href="https://www.amazon.com/dp/B07JPFHQKG?tag=eloabder-20&linkCode=osi&th=1&psc=1"><img src="https://m.media-amazon.com/images/I/413RBSqCVzL._SL500_.jpg" alt="Product Image"></a><p>DEWALT 20V MAX XR Jig Saw, 3,200 Blade Speed, Cordless, Brushless Motor, LED Light, Bare Tool Only (DCS334B)</p><p> -46% 0FF </p><p>$129.00</p><a href="https://www.amazon.com/dp/B07JPFHQKG?tag=eloabder-20&linkCode=osi&th=1&psc=1">View Product</a></div><div class="product"><a href="https://www.amazon.com/dp/B01IR1SXVQ?tag=eloabder-20&linkCode=osi&th=1&psc=1"><img src="https://m.media-amazon.com/images/I/41ryU1i4DeL._SL500_.jpg" alt="Product Image"></a><p>BLACK+DECKER 20V MAX Power Tool Combo Kit, 4-Tool Cordless Power Tool Set with 2 Batteries and Charger (BD4KITCDCRL)</p><p> -29% 0FF </p><p>$141.83</p><a href="https://www.amazon.com/dp/B01IR1SXVQ?tag=eloabder-20&linkCode=osi&th=1&psc=1">View Product</a></div>
<div class="product"><a href="https://www.amazon.com/dp/B0C4L88ZFW?tag=eloabder-20&linkCode=osi&th=1&psc=1"><img src="https://m.media-amazon.com/images/I/51SJoHf6mJL._SL500_.jpg" alt="Product Image"></a><p>FADAKWALT Cordless Drill Set,12V Power Drill Set with Battery and Charger, Electric Driver/Drill Bits, 3/8'' Keyless Chuck,21+1 Torque Setting, 180 inch-lbs, with LED Electric Drill Set (Green)</p><p> -20% 0FF </p><p>$23.98</p><a href="https://www.amazon.com/dp/B0C4L88ZFW?tag=eloabder-20&linkCode=osi&th=1&psc=1">View Product</a></div><div class="product"><a href="https://www.amazon.com/dp/B07CR1GPBQ?tag=eloabder-20&linkCode=osi&th=1&psc=1"><img src="https://m.media-amazon.com/images/I/51Py58xkv6L._SL500_.jpg" alt="Product Image"></a><p>AVID POWER 20V MAX Lithium lon Cordless Drill Set, Power Drill Kit with Battery and Charger, 3/8-Inch Keyless Chuck, Variable Speed, 16 Position and 22pcs Drill Bits (Red)</p><p> -12% 0FF </p><p>$43.99</p><a href="https://www.amazon.com/dp/B07CR1GPBQ?tag=eloabder-20&linkCode=osi&th=1&psc=1">View Product</a></div><div class="product"><a href="https://www.amazon.com/dp/B09Y8BWFZB?tag=eloabder-20&linkCode=osi&th=1&psc=1"><img src="https://m.media-amazon.com/images/I/51Ixq-DjI3L._SL500_.jpg" alt="Product Image"></a><p>DEKOPRO 8V Cordless Drill, Drill Set with 3/8"Keyless Chuck, 42pcs Acessories, Built-in LED, Type-C Charge Cable, Pink Power Drill for Drilling and Tightening/Loosening Screws</p><p> -17% 0FF </p><p>$29.99</p><a href="https://www.amazon.com/dp/B09Y8BWFZB?tag=eloabder-20&linkCode=osi&th=1&psc=1">View Product</a></div>
<div class="product"><a href="https://www.amazon.com/dp/B01KJJQ1MC?tag=eloabder-20&linkCode=osi&th=1&psc=1"><img src="https://m.media-amazon.com/images/I/51zT9DcQquL._SL500_.jpg" alt="Product Image"></a><p>Skil 5080-01 13-Amp 7-1/4" Circular Saw, Red</p><p> -33% 0FF </p><p>$39.99</p><a href="https://www.amazon.com/dp/B01KJJQ1MC?tag=eloabder-20&linkCode=osi&th=1&psc=1">View Product</a></div><div class="product"><a href="https://www.amazon.com/dp/B076HPKK19?tag=eloabder-20&linkCode=osi&th=1&psc=1"><img src="https://m.media-amazon.com/images/I/41b2h45bkSS._SL500_.jpg" alt="Product Image"></a><p>BLACK+DECKER 20V MAX* Cordless Reciprocating Saw Kit (BDCR20C)</p><p> -21% 0FF </p><p>$54.99</p><a href="https://www.amazon.com/dp/B076HPKK19?tag=eloabder-20&linkCode=osi&th=1&psc=1">View Product</a></div><div class="product"><a href="https://www.amazon.com/dp/B07WP376TG?tag=eloabder-20&linkCode=osi&th=1&psc=1"><img src="https://m.media-amazon.com/images/I/51PemucX5WL._SL500_.jpg" alt="Product Image"></a><p>GALAX PRO Circular Saw and Reciprocating Saw Combo Kit with 1pcs 4.0Ah Lithium Battery and One Charger, 7 Saw Blades and Tool Bag</p><p> -21% 0FF </p><p>$109.99</p><a href="https://www.amazon.com/dp/B07WP376TG?tag=eloabder-20&linkCode=osi&th=1&psc=1">View Product</a></div><div class="product"><a href="https://www.amazon.com/dp/B00F2CGXGG?tag=eloabder-20&linkCode=osi&th=1&psc=1"><img src="https://m.media-amazon.com/images/I/41gldz3g2lS._SL500_.jpg" alt="Product Image"></a><p>DEWALT (DWE7491RS) 10-Inch Table Saw, 32-1/2-Inch Rip Capacity, Yellow/Black/Silver</p><p> -18% 0FF </p><p>$549.00</p><a href="https://www.amazon.com/dp/B00F2CGXGG?tag=eloabder-20&linkCode=osi&th=1&psc=1">View Product</a></div><div class="product"><a href="https://www.amazon.com/dp/B086SRQVVM?tag=eloabder-20&linkCode=osi&th=1&psc=1"><img src="https://m.media-amazon.com/images/I/41dsapo-W7L._SL500_.jpg" alt="Product Image"></a><p>Electric Circular Saw, HYCHIKA 6.2A Mini Circular Saw with 3 Blades(4-1/2‚Äù), Compact Hand Saw Max Cutting Depth 1-7/8'' (90¬∞), Rubber Handle, 10 Feet Cord, Fit for Wood Soft Metal Plastic Cuts</p><p> -22% 0FF </p><p>$54.38</p><a href="https://www.amazon.com/dp/B086SRQVVM?tag=eloabder-20&linkCode=osi&th=1&psc=1">View Product</a></div>
<div class="product"><a href="https://www.amazon.com/dp/B00RVZ7DNO?tag=eloabder-20&linkCode=osi&th=1&psc=1"><img src="https://m.media-amazon.com/images/I/41WHxI6Z+bL._SL500_.jpg" alt="Product Image"></a><p>DEWALT Angle Grinder, 4.5 Inch, 11 Amp, With Paddle Switch (DWE402)</p><p> -19% 0FF </p><p>$88.82</p><a href="https://www.amazon.com/dp/B00RVZ7DNO?tag=eloabder-20&linkCode=osi&th=1&psc=1">View Product</a></div><div class="product"><a href="https://www.amazon.com/dp/B07L21GNHL?tag=eloabder-20&linkCode=osi&th=1&psc=1"><img src="https://m.media-amazon.com/images/I/5199mmz0eBS._SL500_.jpg" alt="Product Image"></a><p>Metabo HPT 4-1/2-Inch Angle Grinder, Includes 5 Grinding Wheels & Hard Case, 6.2-Amp Motor, Compact & Lightweight, G12SR4</p><p> -20% 0FF </p><p>$39.00</p><a href="https://www.amazon.com/dp/B07L21GNHL?tag=eloabder-20&linkCode=osi&th=1&psc=1">View Product</a></div><div class="product"><a href="https://www.amazon.com/dp/B009ELXH1K?tag=eloabder-20&linkCode=osi&th=1&psc=1"><img src="https://m.media-amazon.com/images/I/41xbd2K1xkL._SL500_.jpg" alt="Product Image"></a><p>DEWALT Angle Grinder, One-Touch Guard, 4-1/2 -Inch (DWE4011)</p><p> -11% 0FF </p><p>$79.00</p><a href="https://www.amazon.com/dp/B009ELXH1K?tag=eloabder-20&linkCode=osi&th=1&psc=1">View Product</a></div><div class="product"><a href="https://www.amazon.com/dp/B06WW85XHR?tag=eloabder-20&linkCode=osi&th=1&psc=1"><img src="https://m.media-amazon.com/images/I/41IyxzFrgQL._SL500_.jpg" alt="Product Image"></a><p>DEWALT Angle Grinder Tool, 4-1/2-Inch to 5-Inch, Trigger Switch (DWE43116)</p><p> -20% 0FF </p><p>$134.93</p><a href="https://www.amazon.com/dp/B06WW85XHR?tag=eloabder-20&linkCode=osi&th=1&psc=1">View Product</a></div><div class="product"><a href="https://www.amazon.com/dp/B0002SRK6M?tag=eloabder-20&linkCode=osi&th=1&psc=1"><img src="https://m.media-amazon.com/images/I/31rUdEYHfiL._SL500_.jpg" alt="Product Image"></a><p>DEWALT Angle Grinder, 7-Inch, 13-Amp, 8,000 RPM, With Dust Ejection System, Corded (DW840)</p><p> -18% 0FF </p><p>$122.13</p><a href="https://www.amazon.com/dp/B0002SRK6M?tag=eloabder-20&linkCode=osi&th=1&psc=1">View Product</a></div><div class="product"><a href="https://www.amazon.com/dp/B01HD4EH4A?tag=eloabder-20&linkCode=osi&th=1&psc=1"><img src="https://m.media-amazon.com/images/I/31bCbZzbjxL._SL500_.jpg" alt="Product Image"></a><p>BOSCH GWS8-45 4-1/2 Inch 7.5 Amp Angle Grinder</p><p> -15% 0FF </p><p>$58.98</p><a href="https://www.amazon.com/dp/B01HD4EH4A?tag=eloabder-20&linkCode=osi&th=1&psc=1">View Product</a></div><div class="product"><a href="https://www.amazon.com/dp/B09MCMN9SJ?tag=eloabder-20&linkCode=osi&th=1&psc=1"><img src="https://m.media-amazon.com/images/I/51bilvYEN5L._SL500_.jpg" alt="Product Image"></a><p>7.5Amp 4-1/2 Inch 12000 RPM Angle Grinder with 2 Guards, 3 Cutting Wheels, 3 Discs, Non-Slip Handle and Carbon Brush for Metal and Wood</p><p> -13% 0FF </p><p>$39.99</p><a href="https://www.amazon.com/dp/B09MCMN9SJ?tag=eloabder-20&linkCode=osi&th=1&psc=1">View Product</a></div><div class="product"><a href="https://www.amazon.com/dp/B01FJLKS1K?tag=eloabder-20&linkCode=osi&th=1&psc=1"><img src="https://m.media-amazon.com/images/I/41OMZZp7LWL._SL500_.jpg" alt="Product Image"></a><p>WEN 944 7-Amp Angle Grinder, 4-1/2", Grey,black,orange</p><p> -30% 0FF </p><p>$24.35</p><a href="https://www.amazon.com/dp/B01FJLKS1K?tag=eloabder-20&linkCode=osi&th=1&psc=1">View Product</a></div>
<div class="product"><a href="https://www.amazon.com/dp/B07FDL1TW5?tag=eloabder-20&linkCode=osi&th=1&psc=1"><img src="https://m.media-amazon.com/images/I/51OYzHg15RL._SL500_.jpg" alt="Product Image"></a><p>SKIL Corded Multi-Function Detail Sander with Micro-Filter Dust Box 3 Additional Attachments & 12pc Sanding Sheet- SR232301</p><p> -27% 0FF </p><p>$29.00</p><a href="https://www.amazon.com/dp/B07FDL1TW5?tag=eloabder-20&linkCode=osi&th=1&psc=1">View Product</a></div><div class="product"><a href="https://www.amazon.com/dp/B0858C7X3M?tag=eloabder-20&linkCode=osi&th=1&psc=1"><img src="https://m.media-amazon.com/images/I/41-u+iAaY0L._SL500_.jpg" alt="Product Image"></a><p>DEWALT Random Orbit Sander, Variable Speed, 5-Inch (DWE6423)</p><p> -29% 0FF </p><p>$69.99</p><a href="https://www.amazon.com/dp/B0858C7X3M?tag=eloabder-20&linkCode=osi&th=1&psc=1">View Product</a></div><div class="product"><a href="https://www.amazon.com/dp/B01ALMMJH8?tag=eloabder-20&linkCode=osi&th=1&psc=1"><img src="https://m.media-amazon.com/images/I/41c+p-fOD8L._SL500_.jpg" alt="Product Image"></a><p>DEWALT Electric Sander, 1/4-Inch Sheet, (DWE6411)</p><p> -17% 0FF </p><p>$53.64</p><a href="https://www.amazon.com/dp/B01ALMMJH8?tag=eloabder-20&linkCode=osi&th=1&psc=1">View Product</a></div><div class="product"><a href="https://www.amazon.com/dp/B07JQM7C28?tag=eloabder-20&linkCode=osi&th=1&psc=1"><img src="https://m.media-amazon.com/images/I/41dKlVcpqTL._SL500_.jpg" alt="Product Image"></a><p>DEWALT 20V MAX Orbital Sander, Tool Only (DCW210B)</p><p> -41% 0FF </p><p>$105.00</p><a href="https://www.amazon.com/dp/B07JQM7C28?tag=eloabder-20&linkCode=osi&th=1&psc=1">View Product</a></div><div class="product"><a href="https://www.amazon.com/dp/B07KL4QGSQ?tag=eloabder-20&linkCode=osi&th=1&psc=1"><img src="https://m.media-amazon.com/images/I/41Ucr142bJL._SL500_.jpg" alt="Product Image"></a><p>WEN Benchtop Belt and Disc Sander with 4 x 36 in. Belt, 6 in. Disc and Cast Iron Base (6502T)</p><p> -27% 0FF </p><p>$98.80</p><a href="https://www.amazon.com/dp/B07KL4QGSQ?tag=eloabder-20&linkCode=osi&th=1&psc=1">View Product</a></div><div class="product"><a href="https://www.amazon.com/dp/B00OJWLVM6?tag=eloabder-20&linkCode=osi&th=1&psc=1"><img src="https://m.media-amazon.com/images/I/41uzJE+Q03L._SL500_.jpg" alt="Product Image"></a><p>BLACK+DECKER 2.0 Amp Electric 1/4 Sheet Orbit Sander (BDEQS300)</p><p> -29% 0FF </p><p>$28.41</p><a href="https://www.amazon.com/dp/B00OJWLVM6?tag=eloabder-20&linkCode=osi&th=1&psc=1">View Product</a></div>
<div class="product"><a href="https://www.amazon.com/dp/B0DC68CKKH?tag=eloabder-20&linkCode=osi&th=1&psc=1"><img src="https://m.media-amazon.com/images/I/41gqGPLD28L._SL500_.jpg" alt="Product Image"></a><p>VEVOR Air Compressor 80 Gallon, 6.5HP 15.5SCFM@90 PSI, 2-Stage 145PSI Oil Free Stationary Air Compressor Tank, 86dB Quiet Compressor for Industrial Manufacturing, Construction Sites (3-Phase Power)</p><p> -6% 0FF </p><p>$1,141.99</p><a href="https://www.amazon.com/dp/B0DC68CKKH?tag=eloabder-20&linkCode=osi&th=1&psc=1">View Product</a></div><div class="product"><a href="https://www.amazon.com/dp/B0CSZ1NVW4?tag=eloabder-20&linkCode=osi&th=1&psc=1"><img src="https://m.media-amazon.com/images/I/41RAQPUKmVL._SL500_.jpg" alt="Product Image"></a><p>FYPower Air Compressor Whip Hose 3/8 Inch x 10 Feet Lead in Hybrid Hose with Fittings, Flexible and Kink Resistant, 1/4" Industrial Quick Coupler and Plug Kit - Red</p><p> -50% 0FF </p><p>$9.49</p><a href="https://www.amazon.com/dp/B0CSZ1NVW4?tag=eloabder-20&linkCode=osi&th=1&psc=1">View Product</a></div><div class="product"><a href="https://www.amazon.com/dp/B0D1QK5ZKD?tag=eloabder-20&linkCode=osi&th=1&psc=1"><img src="https://m.media-amazon.com/images/I/41lJM5B8d2L._SL500_.jpg" alt="Product Image"></a><p>Uharbour Air Compressor Hose 1/4" x 50 Feet, 1/4 Air Hose PVC/Rubber Hybrid, Air Hose for Compressor with 1/4" MNPT Brass Fitting, Air Hose 50 ft for Air Compressor</p><p> -50% 0FF </p><p>$11.49 ($0.23 / Foot)</p><a href="https://www.amazon.com/dp/B0D1QK5ZKD?tag=eloabder-20&linkCode=osi&th=1&psc=1">View Product</a></div><div class="product"><a href="https://www.amazon.com/dp/B0CQ1ZXN5N?tag=eloabder-20&linkCode=osi&th=1&psc=1"><img src="https://m.media-amazon.com/images/I/413MD4U9LOL._SL500_.jpg" alt="Product Image"></a><p>DEWENWILS 3/8 Inch x 50FT Hybrid Air Hose 300 PSI, Heavy Duty Air Compressor Hose with 1/4" Industrial Quick Coupler Fittings, Flexible and Kink Resistant Air Hose (Red)</p><p> -50% 0FF </p><p>$16.24 ($0.32 / Foot)</p><a href="https://www.amazon.com/dp/B0CQ1ZXN5N?tag=eloabder-20&linkCode=osi&th=1&psc=1">View Product</a></div><div class="product"><a href="https://www.amazon.com/dp/B0CHB3GDSV?tag=eloabder-20&linkCode=osi&th=1&psc=1"><img src="https://m.media-amazon.com/images/I/41TgWdqGdPL._SL500_.jpg" alt="Product Image"></a><p>Giraffe Tools TA15BPLUS Retractable Air Hose Reel with Swivel Bracket 3/8" x 50 ft Hybrid Hose, Ceiling/Wall Mounted Heavy Duty Industrial Air Compressor Hose Reel, 300PSI, 50ft</p><p> -9% 0FF </p><p>$99.99</p><a href="https://www.amazon.com/dp/B0CHB3GDSV?tag=eloabder-20&linkCode=osi&th=1&psc=1">View Product</a></div><div class="product"><a href="https://www.amazon.com/dp/B08PDT69XS?tag=eloabder-20&linkCode=osi&th=1&psc=1"><img src="https://m.media-amazon.com/images/I/41a6Z-s1uhL._SL500_.jpg" alt="Product Image"></a><p>Craftsman 20-piece Air Accessory Kit</p><p> -24% 0FF </p><p>$33.28</p><a href="https://www.amazon.com/dp/B08PDT69XS?tag=eloabder-20&linkCode=osi&th=1&psc=1">View Product</a></div><div class="product"><a href="https://www.amazon.com/dp/B07MBY35K6?tag=eloabder-20&linkCode=osi&th=1&psc=1"><img src="https://m.media-amazon.com/images/I/41wG+631zAL._SL500_.jpg" alt="Product Image"></a><p>AZUNO Digital Tire Inflator with Pressure Gauge, 200 PSI (0.1 Res) w/LED Flashlight, Heavy Duty Air Compressor Accessories 7pcs Set, w/Lock on Air Dual Head Chuck and 90¬∞ Tire Valve</p><p> -6% 0FF </p><p>$25.99</p><a href="https://www.amazon.com/dp/B07MBY35K6?tag=eloabder-20&linkCode=osi&th=1&psc=1">View Product</a></div>
<div class="product"><a href="https://www.amazon.com/dp/B0918CSK8N?tag=eloabder-20&linkCode=osi&th=1&psc=1"><img src="https://m.media-amazon.com/images/I/51PHon751vL._SL500_.jpg" alt="Product Image"></a><p>TOOLPEAK 1/4 inch angle air die grinder with 22 pcs 2-inch roll lock sanding discs, polished color angle pneumatic die grinder, air die grinder kit</p><p> -5% 0FF </p><p>$38.57</p><a href="https://www.amazon.com/dp/B0918CSK8N?tag=eloabder-20&linkCode=osi&th=1&psc=1">View Product</a></div><div class="product"><a href="https://www.amazon.com/dp/B000VZAENC?tag=eloabder-20&linkCode=osi&th=1&psc=1"><img src="https://m.media-amazon.com/images/I/21onsePfIFL._SL500_.jpg" alt="Product Image"></a><p>Ingersoll Rand 114GQC Quick Change Air Hammer 3-Piece Chisel Set, 3500 BPM, 2-5/8" Stroke, .401 Shank</p><p> -13% 0FF </p><p>$64.99</p><a href="https://www.amazon.com/dp/B000VZAENC?tag=eloabder-20&linkCode=osi&th=1&psc=1">View Product</a></div><div class="product"><a href="https://www.amazon.com/dp/B079FCZT4N?tag=eloabder-20&linkCode=osi&th=1&psc=1"><img src="https://m.media-amazon.com/images/I/41MB8jWnISS._SL500_.jpg" alt="Product Image"></a><p>WEN 61721 18-Gauge 3/8-Inch to 2-Inch Pneumatic Brad Nailer</p><p> -38% 0FF </p><p>$27.99</p><a href="https://www.amazon.com/dp/B079FCZT4N?tag=eloabder-20&linkCode=osi&th=1&psc=1">View Product</a></div><div class="product"><a href="https://www.amazon.com/dp/B00OK3TWUW?tag=eloabder-20&linkCode=osi&th=1&psc=1"><img src="https://m.media-amazon.com/images/I/314nu+8-0xL._SL500_.jpg" alt="Product Image"></a><p>DEWALT Grinder Tool, Self-locking Touch Control, 3-Inch (DWMT70784)</p><p> -66% 0FF </p><p>$42.84</p><a href="https://www.amazon.com/dp/B00OK3TWUW?tag=eloabder-20&linkCode=osi&th=1&psc=1">View Product</a></div><div class="product"><a href="https://www.amazon.com/dp/B008JYRDEU?tag=eloabder-20&linkCode=osi&th=1&psc=1"><img src="https://m.media-amazon.com/images/I/316BGYzWEtL._SL500_.jpg" alt="Product Image"></a><p>Ingersoll Rand 301B 1/4-Inch Right-Angle Air Die Grinder</p><p> -17% 0FF </p><p>$66.55</p><a href="https://www.amazon.com/dp/B008JYRDEU?tag=eloabder-20&linkCode=osi&th=1&psc=1">View Product</a></div><div class="product"><a href="https://www.amazon.com/dp/B07MSL5X4W?tag=eloabder-20&linkCode=osi&th=1&psc=1"><img src="https://m.media-amazon.com/images/I/41Q7jIwxfQS._SL500_.jpg" alt="Product Image"></a><p>Metabo HPT Palm Nailer | Pro Preferred Brand of Pneumatic Nailers | Over-molded Rubber Grip | 360 Degree Swivel Fitting | Magnetic Nose | Ideal For Tight Spaces | 5-Year Warranty | NH90AB</p><p> -20% 0FF </p><p>$39.00</p><a href="https://www.amazon.com/dp/B07MSL5X4W?tag=eloabder-20&linkCode=osi&th=1&psc=1">View Product</a></div><div class="product"><a href="https://www.amazon.com/dp/B09XQ9Z1B9?tag=eloabder-20&linkCode=osi&th=1&psc=1"><img src="https://m.media-amazon.com/images/I/61exAD7KuDL._SL500_.jpg" alt="Product Image"></a><p>Air Cut Off Tool with 5Pcs 3-inch Die Grinder Cut-Off Wheels, Pneumatic Metal Sheet Cutting Tool, Heavy Duty Air Cutter Cut off Tool</p><p> -9% 0FF </p><p>$31.99</p><a href="https://www.amazon.com/dp/B09XQ9Z1B9?tag=eloabder-20&linkCode=osi&th=1&psc=1">View Product</a></div><div class="product"><a href="https://www.amazon.com/dp/B0CWV1M883?tag=eloabder-20&linkCode=osi&th=1&psc=1"><img src="https://m.media-amazon.com/images/I/415GvPJJSYL._SL500_.jpg" alt="Product Image"></a><p>Pneumatic Chamfering Tool Handheld, Mini Air-Powered Chamfering Machine Trimming, 45¬∞ Arc Corner with 1/4 Inch Air Inlet for Metal Wood Beveling Deburring (C&R Angle Blades)</p><p> -7% 0FF </p><p>$51.99</p><a href="https://www.amazon.com/dp/B0CWV1M883?tag=eloabder-20&linkCode=osi&th=1&psc=1">View Product</a></div>
<div class="product"><a href="https://www.amazon.com/dp/B0BZNPPBBN?tag=eloabder-20&linkCode=osi&th=1&psc=1"><img src="https://m.media-amazon.com/images/I/51U1TjcJAVL._SL500_.jpg" alt="Product Image"></a><p>6 Pack Hydraulic Seal Installation Tools, Hydraulic Cylinder Piston Repair Rebuild Seal Kit, U-Cup Rod Seal Installation Tool Kits Upgraded Super Strong Seal Twistor Install Tool Set</p><p> -5% 0FF </p><p>$38.99</p><a href="https://www.amazon.com/dp/B0BZNPPBBN?tag=eloabder-20&linkCode=osi&th=1&psc=1">View Product</a></div>
<div class="product"><a href="https://www.amazon.com/dp/B008ASBLJI?tag=eloabder-20&linkCode=osi&th=1&psc=1"><img src="https://m.media-amazon.com/images/I/4191b6i6byL._SL500_.jpg" alt="Product Image"></a><p>Forearm Forklift 2-Person Lifting and Moving Straps; Lift, Move and Carry Furniture, Appliances, Mattresses or Any Item up to 800 lbs. Safely and Easily Like a Pro, Orange</p><p> -33% 0FF </p><p>$19.99</p><a href="https://www.amazon.com/dp/B008ASBLJI?tag=eloabder-20&linkCode=osi&th=1&psc=1">View Product</a></div><div class="product"><a href="https://www.amazon.com/dp/B01G6C1R8O?tag=eloabder-20&linkCode=osi&th=1&psc=1"><img src="https://m.media-amazon.com/images/I/41BBAL4ekvS._SL500_.jpg" alt="Product Image"></a><p>Gymreapers Knee Sleeves (1 Pair) With Gym Bag - IPF Approved - Knee Sleeve & Compression Brace for Squats, Fitness, Weightlifting, and Powerlifting 7MM Sleeve Pair - For Men & Women (Large)</p><p> -14% 0FF </p><p>$59.99</p><a href="https://www.amazon.com/dp/B01G6C1R8O?tag=eloabder-20&linkCode=osi&th=1&psc=1">View Product</a></div><div class="product"><a href="https://www.amazon.com/dp/B0CB8NRQNJ?tag=eloabder-20&linkCode=osi&th=1&psc=1"><img src="https://m.media-amazon.com/images/I/41TGm-OVXtL._SL500_.jpg" alt="Product Image"></a><p>HOLKIE Retractable Casters Heavy Duty Casters with Lifting and Lowering Function Maximum Load of 700 lbs (4 casters) for Workbenches or Other Equipment</p><p> -13% 0FF </p><p>$25.99 ($6.50 / Count)</p><a href="https://www.amazon.com/dp/B0CB8NRQNJ?tag=eloabder-20&linkCode=osi&th=1&psc=1">View Product</a></div>
<div class="product"><a href="https://www.amazon.com/dp/B08669YYV7?tag=eloabder-20&linkCode=osi&th=1&psc=1"><img src="https://m.media-amazon.com/images/I/51UV5G4XfgL._SL500_.jpg" alt="Product Image"></a><p>RoMech 660lb Digital Hanging Scale with Cast Aluminum Case, Handheld 300Kg Mini Crane Scale with Hooks for Farm Hunting Fishing Outdoor (Orange)</p><p> -25% 0FF </p><p>$29.99</p><a href="https://www.amazon.com/dp/B08669YYV7?tag=eloabder-20&linkCode=osi&th=1&psc=1">View Product</a></div><div class="product"><a href="https://www.amazon.com/dp/B0CMHX7Q2X?tag=eloabder-20&linkCode=osi&th=1&psc=1"><img src="https://m.media-amazon.com/images/I/31NOuexL2YL._SL500_.jpg" alt="Product Image"></a><p>VEVOR Crane Scale, Hanging Scale Industrial Heavy Duty, Digital Crane Scale with Remote Control, Cast Aluminum Case & LED Screen, 2200 lbs/1000 kg,High Precision for Construction, Factory, Farm</p><p> -10% 0FF </p><p>$66.59</p><a href="https://www.amazon.com/dp/B0CMHX7Q2X?tag=eloabder-20&linkCode=osi&th=1&psc=1">View Product</a></div>
<div class="product"><a href="https://www.amazon.com/dp/B0CQCDVKJ1?tag=eloabder-20&linkCode=osi&th=1&psc=1"><img src="https://m.media-amazon.com/images/I/41GQHYTm0VL._SL500_.jpg" alt="Product Image"></a><p>VEVOR 2-in-1 Electric Hoist Winch, 1100 lbs Lift Capacity, 1500W Portable Power Winch Crane, 22.9 ft Lifting Height, 13 ft/min with Wired Remote Control, for Garage, Warehouse, Factory Lifting Towing</p><p> -17% 0FF </p><p>$107.99</p><a href="https://www.amazon.com/dp/B0CQCDVKJ1?tag=eloabder-20&linkCode=osi&th=1&psc=1">View Product</a></div><div class="product"><a href="https://www.amazon.com/dp/B0CT2LSGSD?tag=eloabder-20&linkCode=osi&th=1&psc=1"><img src="https://m.media-amazon.com/images/I/41-pWD30jmL._SL500_.jpg" alt="Product Image"></a><p>3 in 1 Electric Hoist Winch,2200LBS Wired and Wireless Remote Control,110/120V-Portable Power Electric Hoist,41ft Lifting Garage Lift Hoist& Pure Copper Motor,forGarage,Factories,Warehouses,Verandahs</p><p> -6% 0FF </p><p>$146.56</p><a href="https://www.amazon.com/dp/B0CT2LSGSD?tag=eloabder-20&linkCode=osi&th=1&psc=1">View Product</a></div><div class="product"><a href="https://www.amazon.com/dp/B09TW27PBZ?tag=eloabder-20&linkCode=osi&th=1&psc=1"><img src="https://m.media-amazon.com/images/I/411FSmkLWEL._SL500_.jpg" alt="Product Image"></a><p>VEVOR Electric Hoist, 440LBS Attic Hoist, Ladder Hoist, 110V Electric Hoist with 14ft Remote Control & Single/Double Slings for Lifting in Factories, Warehouses, Construction Site, Attic</p><p> -15% 0FF </p><p>$82.44</p><a href="https://www.amazon.com/dp/B09TW27PBZ?tag=eloabder-20&linkCode=osi&th=1&psc=1">View Product</a></div><div class="product"><a href="https://www.amazon.com/dp/B0C4DSHF17?tag=eloabder-20&linkCode=osi&th=1&psc=1"><img src="https://m.media-amazon.com/images/I/51EnChC+cEL._SL500_.jpg" alt="Product Image"></a><p>VEVOR 1320lbs Electric Hoist with Wireless Remote Control,110v Electric Hoist with Remote Control, 40ft/20ft Lifting Height & Pure Copper Motor, for Garage Warehouse Factory</p><p> -12% 0FF </p><p>$112.49</p><a href="https://www.amazon.com/dp/B0C4DSHF17?tag=eloabder-20&linkCode=osi&th=1&psc=1">View Product</a></div>
<div class="product"><a href="https://www.amazon.com/dp/B08GQ9VXKK?tag=eloabder-20&linkCode=osi&th=1&psc=1"><img src="https://m.media-amazon.com/images/I/51D47aU7KVL._SL500_.jpg" alt="Product Image"></a><p>Sidasu Forklift Safety Cage 36x36 Inches Forklift Work Platform 1200LBS Capacity with 4 Wheels Aerial Platform Collapsible Lift Basket Aerial Rails for Lifting Loader</p><p> -11% 0FF </p><p>$159.99</p><a href="https://www.amazon.com/dp/B08GQ9VXKK?tag=eloabder-20&linkCode=osi&th=1&psc=1">View Product</a></div><div class="product"><a href="https://www.amazon.com/dp/B0CRYQTYPQ?tag=eloabder-20&linkCode=osi&th=1&psc=1"><img src="https://m.media-amazon.com/images/I/51wrhc6U5NL._SL500_.jpg" alt="Product Image"></a><p>Santiano Forklift Cover,All-Weather Use, Multi-Functional, No Disassembly, Waterproof, Dustproof, Wind & Snow Protection,600D Oxford&EVA Eco-Friendly Material - Work Year-Round!Up to 6000 Lbs</p><p> -10% 0FF </p><p>$89.99</p><a href="https://www.amazon.com/dp/B0CRYQTYPQ?tag=eloabder-20&linkCode=osi&th=1&psc=1">View Product</a></div>
<div class="product"><a href="https://www.amazon.com/dp/B0D3LGSK5H?tag=eloabder-20&linkCode=osi&th=1&psc=1"><img src="https://m.media-amazon.com/images/I/41Stu0GX-WL._SL500_.jpg" alt="Product Image"></a><p>VEVOR Belt Conveyor, 47 x 7.8 inch Conveyor Table, Heavy Duty Stainless Steel Motorized Belt Conveyor for Inkjet Coding Applications Powered PVC Belt Anti-Static Adjustable Speed (Double Guardrail)</p><p> -30% 0FF </p><p>$168.99</p><a href="https://www.amazon.com/dp/B0D3LGSK5H?tag=eloabder-20&linkCode=osi&th=1&psc=1">View Product</a></div><div class="product"><a href="https://www.amazon.com/dp/B0D7Q3GX1Q?tag=eloabder-20&linkCode=osi&th=1&psc=1"><img src="https://m.media-amazon.com/images/I/41FysGv+h2L._SL500_.jpg" alt="Product Image"></a><p>biosp Adjustable Conveyor Roller Stand with Wheels, Conveyor System Table Height Adjusts between 23'' and 36'', Infeed/Outfeed Support Expandable Gravity Conveyor Belt 300 lbs Load Weight Capacity</p><p> -27% 0FF </p><p>$134.99</p><a href="https://www.amazon.com/dp/B0D7Q3GX1Q?tag=eloabder-20&linkCode=osi&th=1&psc=1">View Product</a></div>
<div class="product"><a href="https://www.amazon.com/dp/B085X1KRSY?tag=eloabder-20&linkCode=osi&th=1&psc=1"><img src="https://m.media-amazon.com/images/I/31zzyc8v40L._SL500_.jpg" alt="Product Image"></a><p>Rhino Cart All Terrain Mover - All Terrain Moving Dolly for Heavy Appliance, Furniture, and Building Material Handling with 2,000lb Load Rating</p><p> -11% 0FF </p><p>$141.86</p><a href="https://www.amazon.com/dp/B085X1KRSY?tag=eloabder-20&linkCode=osi&th=1&psc=1">View Product</a></div><div class="product"><a href="https://www.amazon.com/dp/B097K7JG56?tag=eloabder-20&linkCode=osi&th=1&psc=1"><img src="https://m.media-amazon.com/images/I/51L7oLmBU6L._SL500_.jpg" alt="Product Image"></a><p>XClifes Labor-Saving Handle 2 Pack, 12 in Construction Jack, Wall Tile Locator, Multi-Function Height Adjustment Lifting Device, Door Panel Lifting Cabinet Jack, Raised by 6.69 in,Dynamic Load 450 LB</p><p> -70% 0FF </p><p>$41.99</p><a href="https://www.amazon.com/dp/B097K7JG56?tag=eloabder-20&linkCode=osi&th=1&psc=1">View Product</a></div>
<div class="product"><a href="https://www.amazon.com/dp/B0C73SXNLS?tag=eloabder-20&linkCode=osi&th=1&psc=1"><img src="https://m.media-amazon.com/images/I/51wYIKHX3sL._SL500_.jpg" alt="Product Image"></a><p>Space Saving Hangers, 10PCS Magic Hangers, 5 Holes Sturdy Plastic Hanger Clothes Organizer, Closet Organizers and Storage, Space Saver Hangers Organization, College Dorm Room Essentials (Gray)</p><p> -60% 0FF </p><p>$7.97</p><a href="https://www.amazon.com/dp/B0C73SXNLS?tag=eloabder-20&linkCode=osi&th=1&psc=1">View Product</a></div><div class="product"><a href="https://www.amazon.com/dp/B0BS3JQFBN?tag=eloabder-20&linkCode=osi&th=1&psc=1"><img src="https://m.media-amazon.com/images/I/51B12NhX-VL._SL500_.jpg" alt="Product Image"></a><p>HUITEM Space Saving 6 Tier Pant Hangers, Anti-Slip, Stainless Steel, 2 Pack, Black</p><p> -37% 0FF </p><p>$16.99 ($8.50 / Count)</p><a href="https://www.amazon.com/dp/B0BS3JQFBN?tag=eloabder-20&linkCode=osi&th=1&psc=1">View Product</a></div><div class="product"><a href="https://www.amazon.com/dp/B091KFT7WN?tag=eloabder-20&linkCode=osi&th=1&psc=1"><img src="https://m.media-amazon.com/images/I/415blLO8QrS._SL500_.jpg" alt="Product Image"></a><p>Magic Pants Hangers Space Saving - 2 Pack for Closet Multiple Layers Multifunctional Uses Rack Organizer for Trousers Scarves Slack (2 Pack with 10 Metal Clips)</p><p> -32% 0FF </p><p>$17.59 ($8.80 / Count)</p><a href="https://www.amazon.com/dp/B091KFT7WN?tag=eloabder-20&linkCode=osi&th=1&psc=1">View Product</a></div><div class="product"><a href="https://www.amazon.com/dp/B0CX56DY6R?tag=eloabder-20&linkCode=osi&th=1&psc=1"><img src="https://m.media-amazon.com/images/I/41lm5CT5cBL._SL500_.jpg" alt="Product Image"></a><p>ZEDODIER Tank Top Hanger, Rotatable Bra Organzier for Closet, Max 24 Storage Capacity Sport Bra Holder, Metal Space Saving Closet Organizers and Storage, Silver</p><p> -20% 0FF </p><p>$7.99</p><a href="https://www.amazon.com/dp/B0CX56DY6R?tag=eloabder-20&linkCode=osi&th=1&psc=1">View Product</a></div><div class="product"><a href="https://www.amazon.com/dp/B0CPPHDVDJ?tag=eloabder-20&linkCode=osi&th=1&psc=1"><img src="https://m.media-amazon.com/images/I/51sbXFj+BoL._SL500_.jpg" alt="Product Image"></a><p>2 Pack Closet-Organizers-and-Storage,6 Tier Mens-Shorts Pants-Hangers-Space-Saving,Skirt-Hangers with Clips for Closet Organizer,College-Dorm-Room-Essentials,Closet Storage Jean Yoga Legging Hanger</p><p> -8% 0FF </p><p>$11.99</p><a href="https://www.amazon.com/dp/B0CPPHDVDJ?tag=eloabder-20&linkCode=osi&th=1&psc=1">View Product</a></div>
<div class="product"><a href="https://www.amazon.com/dp/B0B7KTX5LC?tag=eloabder-20&linkCode=osi&th=1&psc=1"><img src="https://m.media-amazon.com/images/I/51JTXlpt4rL._SL500_.jpg" alt="Product Image"></a><p>Bezuny 72" H|36" W All-Metal Garage Shelving Unit and Storage-Easy Assembly Shelves 5-Tier Rack|Heavy-Duty Adjustable Shelf|Steel Waterproof Rust-Resistant Shelves for Industrial,Warehouse,Basement</p><p> -30% 0FF </p><p>$69.99</p><a href="https://www.amazon.com/dp/B0B7KTX5LC?tag=eloabder-20&linkCode=osi&th=1&psc=1">View Product</a></div><div class="product"><a href="https://www.amazon.com/dp/B0B5S3PH6P?tag=eloabder-20&linkCode=osi&th=1&psc=1"><img src="https://m.media-amazon.com/images/I/51jO-STn4XL._SL500_.jpg" alt="Product Image"></a><p>REIBII Garage Shelving, 72" Garage Storage Shelves Heavy Duty Shelving Units and Storage Loads 2500LBS, Adjustable 5 Tier Metal Shelving for Garage Shelves, Utility Shelf Rack, 72" H*35.5" W*16" D</p><p> -20% 0FF </p><p>$79.85</p><a href="https://www.amazon.com/dp/B0B5S3PH6P?tag=eloabder-20&linkCode=osi&th=1&psc=1">View Product</a></div><div class="product"><a href="https://www.amazon.com/dp/B0B6BDKTLB?tag=eloabder-20&linkCode=osi&th=1&psc=1"><img src="https://m.media-amazon.com/images/I/51ku-TmYb3L._SL500_.jpg" alt="Product Image"></a><p>REIBII 36" W x 16" D x 72" H Garage Shelving 2500LBS Capacity Adjustable 5-Tier Heavy Duty Metal Shelving Rack Shelf for Garage,Shed, Pantry, Basement,2 Pack</p><p> -40% 0FF </p><p>$117.99</p><a href="https://www.amazon.com/dp/B0B6BDKTLB?tag=eloabder-20&linkCode=osi&th=1&psc=1">View Product</a></div>
<div class="product"><a href="https://www.amazon.com/dp/B0BV5K3K6V?tag=eloabder-20&linkCode=osi&th=1&psc=1"><img src="https://m.media-amazon.com/images/I/41lZ9MOqYgL._SL500_.jpg" alt="Product Image"></a><p>Pro-Lift Garage Storage Shelves - Heavy Duty 4-Tier Adjustable Metal Wire Shelving Units with 8000 lbs Total Capacity for Garage Basement Racking Organization - 72" H X 77" W X 24" D</p><p> -10% 0FF </p><p>$404.99</p><a href="https://www.amazon.com/dp/B0BV5K3K6V?tag=eloabder-20&linkCode=osi&th=1&psc=1">View Product</a></div><div class="product"><a href="https://www.amazon.com/dp/B0BV6P81V5?tag=eloabder-20&linkCode=osi&th=1&psc=1"><img src="https://m.media-amazon.com/images/I/41cJ52D8IXL._SL500_.jpg" alt="Product Image"></a><p>Pro-LifT Garage Storage Shelves - Heavy Duty 3-Tier Adjustable Metal Wire Shelving Units with 3000 lbs Total Capacity for Garage Basement Racking Organization - 48" H X 48" W X 24" D</p><p> -10% 0FF </p><p>$269.99</p><a href="https://www.amazon.com/dp/B0BV6P81V5?tag=eloabder-20&linkCode=osi&th=1&psc=1">View Product</a></div><div class="product"><a href="https://www.amazon.com/dp/B099RT478T?tag=eloabder-20&linkCode=osi&th=1&psc=1"><img src="https://m.media-amazon.com/images/I/51qH610h91L._SL500_.jpg" alt="Product Image"></a><p>FLEXIMOUNTS Garage Shelving, 3-Tier Heavy Duty Adjustable Shelf, 4650 lbs Weight Capacity Storage Rack, 4 Feet Tall Industrial Metal Shelving</p><p> -20% 0FF </p><p>$159.99</p><a href="https://www.amazon.com/dp/B099RT478T?tag=eloabder-20&linkCode=osi&th=1&psc=1">View Product</a></div><div class="product"><a href="https://www.amazon.com/dp/B0BVB3KSF8?tag=eloabder-20&linkCode=osi&th=1&psc=1"><img src="https://m.media-amazon.com/images/I/41OiNKSrE9L._SL500_.jpg" alt="Product Image"></a><p>Pro-LifT Garage Storage Shelves - Heavy Duty 5-Tier Adjustable Metal Wire Shelving Units with 4000 lbs Total Capacity for Garage Basement Racking Organization - 72" H X 48" W X 18" D</p><p> -21% 0FF </p><p>$172.90</p><a href="https://www.amazon.com/dp/B0BVB3KSF8?tag=eloabder-20&linkCode=osi&th=1&psc=1">View Product</a></div><div class="product"><a href="https://www.amazon.com/dp/B00EZEN2KW?tag=eloabder-20&linkCode=osi&th=1&psc=1"><img src="https://m.media-amazon.com/images/I/41NZ6KW-NBL._SL500_.jpg" alt="Product Image"></a><p>BestOffice 18x48x72 Storage Shelves Commercial Heavy Duty Metal Shelves Garage Organizer Wire Rack Shelving Storage Unit Shelf Adjustable Utility 6000 LBS Capacity,Chrome</p><p> -32% 0FF </p><p>$88.99</p><a href="https://www.amazon.com/dp/B00EZEN2KW?tag=eloabder-20&linkCode=osi&th=1&psc=1">View Product</a></div>
<div class="product"><a href="https://www.amazon.com/dp/B0052PPNQO?tag=eloabder-20&linkCode=osi&th=1&psc=1"><img src="https://m.media-amazon.com/images/I/41wsX9EmOEL._SL500_.jpg" alt="Product Image"></a><p>Vestil PLP2-4840-GREEN Polyethylene Pallet with 4 Way Entry 8000 lbs Capacity 40 In Length 48 In Width 6 In Height</p><p> -11% 0FF </p><p>$178.00</p><a href="https://www.amazon.com/dp/B0052PPNQO?tag=eloabder-20&linkCode=osi&th=1&psc=1">View Product</a></div>
<div class="product"><a href="https://www.amazon.com/dp/B0D3HYC8H1?tag=eloabder-20&linkCode=osi&th=1&psc=1"><img src="https://m.media-amazon.com/images/I/51g1Q8n8fvL._SL500_.jpg" alt="Product Image"></a><p>Dealusy 50 Pack (100-Piece) 24 oz Meal Prep Containers Reusable with Lids, Sturdy Leakproof & Food Safe, Microwave, Freezer, Dishwasher Safe Food Prep Containers, To Go Take Out Plastic Food Storage</p><p> -38% 0FF </p><p>$19.99 ($0.40 / Count)</p><a href="https://www.amazon.com/dp/B0D3HYC8H1?tag=eloabder-20&linkCode=osi&th=1&psc=1">View Product</a></div><div class="product"><a href="https://www.amazon.com/dp/B0BJ8DLPZ2?tag=eloabder-20&linkCode=osi&th=1&psc=1"><img src="https://m.media-amazon.com/images/I/51uDVTFjr8L._SL500_.jpg" alt="Product Image"></a><p>Axe Sickle 200 Count Clear Plastic Hinged Take Out Containers Clamshell Takeout Tray Food Clamshell Containers Outside Diameter 5.3 x 4.7 inch for Dessert, Snacksetc, Cakes, Cookies, Salads</p><p> -8% 0FF </p><p>$23.99 ($0.12 / Count)</p><a href="https://www.amazon.com/dp/B0BJ8DLPZ2?tag=eloabder-20&linkCode=osi&th=1&psc=1">View Product</a></div>
<div class="product"><a href="https://www.amazon.com/dp/B01A12J3GI?tag=eloabder-20&linkCode=osi&th=1&psc=1"><img src="https://m.media-amazon.com/images/I/51OnLlU2IyL._SL500_.jpg" alt="Product Image"></a><p>DEWALT DPG82-11 Concealer Clear Anti-Fog Dual Mold Safety Goggle, Clear Lens, 1 Pair</p><p> -6% 0FF </p><p>$12.24</p><a href="https://www.amazon.com/dp/B01A12J3GI?tag=eloabder-20&linkCode=osi&th=1&psc=1">View Product</a></div><div class="product"><a href="https://www.amazon.com/dp/B0BGSFQJF6?tag=eloabder-20&linkCode=osi&th=1&psc=1"><img src="https://m.media-amazon.com/images/I/510nceKxovL._SL500_.jpg" alt="Product Image"></a><p>TICONN 12 Clear Safety Glasses for Men, Safety Goggles with Scratch Impact Resistant Meets ANSI Z87.1 Standard (12 Pack)</p><p> -13% 0FF </p><p>$12.99</p><a href="https://www.amazon.com/dp/B0BGSFQJF6?tag=eloabder-20&linkCode=osi&th=1&psc=1">View Product</a></div>
<div class="product"><a href="https://www.amazon.com/dp/B093FJWP7J?tag=eloabder-20&linkCode=osi&th=1&psc=1"><img src="https://m.media-amazon.com/images/I/51YRhBJ7CiL._SL500_.jpg" alt="Product Image"></a><p>Personal Protective Equipment (PPE) Isolation Door Caddy, Nylon Oxford NFPA-701 Large Scale Flame Retardant Coating 18.5 X 31 Inch, Included 2 Hooks - Royal Blue (with Back Pockets)</p><p> -13% 0FF </p><p>$84.97</p><a href="https://www.amazon.com/dp/B093FJWP7J?tag=eloabder-20&linkCode=osi&th=1&psc=1">View Product</a></div>
<div class="product"><a href="https://www.amazon.com/dp/B01AWK1XAS?tag=eloabder-20&linkCode=osi&th=1&psc=1"><img src="https://m.media-amazon.com/images/I/41Oax+1e+4L._SL500_.jpg" alt="Product Image"></a><p>NoCry Clear Safety Glasses for Men and Women with Anti-Fog and Scratch Resistant Wrap Around Lenses, Adjustable Temples and Nose Pads ‚Äî Certified ANSI Z87 Safety Glasses ‚Äî 100% UV Protective Eyewear</p><p> -18% 0FF </p><p>$13.99</p><a href="https://www.amazon.com/dp/B01AWK1XAS?tag=eloabder-20&linkCode=osi&th=1&psc=1">View Product</a></div><div class="product"><a href="https://www.amazon.com/dp/B0BNHKWR6W?tag=eloabder-20&linkCode=osi&th=1&psc=1"><img src="https://m.media-amazon.com/images/I/41yahLzQNGL._SL500_.jpg" alt="Product Image"></a><p>HPYNPES Safety GlassesClear Anti-Fog Goggles Over-Spec Glasses Protective Eye Wear Industrial Approved Wide-VisionÔºà4 PACKÔºâ</p><p> -50% 0FF </p><p>$9.99</p><a href="https://www.amazon.com/dp/B0BNHKWR6W?tag=eloabder-20&linkCode=osi&th=1&psc=1">View Product</a></div><div class="product"><a href="https://www.amazon.com/dp/B08S35C88L?tag=eloabder-20&linkCode=osi&th=1&psc=1"><img src="https://m.media-amazon.com/images/I/31X6+YNSuzS._SL500_.jpg" alt="Product Image"></a><p>SolidWork Safety Glasses Clear Lens with Side Shields, Anti Fog, Anti Scratch, Anti-Glare, Protective Eyewear for Men & Women</p><p> -15% 0FF </p><p>$16.99</p><a href="https://www.amazon.com/dp/B08S35C88L?tag=eloabder-20&linkCode=osi&th=1&psc=1">View Product</a></div><div class="product"><a href="https://www.amazon.com/dp/B016KZ2APQ?tag=eloabder-20&linkCode=osi&th=1&psc=1"><img src="https://m.media-amazon.com/images/I/311+k1qPWOL._SL500_.jpg" alt="Product Image"></a><p>3M Safety Glasses Solus 1000 Series ANSI Z87 Scotchgard Anti-Fog Clear Lens Low Profile Blue/Black Frame</p><p> -12% 0FF </p><p>$15.86</p><a href="https://www.amazon.com/dp/B016KZ2APQ?tag=eloabder-20&linkCode=osi&th=1&psc=1">View Product</a></div>
<div class="product"><a href="https://www.amazon.com/dp/B001FPCUHA?tag=eloabder-20&linkCode=osi&th=1&psc=1"><img src="https://m.media-amazon.com/images/I/31F0QDXn4KL._SL500_.jpg" alt="Product Image"></a><p>Flents Foam Ear Plugs, 10 Pair with Case for Sleeping, Snoring, Loud Noise, Traveling, Concerts, Construction, & Studying, NRR 33, Purple, Made in the USA,10 Count (Pack of 1)</p><p> -51% 0FF </p><p>$3.46 ($0.35 / Count)</p><a href="https://www.amazon.com/dp/B001FPCUHA?tag=eloabder-20&linkCode=osi&th=1&psc=1">View Product</a></div><div class="product"><a href="https://www.amazon.com/dp/B004CZYJLA?tag=eloabder-20&linkCode=osi&th=1&psc=1"><img src="https://m.media-amazon.com/images/I/31N8m8qA-yL._SL500_.jpg" alt="Product Image"></a><p>Flents Foam Ear Plugs, 10 Pair with Case for Sleeping, Snoring, Loud Noise, Traveling, Concerts, Construction, & Studying, NRR 33, Green, Made in the USA</p><p> -39% 0FF </p><p>$4.26 ($0.43 / Count)</p><a href="https://www.amazon.com/dp/B004CZYJLA?tag=eloabder-20&linkCode=osi&th=1&psc=1">View Product</a></div><div class="product"><a href="https://www.amazon.com/dp/B0DCZBPB4B?tag=eloabder-20&linkCode=osi&th=1&psc=1"><img src="https://m.media-amazon.com/images/I/41YdD7Ib+fL._SL500_.jpg" alt="Product Image"></a><p>Ear plugs for Sleeping 45dB Noise Cancelling Ear plugs for Concert, Work, Travel, Focus & Noise Sensitivity Silicone Hearing Protection Earplugs with 8 Ear Tips Reusable Noise Reduction Ear plug Black</p><p> -33% 0FF </p><p>$19.99</p><a href="https://www.amazon.com/dp/B0DCZBPB4B?tag=eloabder-20&linkCode=osi&th=1&psc=1">View Product</a></div><div class="product"><a href="https://www.amazon.com/dp/B085VNX9RT?tag=eloabder-20&linkCode=osi&th=1&psc=1"><img src="https://m.media-amazon.com/images/I/51-GbKB7ecL._SL500_.jpg" alt="Product Image"></a><p>Ear Plugs for Sleeping,16 Pairs Noise Canceling Soft Reusable Silicone Earplugs Waterproof Noise Reduction Earplugs for Concert,Swimming,Study,Loud Noise,Snoring</p><p> -34% 0FF </p><p>$8.59</p><a href="https://www.amazon.com/dp/B085VNX9RT?tag=eloabder-20&linkCode=osi&th=1&psc=1">View Product</a></div><div class="product"><a href="https://www.amazon.com/dp/B07G1MWHNR?tag=eloabder-20&linkCode=osi&th=1&psc=1"><img src="https://m.media-amazon.com/images/I/51xb3+YIUzL._SL500_.jpg" alt="Product Image"></a><p>Mack's Pillow Soft Silicone Earplugs, 12 Pair ‚Äì The Original Moldable Silicone Putty Ear Plugs for Sleeping, Snoring, Swimming, Travel, Concerts and Studying | Made in USA</p><p> -15% 0FF </p><p>$10.98 ($0.92 / Count)</p><a href="https://www.amazon.com/dp/B07G1MWHNR?tag=eloabder-20&linkCode=osi&th=1&psc=1">View Product</a></div><div class="product"><a href="https://www.amazon.com/dp/B0C852XHM7?tag=eloabder-20&linkCode=osi&th=1&psc=1"><img src="https://m.media-amazon.com/images/I/41cVUZQHT1L._SL500_.jpg" alt="Product Image"></a><p>Lenicany 30Pair Soft Foam EarPlugs, 32dB Disposable Sound Blocking Noise Cancelling Ear Plugs for Sleeping/Concerts Loud Music/Shooting Guns/Work Construction, Hearing Safety Protection (Blue)</p><p> -10% 0FF </p><p>$5.39 ($0.18 / Count)</p><a href="https://www.amazon.com/dp/B0C852XHM7?tag=eloabder-20&linkCode=osi&th=1&psc=1">View Product</a></div>
<div class="product"><a href="https://www.amazon.com/dp/B007JZ1N00?tag=eloabder-20&linkCode=osi&th=1&psc=1"><img src="https://m.media-amazon.com/images/I/41xRp2ZPBML._SL500_.jpg" alt="Product Image"></a><p>3M Half Facepiece Reusable Respirator 6200, NIOSH, Four-Point Harness, Comfortable Fit, Dual Airline Supplied Air Compatible, Bayonet Connections, Painting, Sanding, Cleaning, Medium</p><p> -28% 0FF </p><p>$14.75</p><a href="https://www.amazon.com/dp/B007JZ1N00?tag=eloabder-20&linkCode=osi&th=1&psc=1">View Product</a></div><div class="product"><a href="https://www.amazon.com/dp/B00004Z4EB?tag=eloabder-20&linkCode=osi&th=1&psc=1"><img src="https://m.media-amazon.com/images/I/51AYNvsO9wL._SL500_.jpg" alt="Product Image"></a><p>3M P95/OV Paint Project Reusable Respirator 6211, Medium Size, NIOSH-APPROVED Organic Vapor Cartridge & P95 Rated Filters, Lightweight, Flexible, Thermoplastic Faceseal For Comfort (6211P1-DC)</p><p> -14% 0FF </p><p>$34.20</p><a href="https://www.amazon.com/dp/B00004Z4EB?tag=eloabder-20&linkCode=osi&th=1&psc=1">View Product</a></div><div class="product"><a href="https://www.amazon.com/dp/B00IF7RCU6?tag=eloabder-20&linkCode=osi&th=1&psc=1"><img src="https://m.media-amazon.com/images/I/41AYgABL6KL._SL500_.jpg" alt="Product Image"></a><p>3M Rugged Comfort Quick Latch Half Facepiece Reusable Respirator 6503QL, NIOSH, Cool Flow Exhalation Valve, Bayonet Connection, Silicone Face Seal, for Gases, Vapors, Dust, Maintenance, Construction,L</p><p> -23% 0FF </p><p>$28.11</p><a href="https://www.amazon.com/dp/B00IF7RCU6?tag=eloabder-20&linkCode=osi&th=1&psc=1">View Product</a></div><div class="product"><a href="https://www.amazon.com/dp/B087FCW79Y?tag=eloabder-20&linkCode=osi&th=1&psc=1"><img src="https://m.media-amazon.com/images/I/41C6rOloEmL._SL500_.jpg" alt="Product Image"></a><p>RANKSING Reusable Respirator Gas Mask Half Facepiece Shield 6200 Face Cover with Filters for Dust, Fumes, Asbestos, Chemicals and Other Airborne Particles while Painting, Spraying, Polishing and More</p><p> -40% 0FF </p><p>$17.99</p><a href="https://www.amazon.com/dp/B087FCW79Y?tag=eloabder-20&linkCode=osi&th=1&psc=1">View Product</a></div><div class="product"><a href="https://www.amazon.com/dp/B007JZ1LG6?tag=eloabder-20&linkCode=osi&th=1&psc=1"><img src="https://m.media-amazon.com/images/I/41PsiHhcy1L._SL500_.jpg" alt="Product Image"></a><p>3M Full Facepiece Reusable Respirator 6800, NIOSH, Large Lens, ANSI High Impact Eye Protection, Silicone Face Seal, Four-Point Harness, Comfortable Fit, Painting, Dust, Chemicals, Medium</p><p> -56% 0FF </p><p>$93.00</p><a href="https://www.amazon.com/dp/B007JZ1LG6?tag=eloabder-20&linkCode=osi&th=1&psc=1">View Product</a></div>
<div class="product"><a href="https://www.amazon.com/dp/B08SYM9K52?tag=eloabder-20&linkCode=osi&th=1&psc=1"><img src="https://m.media-amazon.com/images/I/41bReMzs8sL._SL500_.jpg" alt="Product Image"></a><p>Klein Tools 60347 Hard Hat, Vented Full Brim, Class C, Premium KARBN Pattern, Rechargeable Lamp, Padded Sweat-Wicking Sweatband, Top Pad</p><p> -32% 0FF </p><p>$79.99</p><a href="https://www.amazon.com/dp/B08SYM9K52?tag=eloabder-20&linkCode=osi&th=1&psc=1">View Product</a></div><div class="product"><a href="https://www.amazon.com/dp/B07FQTCYTW?tag=eloabder-20&linkCode=osi&th=1&psc=1"><img src="https://m.media-amazon.com/images/I/41xEGl20DeL._SL500_.jpg" alt="Product Image"></a><p>Pyramex HP24110 Full Brim Hard Hat 4 Point Ratchet Suspension - White, 12 Count</p><p> -6% 0FF </p><p>$109.53</p><a href="https://www.amazon.com/dp/B07FQTCYTW?tag=eloabder-20&linkCode=osi&th=1&psc=1">View Product</a></div><div class="product"><a href="https://www.amazon.com/dp/B07L6QMYGG?tag=eloabder-20&linkCode=osi&th=1&psc=1"><img src="https://m.media-amazon.com/images/I/31xNCnPSZXL._SL500_.jpg" alt="Product Image"></a><p>Pyramex Ridgeline Full Brim Hard Hat 4 Point Ratchet Vented Matte Black Graphite Pattern</p><p> -15% 0FF </p><p>$28.00</p><a href="https://www.amazon.com/dp/B07L6QMYGG?tag=eloabder-20&linkCode=osi&th=1&psc=1">View Product</a></div><div class="product"><a href="https://www.amazon.com/dp/B078B9QD55?tag=eloabder-20&linkCode=osi&th=1&psc=1"><img src="https://m.media-amazon.com/images/I/41zmuOz7-DL._SL500_.jpg" alt="Product Image"></a><p>Pyramex Ridgeline Cap Style Hard Hat 4 Point Ratchet Vented Matte Black Graphite Pattern</p><p> -21% 0FF </p><p>$27.00</p><a href="https://www.amazon.com/dp/B078B9QD55?tag=eloabder-20&linkCode=osi&th=1&psc=1">View Product</a></div>
<div class="product"><a href="https://www.amazon.com/dp/B0BW9185XF?tag=eloabder-20&linkCode=osi&th=1&psc=1"><img src="https://m.media-amazon.com/images/I/51lDE-LgnFL._SL500_.jpg" alt="Product Image"></a><p>NEOTRIL Safety Work Gloves MicroFoam Nitrile Coated-3 Pairs, Seamless Knit Nylon Bulk Pack Working Gloves with Grip for Men Women Light Duty Work,Automotive,Warehouse (Gray,L)</p><p> -31% 0FF </p><p>$9.99</p><a href="https://www.amazon.com/dp/B0BW9185XF?tag=eloabder-20&linkCode=osi&th=1&psc=1">View Product</a></div><div class="product"><a href="https://www.amazon.com/dp/B00004XOH8?tag=eloabder-20&linkCode=osi&th=1&psc=1"><img src="https://m.media-amazon.com/images/I/41vrr-XI8HL._SL500_.jpg" alt="Product Image"></a><p>Ironclad General Utility Work Gloves GUG, All-Purpose, Performance Fit, Durable, Machine Washable, (1 Pair), Large - GUG-04-L , Black</p><p> -34% 0FF </p><p>$14.83</p><a href="https://www.amazon.com/dp/B00004XOH8?tag=eloabder-20&linkCode=osi&th=1&psc=1">View Product</a></div><div class="product"><a href="https://www.amazon.com/dp/B0797N2YW1?tag=eloabder-20&linkCode=osi&th=1&psc=1"><img src="https://m.media-amazon.com/images/I/41JMMfokSfL._SL500_.jpg" alt="Product Image"></a><p>HANDLANDY Mens Work Gloves Touch screen, Synthetic Leather Utility Gloves, Flexible Breathable Fit- Padded Knuckles & Palm (Large)</p><p> -19% 0FF </p><p>$12.80 ($12.80 / Count)</p><a href="https://www.amazon.com/dp/B0797N2YW1?tag=eloabder-20&linkCode=osi&th=1&psc=1">View Product</a></div>
<div class="product"><a href="https://www.amazon.com/dp/B01N5L2JG7?tag=eloabder-20&linkCode=osi&th=1&psc=1"><img src="https://m.media-amazon.com/images/I/41TB3tRdI3L._SL500_.jpg" alt="Product Image"></a><p>Skechers Men's Flex Advantage Bendon Work Shoe, Black, 9</p><p> -17% 0FF </p><p>$70.83</p><a href="https://www.amazon.com/dp/B01N5L2JG7?tag=eloabder-20&linkCode=osi&th=1&psc=1">View Product</a></div><div class="product"><a href="https://www.amazon.com/dp/B00QX3UKXA?tag=eloabder-20&linkCode=osi&th=1&psc=1"><img src="https://m.media-amazon.com/images/I/41y-VMqnzVL._SL500_.jpg" alt="Product Image"></a><p>Skechers womens Sure Track Trickel-w health care and food service shoes, Black, 9 X-Wide US</p><p> -38% 0FF </p><p>$58.63</p><a href="https://www.amazon.com/dp/B00QX3UKXA?tag=eloabder-20&linkCode=osi&th=1&psc=1">View Product</a></div><div class="product"><a href="https://www.amazon.com/dp/B08XLM93P7?tag=eloabder-20&linkCode=osi&th=1&psc=1"><img src="https://m.media-amazon.com/images/I/41VlYm6BhQL._SL500_.jpg" alt="Product Image"></a><p>Shoes for Crews Everlight Mens Non Slip Work Shoes - Men's Work & Safety Footwear, Lace-Up Breathable Work Shoes for Men, Zapato de Trabajo para Hombre, Size 11.5 Black</p><p> -14% 0FF </p><p>$59.98</p><a href="https://www.amazon.com/dp/B08XLM93P7?tag=eloabder-20&linkCode=osi&th=1&psc=1">View Product</a></div><div class="product"><a href="https://www.amazon.com/dp/B01KXSD3Q6?tag=eloabder-20&linkCode=osi&th=1&psc=1"><img src="https://m.media-amazon.com/images/I/41KIVA8d16L._SL500_.jpg" alt="Product Image"></a><p>Skechers Men's Dighton Athletic Work Food Service Shoe, Black, 10.5</p><p> -19% 0FF </p><p>$40.35</p><a href="https://www.amazon.com/dp/B01KXSD3Q6?tag=eloabder-20&linkCode=osi&th=1&psc=1">View Product</a></div><div class="product"><a href="https://www.amazon.com/dp/B0CRB5HDWQ?tag=eloabder-20&linkCode=osi&th=1&psc=1"><img src="https://m.media-amazon.com/images/I/410N9FwQahL._SL500_.jpg" alt="Product Image"></a><p>Non Slip Waterproof Shoes for Men Work Slip Resistant Oil Slip On Loafers Chef Kitchen Restaurant Food Service Zapatos de Trabajo para Hombres antideslizante para cocina Black</p><p> -20% 0FF </p><p>$39.89</p><a href="https://www.amazon.com/dp/B0CRB5HDWQ?tag=eloabder-20&linkCode=osi&th=1&psc=1">View Product</a></div><div class="product"><a href="https://www.amazon.com/dp/B0777Z16G2?tag=eloabder-20&linkCode=osi&th=1&psc=1"><img src="https://m.media-amazon.com/images/I/41ZjAWKjD1L._SL500_.jpg" alt="Product Image"></a><p>Skechers Men's Nampa Food Service Shoe, Black, 14 Wide</p><p> -28% 0FF </p><p>$40.34</p><a href="https://www.amazon.com/dp/B0777Z16G2?tag=eloabder-20&linkCode=osi&th=1&psc=1">View Product</a></div>
<div class="product"><a href="https://www.amazon.com/dp/B0032U3JXA?tag=eloabder-20&linkCode=osi&th=1&psc=1"><img src="https://m.media-amazon.com/images/I/51fQWw+gCYL._SL500_.jpg" alt="Product Image"></a><p>Guardian Fall Protection 00815 BOS-T50 Bucket of Safe-Tie - 5 Gallon Bucket, 50 ft. Vertical Lifeline Assembly, 5 Temper Reusable Anchor, Safety Harness Kit, Yellow</p><p> -20% 0FF </p><p>$87.92</p><a href="https://www.amazon.com/dp/B0032U3JXA?tag=eloabder-20&linkCode=osi&th=1&psc=1">View Product</a></div><div class="product"><a href="https://www.amazon.com/dp/B004A7XV50?tag=eloabder-20&linkCode=osi&th=1&psc=1"><img src="https://m.media-amazon.com/images/I/41Cmyb7QFkL._SL500_.jpg" alt="Product Image"></a><p>Guardian Fall Protection 10785 Premium 3-Foot Cross-Arm Straps with Large and Small D-Rings</p><p> -21% 0FF </p><p>$26.13</p><a href="https://www.amazon.com/dp/B004A7XV50?tag=eloabder-20&linkCode=osi&th=1&psc=1">View Product</a></div>
<div class="product"><a href="https://www.amazon.com/dp/B00HSJCS06?tag=eloabder-20&linkCode=osi&th=1&psc=1"><img src="https://m.media-amazon.com/images/I/51FCdQhuNVL._SL500_.jpg" alt="Product Image"></a><p>Accuform Lockout Tags, Pack of 25, Bilingual Danger Do Not Operation Equipment Lock Out, US Made OSHA Compliant Tags, Tear & Water Resistant PF-Cardstock, 5.75"x 3.25", TSP105CTP</p><p> -11% 0FF </p><p>$17.86 ($0.71 / Count)</p><a href="https://www.amazon.com/dp/B00HSJCS06?tag=eloabder-20&linkCode=osi&th=1&psc=1">View Product</a></div>
<div class="product"><a href="https://www.amazon.com/dp/B0C5M773VW?tag=eloabder-20&linkCode=osi&th=1&psc=1"><img src="https://m.media-amazon.com/images/I/51uxbEonuhL._SL500_.jpg" alt="Product Image"></a><p>SecuCaptain Emergency Fire Blanket for Home and Kitchen - 2 Pack 40"x40" Flame Suppression Fiberglass Fire Blankets for House Camping Car Office Warehouse Emergency Survival Safety</p><p> -43% 0FF </p><p>$16.99</p><a href="https://www.amazon.com/dp/B0C5M773VW?tag=eloabder-20&linkCode=osi&th=1&psc=1">View Product</a></div><div class="product"><a href="https://www.amazon.com/dp/B001229JCU?tag=eloabder-20&linkCode=osi&th=1&psc=1"><img src="https://m.media-amazon.com/images/I/31W6FuKPMcL._SL500_.jpg" alt="Product Image"></a><p>First Alert EZ Fire Spray, Extinguishing Aerosol Spray, AF400 Red 18 Ounce (Pack of 1)</p><p> -55% 0FF </p><p>$12.49</p><a href="https://www.amazon.com/dp/B001229JCU?tag=eloabder-20&linkCode=osi&th=1&psc=1">View Product</a></div><div class="product"><a href="https://www.amazon.com/dp/B00002ND64?tag=eloabder-20&linkCode=osi&th=1&psc=1"><img src="https://m.media-amazon.com/images/I/41r+PeZkpJL._SL500_.jpg" alt="Product Image"></a><p>Kidde FA110 Multi Purpose Fire Extinguisher 1A10BC, 1 Pack, red</p><p> -31% 0FF </p><p>$25.49</p><a href="https://www.amazon.com/dp/B00002ND64?tag=eloabder-20&linkCode=osi&th=1&psc=1">View Product</a></div><div class="product"><a href="https://www.amazon.com/dp/B07CQJCD6G?tag=eloabder-20&linkCode=osi&th=1&psc=1"><img src="https://m.media-amazon.com/images/I/31EmoFZ3KTL._SL500_.jpg" alt="Product Image"></a><p>Sellstrom Odyssey II Wildland Fire Safety Goggles - Anti-Fog, Anti-Scratch Eye Protection Goggles for Men & Women - FR Strap, fits over Glasses, ANSI Z87.1</p><p> -28% 0FF </p><p>$16.78</p><a href="https://www.amazon.com/dp/B07CQJCD6G?tag=eloabder-20&linkCode=osi&th=1&psc=1">View Product</a></div><div class="product"><a href="https://www.amazon.com/dp/B00005OU7B?tag=eloabder-20&linkCode=osi&th=1&psc=1"><img src="https://m.media-amazon.com/images/I/51O8BtvNfSL._SL500_.jpg" alt="Product Image"></a><p>Kidde Fire Escape Ladder, 2-Story Rope Ladder, Extends to 13-Feet, Anti-Slip Rungs</p><p> -36% 0FF </p><p>$40.99</p><a href="https://www.amazon.com/dp/B00005OU7B?tag=eloabder-20&linkCode=osi&th=1&psc=1">View Product</a></div><div class="product"><a href="https://www.amazon.com/dp/B08Z61XL6V?tag=eloabder-20&linkCode=osi&th=1&psc=1"><img src="https://m.media-amazon.com/images/I/519EzZgGD6L._SL500_.jpg" alt="Product Image"></a><p>Mart Cobra Emergency Fire Blanket for Home and Kitchen - 2 Pack - Fire Blankets Emergency for Home 40‚Äù x 40‚Äù - Fire Suppression Blanket - Home Safety</p><p> -25% 0FF </p><p>$29.87</p><a href="https://www.amazon.com/dp/B08Z61XL6V?tag=eloabder-20&linkCode=osi&th=1&psc=1">View Product</a></div>
<div class="product"><a href="https://www.amazon.com/dp/B07D6QGQYB?tag=eloabder-20&linkCode=osi&th=1&psc=1"><img src="https://m.media-amazon.com/images/I/41y18ggm8GL._SL500_.jpg" alt="Product Image"></a><p>Kidde Fire Extinguisher for Home, 1-A:10-B:C, Dry Chemical Extinguisher, Red, Mounting Bracket Included, 2 Pack</p><p> -41% 0FF </p><p>$32.98</p><a href="https://www.amazon.com/dp/B07D6QGQYB?tag=eloabder-20&linkCode=osi&th=1&psc=1">View Product</a></div><div class="product"><a href="https://www.amazon.com/dp/B07B9BNN24?tag=eloabder-20&linkCode=osi&th=1&psc=1"><img src="https://m.media-amazon.com/images/I/41SbuH+cdQL._SL500_.jpg" alt="Product Image"></a><p>FIRST ALERT HOME2PRO Rechargeable Compliance Fire Extinguisher, UL RATED 2-A:10-B:C, Red, 1-Pack</p><p> -27% 0FF </p><p>$36.48</p><a href="https://www.amazon.com/dp/B07B9BNN24?tag=eloabder-20&linkCode=osi&th=1&psc=1">View Product</a></div><div class="product"><a href="https://www.amazon.com/dp/B0C63914WK?tag=eloabder-20&linkCode=osi&th=1&psc=1"><img src="https://m.media-amazon.com/images/I/51IS9bq94IL._SL500_.jpg" alt="Product Image"></a><p>Kidde Kitchen Fire Extinguishers for Home & Office Use, 2 Pack: One 1-A:10-B:C and One Specialty Kitchen Extinguisher, Wall Mount & Strap Brackets Included</p><p> -7% 0FF </p><p>$34.99</p><a href="https://www.amazon.com/dp/B0C63914WK?tag=eloabder-20&linkCode=osi&th=1&psc=1">View Product</a></div><div class="product"><a href="https://www.amazon.com/dp/B0CB9GFZ9M?tag=eloabder-20&linkCode=osi&th=1&psc=1"><img src="https://m.media-amazon.com/images/I/41VJGkO+jDL._SL500_.jpg" alt="Product Image"></a><p>Kidde Fire Extinguisher for Home & Office Use, 5-B:C, 3.2 Lbs., USCG Approved with Strap Bracket (Included)</p><p> -23% 0FF </p><p>$23.10</p><a href="https://www.amazon.com/dp/B0CB9GFZ9M?tag=eloabder-20&linkCode=osi&th=1&psc=1">View Product</a></div><div class="product"><a href="https://www.amazon.com/dp/B0030ZZAR0?tag=eloabder-20&linkCode=osi&th=1&psc=1"><img src="https://m.media-amazon.com/images/I/41R9Nqadh4L._SL500_.jpg" alt="Product Image"></a><p>BUCKEYE Fire Extinguisher, 4A:80B:C, 10 lb., 21in.H, Red</p><p> -13% 0FF </p><p>$77.99</p><a href="https://www.amazon.com/dp/B0030ZZAR0?tag=eloabder-20&linkCode=osi&th=1&psc=1">View Product</a></div>
<div class="product"><a href="https://www.amazon.com/dp/B08LL1HRKW?tag=eloabder-20&linkCode=osi&th=1&psc=1"><img src="https://m.media-amazon.com/images/I/41OyhHgXG4S._SL500_.jpg" alt="Product Image"></a><p>X-Sense Smoke Alarm, 10-Year Battery Fire Alarm Smoke Detector with LED Indicator & Silence Button, SD2J0AX</p><p> -10% 0FF </p><p>$16.99</p><a href="https://www.amazon.com/dp/B08LL1HRKW?tag=eloabder-20&linkCode=osi&th=1&psc=1">View Product</a></div><div class="product"><a href="https://www.amazon.com/dp/B086S4XM47?tag=eloabder-20&linkCode=osi&th=1&psc=1"><img src="https://m.media-amazon.com/images/I/41vM6F1FfTL._SL500_.jpg" alt="Product Image"></a><p>Kidde Smoke Detector, Hardwired Smoke Alarm with Battery Backup, Test-Silence Button</p><p> -29% 0FF </p><p>$18.19</p><a href="https://www.amazon.com/dp/B086S4XM47?tag=eloabder-20&linkCode=osi&th=1&psc=1">View Product</a></div><div class="product"><a href="https://www.amazon.com/dp/B09YQZV62R?tag=eloabder-20&linkCode=osi&th=1&psc=1"><img src="https://m.media-amazon.com/images/I/31JFQcHDfWL._SL500_.jpg" alt="Product Image"></a><p>AEGISLINK Smoke Detector 10-Year Battery with Test/Silence Button, Fire Alarm with Photoelectric Sensor, Low Battery Warning, S500 (Independent, 1-Pack)</p><p> -33% 0FF </p><p>$9.99</p><a href="https://www.amazon.com/dp/B09YQZV62R?tag=eloabder-20&linkCode=osi&th=1&psc=1">View Product</a></div><div class="product"><a href="https://www.amazon.com/dp/B0CJC73MBZ?tag=eloabder-20&linkCode=osi&th=1&psc=1"><img src="https://m.media-amazon.com/images/I/51jYYKlO4+L._SL500_.jpg" alt="Product Image"></a><p>2 in 1 CO & Smoke Alarm,Carbon Monoxide Detectors, with Battery, Smoke Detector,85dB in Alarm,for Home and Kitchen,LCD Screen,Easy to Install</p><p> -20% 0FF </p><p>$15.98</p><a href="https://www.amazon.com/dp/B0CJC73MBZ?tag=eloabder-20&linkCode=osi&th=1&psc=1">View Product</a></div>
<div class="product"><a href="https://www.amazon.com/dp/B0B9YTGGJ3?tag=eloabder-20&linkCode=osi&th=1&psc=1"><img src="https://m.media-amazon.com/images/I/41WR-3ndQgL._SL500_.jpg" alt="Product Image"></a><p>Light and small automatic fire extinguisher, environmentally friendly and clean, car fire extinguisher, automatic fire extinguisher, suitable for electric box, ship cabin, car, ABCEF fire extinguisher</p><p> -13% 0FF </p><p>$34.99</p><a href="https://www.amazon.com/dp/B0B9YTGGJ3?tag=eloabder-20&linkCode=osi&th=1&psc=1">View Product</a></div>



<div class="product"><a href="https://www.amazon.com/dp/B01G1Y42H0?tag=eloabder-20&linkCode=osi&th=1&psc=1"><img src="https://m.media-amazon.com/images/I/41ml0ECvMBL._SL500_.jpg" alt="Product Image"></a><p>Command Broom and Mop Grippers Wall Hook, Damage Free Hanging Wall Mount Broom and Mop Holder, No Tools Household Cleaning Organizer for Living Spaces, 2 Hangers and 4 Command Strips</p><p> -20% 0FF </p><p>$13.58 ($6.79 / Count)</p><a href="https://www.amazon.com/dp/B01G1Y42H0?tag=eloabder-20&linkCode=osi&th=1&psc=1">View Product</a></div><div class="product"><a href="https://www.amazon.com/dp/B0D7S3CS9X?tag=eloabder-20&linkCode=osi&th=1&psc=1"><img src="https://m.media-amazon.com/images/I/51XG4DL1apL._SL500_.jpg" alt="Product Image"></a><p>NEOACT 4 Pack Scrapbook Tape,Double Sided Tape Roller Scrapbook Supplies,0.31In x 26 Ft Glue Tape Runner for Scrapbooking Envelopes Crafts Gift Wrapping Journaling School Office Supplies</p><p> -8% 0FF </p><p>$5.99</p><a href="https://www.amazon.com/dp/B0D7S3CS9X?tag=eloabder-20&linkCode=osi&th=1&psc=1">View Product</a></div><div class="product"><a href="https://www.amazon.com/dp/B07FM4PRY8?tag=eloabder-20&linkCode=osi&th=1&psc=1"><img src="https://m.media-amazon.com/images/I/51HHqS5jGIL._SL500_.jpg" alt="Product Image"></a><p>SUNEE 30 Packs Oversized Reusable Dry Erase Pocket Sleeves with 2 Rings, 10 Assorted Colors 10x14 Ticket Holders, Clear Plastic Sheet Protectors, Teacher School Classroom Supplies</p><p> -33% 0FF </p><p>$19.99</p><a href="https://www.amazon.com/dp/B07FM4PRY8?tag=eloabder-20&linkCode=osi&th=1&psc=1">View Product</a></div><div class="product"><a href="https://www.amazon.com/dp/B07GLCYR5S?tag=eloabder-20&linkCode=osi&th=1&psc=1"><img src="https://m.media-amazon.com/images/I/51BtNdNrdfL._SL500_.jpg" alt="Product Image"></a><p>QIO CHUANG Emergency Mylar Thermal Blankets -Space Blanket Survival kit Camping Blanket (4-Pack). Perfect for Outdoors, Hiking, Survival, Bug Out Bag ÔºåMarathons or First Aid 1</p><p> -46% 0FF </p><p>$6.98 ($1.74 / Count)</p><a href="https://www.amazon.com/dp/B07GLCYR5S?tag=eloabder-20&linkCode=osi&th=1&psc=1">View Product</a></div>
<div class="product"><a href="https://www.amazon.com/dp/B01M7VD07W?tag=eloabder-20&linkCode=osi&th=1&psc=1"><img src="https://m.media-amazon.com/images/I/51fA5JtXB9L._SL500_.jpg" alt="Product Image"></a><p>Gorilla 2 Part Epoxy, 5 Minute Set, Incredibly Strong Bonding, .85 Ounce Syringe, Clear, (Pack of 2)</p><p> -27% 0FF </p><p>$10.90 ($6.41 / Fl Oz)</p><a href="https://www.amazon.com/dp/B01M7VD07W?tag=eloabder-20&linkCode=osi&th=1&psc=1">View Product</a></div><div class="product"><a href="https://www.amazon.com/dp/B0B6HK51C3?tag=eloabder-20&linkCode=osi&th=1&psc=1"><img src="https://m.media-amazon.com/images/I/31uXWAEungL._SL500_.jpg" alt="Product Image"></a><p>Rumba Replacement Side Brush Parts for iRobot Roomba 600 700 800 900 Series 675 692 694 677 671 614 980 960 985 981 880 860 850 861 866 870 890 Vacuum Cleaner Accessories Kit,6 Side Brush,Screw Driver</p><p> -9% 0FF </p><p>$9.99</p><a href="https://www.amazon.com/dp/B0B6HK51C3?tag=eloabder-20&linkCode=osi&th=1&psc=1">View Product</a></div><div class="product"><a href="https://www.amazon.com/dp/B0BZMMR5XW?tag=eloabder-20&linkCode=osi&th=1&psc=1"><img src="https://m.media-amazon.com/images/I/41mpThblwIL._SL500_.jpg" alt="Product Image"></a><p>1614244 Foot Window Replacement for Bissell Crosswave Pet Pro Dry/Vac Vacuums Fits Models: 2328, 2305, 2305K, 2303, 2306A, 2306, 23062, 23068, 2551 Series</p><p> -10% 0FF </p><p>$26.83</p><a href="https://www.amazon.com/dp/B0BZMMR5XW?tag=eloabder-20&linkCode=osi&th=1&psc=1">View Product</a></div><div class="product"><a href="https://www.amazon.com/dp/B0CZLK6QMF?tag=eloabder-20&linkCode=osi&th=1&psc=1"><img src="https://m.media-amazon.com/images/I/311BgZOYsCL._SL500_.jpg" alt="Product Image"></a><p>Generic 7413197 Inlet Deflector Part Replacement, Vaccuum Accessory</p><p> -10% 0FF </p><p>$8.99</p><a href="https://www.amazon.com/dp/B0CZLK6QMF?tag=eloabder-20&linkCode=osi&th=1&psc=1">View Product</a></div><div class="product"><a href="https://www.amazon.com/dp/B0D1K3XHSP?tag=eloabder-20&linkCode=osi&th=1&psc=1"><img src="https://m.media-amazon.com/images/I/41UOnU2oiqL._SL500_.jpg" alt="Product Image"></a><p>RUKHOOL Dust Bin Replacement for Dyson V11 V15 SV14 SV15 SV22 Vacuum Cleaner Canister Bin Bucket Container Replacement Parts for Dyson V11 Large Bin Part No. 970050-01 and 965443-01</p><p> -11% 0FF </p><p>$33.99</p><a href="https://www.amazon.com/dp/B0D1K3XHSP?tag=eloabder-20&linkCode=osi&th=1&psc=1">View Product</a></div>

<div class="product"><a href="https://www.amazon.com/dp/B0BHGT88KF?tag=eloabder-20&linkCode=osi&th=1&psc=1"><img src="https://m.media-amazon.com/images/I/51Wy2vWqMnL._SL500_.jpg" alt="Product Image"></a><p>Fit Geno Back Brace Posture Corrector for Women, Shoulder Straightener, Adjustable Full Back Support, Upper and Lower Back Pain Relief - Scoliosis, Hunchback, Hump, Thoracic, Spine Corrector (Small)</p><p> -10% 0FF </p><p>$35.99</p><a href="https://www.amazon.com/dp/B0BHGT88KF?tag=eloabder-20&linkCode=osi&th=1&psc=1">View Product</a></div><div class="product"><a href="https://www.amazon.com/dp/B003N2DXPG?tag=eloabder-20&linkCode=osi&th=1&psc=1"><img src="https://m.media-amazon.com/images/I/41scKHD+h0L._SL500_.jpg" alt="Product Image"></a><p>Plackers Twin-Line Dental Flossers, Cool Mint Flavor, Dual Action Flossing System, Easy Storage, Super Tuffloss, 2X The Clean, 75 Count</p><p> -31% 0FF </p><p>$2.74 ($0.04 / Foot)</p><a href="https://www.amazon.com/dp/B003N2DXPG?tag=eloabder-20&linkCode=osi&th=1&psc=1">View Product</a></div>


<div class="product"><a href="https://www.amazon.com/dp/B0CGR3R8M2?tag=eloabder-20&linkCode=osi&th=1&psc=1"><img src="https://m.media-amazon.com/images/I/31dJH244FqL._SL500_.jpg" alt="Product Image"></a><p>Stainless Steel Lung Remover, Rubber Handle, Comfortable Grip, Efficient, Reliable Tool Head with Great Grip, Chicken Slaughter Equipment That Improves Efficiency, Easy to Clean</p><p> -7% 0FF </p><p>$12.98</p><a href="https://www.amazon.com/dp/B0CGR3R8M2?tag=eloabder-20&linkCode=osi&th=1&psc=1">View Product</a></div><div class="product"><a href="https://www.amazon.com/dp/B000R8ETKW?tag=eloabder-20&linkCode=osi&th=1&psc=1"><img src="https://m.media-amazon.com/images/I/41rNYbbsqpL._SL500_.jpg" alt="Product Image"></a><p>Fluke 789 ProcessMeter, Includes Standard DMM Capabilities, Measure, Source, Simulate 4-20 mA signals, and Built-In 24 V Loop Supply</p><p> -21% 0FF </p><p>$1,048.39</p><a href="https://www.amazon.com/dp/B000R8ETKW?tag=eloabder-20&linkCode=osi&th=1&psc=1">View Product</a></div><div class="product"><a href="https://www.amazon.com/dp/B0CHYSJBGR?tag=eloabder-20&linkCode=osi&th=1&psc=1"><img src="https://m.media-amazon.com/images/I/31MHdOP3u7L._SL500_.jpg" alt="Product Image"></a><p>SUS 304 Stainless Steel Lung Remover, Food Grade Chicken Processing Equipment with Super Strong Working Head and Ergonomic Handle to Remove Poultry Lungs, Essential Kitchen Tool Easy to Clean</p><p> -17% 0FF </p><p>$9.99</p><a href="https://www.amazon.com/dp/B0CHYSJBGR?tag=eloabder-20&linkCode=osi&th=1&psc=1">View Product</a></div><div class="product"><a href="https://www.amazon.com/dp/B0CR37JVN4?tag=eloabder-20&linkCode=osi&th=1&psc=1"><img src="https://m.media-amazon.com/images/I/41DwoJmzWmL._SL500_.jpg" alt="Product Image"></a><p>TIVOLI Professional Butcher Knife Set for Meat Processing, 7Pcs High Carbon Steel Hand Forged BBQ Knife Set, Serbian Chef Knife Set with Ergonomic Handles for Kitchen Outdoor Cooking Father's Day Gift</p><p> -5% 0FF </p><p>$69.99</p><a href="https://www.amazon.com/dp/B0CR37JVN4?tag=eloabder-20&linkCode=osi&th=1&psc=1">View Product</a></div><div class="product"><a href="https://www.amazon.com/dp/B01HPT0XFU?tag=eloabder-20&linkCode=osi&th=1&psc=1"><img src="https://m.media-amazon.com/images/I/51F+BRGdU+L._SL500_.jpg" alt="Product Image"></a><p>NoCry Premium Cut Resistant Gloves Food Grade ‚Äî Level 5 Protection; Ambidextrous; Machine Washable; Superior Comfort and Dexterity; Lightweight Protective Gloves; Complimentary eBook</p><p> -14% 0FF </p><p>$13.79 ($13.79 / Count)</p><a href="https://www.amazon.com/dp/B01HPT0XFU?tag=eloabder-20&linkCode=osi&th=1&psc=1">View Product</a></div><div class="product"><a href="https://www.amazon.com/dp/B071ZPSQ88?tag=eloabder-20&linkCode=osi&th=1&psc=1"><img src="https://m.media-amazon.com/images/I/31FiGEAJ9VL._SL500_.jpg" alt="Product Image"></a><p>Fluke 787B ProcessMeter</p><p> -15% 0FF </p><p>$1,020.84</p><a href="https://www.amazon.com/dp/B071ZPSQ88?tag=eloabder-20&linkCode=osi&th=1&psc=1">View Product</a></div>
<div class="product"><a href="https://www.amazon.com/dp/B0D8YPW46Y?tag=eloabder-20&linkCode=osi&th=1&psc=1"><img src="https://m.media-amazon.com/images/I/51sr1XVXPoL._SL500_.jpg" alt="Product Image"></a><p>Shelly 1 Gen3 | WiFi & Bluetooth Smart Relay Switch with Dry Contacts, 1-Channel 16A | Home Automation | Alexa, SmartThings & Google Home Compatible | No Hub | DIY Remote Control | Garage Door Opener</p><p> -8% 0FF </p><p>$16.99</p><a href="https://www.amazon.com/dp/B0D8YPW46Y?tag=eloabder-20&linkCode=osi&th=1&psc=1">View Product</a></div><div class="product"><a href="https://www.amazon.com/dp/B0D5XSGYB4?tag=eloabder-20&linkCode=osi&th=1&psc=1"><img src="https://m.media-amazon.com/images/I/31pj-zqLcYL._SL500_.jpg" alt="Product Image"></a><p>OUVOPO Zigbee Contact Sensor 2 Pack, Mini Smart Door Sensor, Home Automation, Kid Safety, Burglar Alert, Work with Alexa, SmartThings, Home Assistant, Aeotec, Homey, Hubitat with Build-in Zigbee Hub</p><p> -11% 0FF </p><p>$24.99</p><a href="https://www.amazon.com/dp/B0D5XSGYB4?tag=eloabder-20&linkCode=osi&th=1&psc=1">View Product</a></div><div class="product"><a href="https://www.amazon.com/dp/B0CXN2B9RS?tag=eloabder-20&linkCode=osi&th=1&psc=1"><img src="https://m.media-amazon.com/images/I/51NXNRAdSxL._SL500_.jpg" alt="Product Image"></a><p>Shelly Plus RGBW PM | WiFi & Bluetooth Smart Remote Control for RGBW with Power Metering | Home Automation | No Hub | Compatible with Alexa & Google Home | iOS Android App</p><p> -8% 0FF </p><p>$24.99</p><a href="https://www.amazon.com/dp/B0CXN2B9RS?tag=eloabder-20&linkCode=osi&th=1&psc=1">View Product</a></div><div class="product"><a href="https://www.amazon.com/dp/B006P591RW?tag=eloabder-20&linkCode=osi&th=1&psc=1"><img src="https://m.media-amazon.com/images/I/41EwZRzPrJL._SL500_.jpg" alt="Product Image"></a><p>Progressive Automations Mounting Bracket BRK-14 for Linear actuators PA-14, PA-14P, PA-08</p><p> -16% 0FF </p><p>$11.69</p><a href="https://www.amazon.com/dp/B006P591RW?tag=eloabder-20&linkCode=osi&th=1&psc=1">View Product</a></div>
<div class="product"><a href="https://www.amazon.com/dp/B08CZ4MG5P?tag=eloabder-20&linkCode=osi&th=1&psc=1"><img src="https://m.media-amazon.com/images/I/61lF1Z1BQ1L._SL500_.jpg" alt="Product Image"></a><p>ELEGOO Conqueror Robot Tank Kit with UNO R3 for Arduino Robotics for Kids Ages 8-12 12-16 STEM Science Kits Coding Robots Toys for 8+ Year Old Boys Girls Teens Circuits Engineering Building Project</p><p> -23% 0FF </p><p>$99.98</p><a href="https://www.amazon.com/dp/B08CZ4MG5P?tag=eloabder-20&linkCode=osi&th=1&psc=1">View Product</a></div><div class="product"><a href="https://www.amazon.com/dp/B0CYPVS3FF?tag=eloabder-20&linkCode=osi&th=1&psc=1"><img src="https://m.media-amazon.com/images/I/41tiE6fqJOL._SL500_.jpg" alt="Product Image"></a><p>Lefant M210 Pro Robot Vacuum Cleaner, 2200Pa Suction,120 Mins Runtime, Self-Charging Slim Robotic Vacuums, APP/Voice/Remote Control, Works with Alexa, Ideal for Pet Hair,Low-Pile Carpet, Hard Floor</p><p> -52% 0FF </p><p>$99.99</p><a href="https://www.amazon.com/dp/B0CYPVS3FF?tag=eloabder-20&linkCode=osi&th=1&psc=1">View Product</a></div><div class="product"><a href="https://www.amazon.com/dp/B09NNF5RHN?tag=eloabder-20&linkCode=osi&th=1&psc=1"><img src="https://m.media-amazon.com/images/I/41yl24NcAYL._SL500_.jpg" alt="Product Image"></a><p>roborock Q7 Max+ Robot Vacuum Cleaner, Hands-Free Cleaning for up to 7 Weeks, Robotic Vacuum with APP-Controlled Mopping, 4200Pa Suction, No-Mop&No-Go Zones, 180mins Runtime</p><p> -37% 0FF </p><p>$549.99</p><a href="https://www.amazon.com/dp/B09NNF5RHN?tag=eloabder-20&linkCode=osi&th=1&psc=1">View Product</a></div><div class="product"><a href="https://www.amazon.com/dp/B07GNDY96N?tag=eloabder-20&linkCode=osi&th=1&psc=1"><img src="https://m.media-amazon.com/images/I/41WDVdRkesL._SL500_.jpg" alt="Product Image"></a><p>ELEGOO Penguin Bot Biped Robot Kit Robotics for Kids Adults Coding for Kids 8-12 STEM Kits for Kids Ages 12-14 14-16 Boys Toys Teens Circuits Engineering Kits Compatible with Arduino</p><p> -8% 0FF </p><p>$45.99</p><a href="https://www.amazon.com/dp/B07GNDY96N?tag=eloabder-20&linkCode=osi&th=1&psc=1">View Product</a></div>
<div class="product"><a href="https://www.amazon.com/dp/B0C8GZJRMF?tag=eloabder-20&linkCode=osi&th=1&psc=1"><img src="https://m.media-amazon.com/images/I/6156CbXZ8ZL._SL500_.jpg" alt="Product Image"></a><p>Jevuta Engineer Gifts, Mechanical Engineering Gifts, Gifts For Engineers, Future Engineer Gifts, Aerospace Engineering Gifts, Graduation Gifts For Engineers, Retirement Gift For Engineer Tumbler 20oz</p><p> -12% 0FF </p><p>$21.99</p><a href="https://www.amazon.com/dp/B0C8GZJRMF?tag=eloabder-20&linkCode=osi&th=1&psc=1">View Product</a></div><div class="product"><a href="https://www.amazon.com/dp/B06XXZ19HX?tag=eloabder-20&linkCode=osi&th=1&psc=1"><img src="https://m.media-amazon.com/images/I/41QRwC6XcmL._SL500_.jpg" alt="Product Image"></a><p>Komelon 52425IE; 25' x 1.06" Powerblade II" Engineer Tape Measure; Yellow/Black</p><p> -10% 0FF </p><p>$13.51</p><a href="https://www.amazon.com/dp/B06XXZ19HX?tag=eloabder-20&linkCode=osi&th=1&psc=1">View Product</a></div><div class="product"><a href="https://www.amazon.com/dp/B00002N5LW?tag=eloabder-20&linkCode=osi&th=1&psc=1"><img src="https://m.media-amazon.com/images/I/41S2-EUZhgL._SL500_.jpg" alt="Product Image"></a><p>Crescent Lufkin 5/8" X 6' Red End¬Æ Engineer's Scale Wood Rule - 1066DN , White</p><p> -40% 0FF </p><p>$14.50</p><a href="https://www.amazon.com/dp/B00002N5LW?tag=eloabder-20&linkCode=osi&th=1&psc=1">View Product</a></div><div class="product"><a href="https://www.amazon.com/dp/B002MJMXD4?tag=eloabder-20&linkCode=osi&th=1&psc=1"><img src="https://m.media-amazon.com/images/I/31ZLLX+aOwL._SL500_.jpg" alt="Product Image"></a><p>ENGINEER Engineer Solder Suction Device SS-02</p><p> -25% 0FF </p><p>$19.56</p><a href="https://www.amazon.com/dp/B002MJMXD4?tag=eloabder-20&linkCode=osi&th=1&psc=1">View Product</a></div><div class="product"><a href="https://www.amazon.com/dp/B0BYD7H5PZ?tag=eloabder-20&linkCode=osi&th=1&psc=1"><img src="https://m.media-amazon.com/images/I/513DsoLDRFL._SL500_.jpg" alt="Product Image"></a><p>JERIO Engineer Gifts for Men,Engineer Coffee Tumbler Nutrition Facts - Funny Birthday,Graduation,Fathers Day,Christmas Gift Idea for Mechanical, Electrical, Civil, Science, Computer Programmer</p><p> -50% 0FF </p><p>$10.99</p><a href="https://www.amazon.com/dp/B0BYD7H5PZ?tag=eloabder-20&linkCode=osi&th=1&psc=1">View Product</a></div>
<div class="product"><a href="https://www.amazon.com/dp/B0D8HQJDT5?tag=eloabder-20&linkCode=osi&th=1&psc=1"><img src="https://m.media-amazon.com/images/I/41vCRs7ecqL._SL500_.jpg" alt="Product Image"></a><p>Amzany Bed Vacuum Cleaner - 5-in-1 Cordless Mattress Vacuum Cleaner, Powered by UV-C Light & Ultrasonic Technology, 16Kpa Strong Suction,Low Noise,Suitable for Dust, Pet Hair, Etc - Grey</p><p> -38% 0FF </p><p>$79.99</p><a href="https://www.amazon.com/dp/B0D8HQJDT5?tag=eloabder-20&linkCode=osi&th=1&psc=1">View Product</a></div><div class="product"><a href="https://www.amazon.com/dp/B081RJ8DW1?tag=eloabder-20&linkCode=osi&th=1&psc=1"><img src="https://m.media-amazon.com/images/I/41XdbpXmFvL._SL500_.jpg" alt="Product Image"></a><p>Gskyer Telescope, 70mm Aperture 400mm AZ Mount Astronomical Refracting Telescope for Kids Beginners - Travel Telescope with Carry Bag, Phone Adapter and Wireless Remote.</p><p> -33% 0FF </p><p>$86.99</p><a href="https://www.amazon.com/dp/B081RJ8DW1?tag=eloabder-20&linkCode=osi&th=1&psc=1">View Product</a></div><div class="product"><a href="https://www.amazon.com/dp/B008HOSQQQ?tag=eloabder-20&linkCode=osi&th=1&psc=1"><img src="https://m.media-amazon.com/images/I/31eIm02e4iL._SL500_.jpg" alt="Product Image"></a><p>Refrigeration Technologies RT201B Nylog Gasket/Thread Sealant, 30 ml (1 Pack)</p><p> -55% 0FF </p><p>$8.99</p><a href="https://www.amazon.com/dp/B008HOSQQQ?tag=eloabder-20&linkCode=osi&th=1&psc=1">View Product</a></div><div class="product"><a href="https://www.amazon.com/dp/B00UZ1WWUK?tag=eloabder-20&linkCode=osi&th=1&psc=1"><img src="https://m.media-amazon.com/images/I/318bhhXmhBL._SL500_.jpg" alt="Product Image"></a><p>BW Technologies Corded Electric BWC2-H BW Clip Single Gas H2S Monitor, 10/15 (1 Pack)</p><p> -34% 0FF </p><p>$91.14</p><a href="https://www.amazon.com/dp/B00UZ1WWUK?tag=eloabder-20&linkCode=osi&th=1&psc=1">View Product</a></div><div class="product"><a href="https://www.amazon.com/dp/B007885Y3K?tag=eloabder-20&linkCode=osi&th=1&psc=1"><img src="https://m.media-amazon.com/images/I/41Uh4TbGoGL._SL500_.jpg" alt="Product Image"></a><p>Safety Technology International, Inc. STI-13010FR Universal Stopper¬Æ, Flush Mount and Fire label, Indoor/Outdoor Protective Polycarbonate Cover for Pull Stations or Call Points, Red</p><p> -32% 0FF </p><p>$40.29</p><a href="https://www.amazon.com/dp/B007885Y3K?tag=eloabder-20&linkCode=osi&th=1&psc=1">View Product</a></div><div class="product"><a href="https://www.amazon.com/dp/B000FTADX0?tag=eloabder-20&linkCode=osi&th=1&psc=1"><img src="https://m.media-amazon.com/images/I/31HT3jGR4YL._SL500_.jpg" alt="Product Image"></a><p>Fluke Networks 26000900 Pro3000 Tone Generator and Probe Kit with SmartTone Technology, Blue</p><p> -37% 0FF </p><p>$88.48</p><a href="https://www.amazon.com/dp/B000FTADX0?tag=eloabder-20&linkCode=osi&th=1&psc=1">View Product</a></div>
<div class="product"><a href="https://www.amazon.com/dp/B0CN6F2GBN?tag=eloabder-20&linkCode=osi&th=1&psc=1"><img src="https://m.media-amazon.com/images/I/314BZ1QOH0L._SL500_.jpg" alt="Product Image"></a><p>Listerine Clinical Solutions Gum Health Antiseptic Mouthwash, Antigingivitis & Antiplaque Oral Rinse Helps Prevent Buildup & Immediately Kills Germs for Healthier Gums, ICY Mint, 1 L</p><p> -11% 0FF </p><p>$11.97 ($0.35 / Fl Oz)</p><a href="https://www.amazon.com/dp/B0CN6F2GBN?tag=eloabder-20&linkCode=osi&th=1&psc=1">View Product</a></div><div class="product"><a href="https://www.amazon.com/dp/B00WIMUVU2?tag=eloabder-20&linkCode=osi&th=1&psc=1"><img src="https://m.media-amazon.com/images/I/41ZdoGErSaL._SL500_.jpg" alt="Product Image"></a><p>Carpet Miracle - Carpet Cleaner Shampoo Solution for Machine Use, Deep Stain Remover and Odor Deodorizing Formula, Use On Rug Car Upholstery and Carpets (32FL OZ)</p><p> -23% 0FF </p><p>$19.99 ($0.62 / Fl Oz)</p><a href="https://www.amazon.com/dp/B00WIMUVU2?tag=eloabder-20&linkCode=osi&th=1&psc=1">View Product</a></div><div class="product"><a href="https://www.amazon.com/dp/B002C2O5EQ?tag=eloabder-20&linkCode=osi&th=1&psc=1"><img src="https://m.media-amazon.com/images/I/412RaKelAmL._SL500_.jpg" alt="Product Image"></a><p>Betadine Antiseptic Liquid First Aid Solution, Povidone-iodine 10%, Infection Protection, Kills Germs In Minor Cuts Scrapes And Burns, No Sting Promise, No Alcohol or Hydrogen Peroxide, 8 FL OZ</p><p> -24% 0FF </p><p>$13.29 ($1.66 / Fl Oz)</p><a href="https://www.amazon.com/dp/B002C2O5EQ?tag=eloabder-20&linkCode=osi&th=1&psc=1">View Product</a></div>

<div class="product"><a href="https://www.amazon.com/dp/B005LJ8EXU?tag=eloabder-20&linkCode=osi&th=1&psc=1"><img src="https://m.media-amazon.com/images/I/51y1lIaCqZL._SL500_.jpg" alt="Product Image"></a><p>iSpring RCC7AK, NSF Certified 75 GPD, Alkaline 6-Stage Reverse Osmosis System, pH+ Remineralization RO Water Filter System Under Sink, Superb Taste Drinking Water Filter</p><p> -33% 0FF </p><p>$186.14</p><a href="https://www.amazon.com/dp/B005LJ8EXU?tag=eloabder-20&linkCode=osi&th=1&psc=1">View Product</a></div><div class="product"><a href="https://www.amazon.com/dp/B00I0ZGOZM?tag=eloabder-20&linkCode=osi&th=1&psc=1"><img src="https://m.media-amazon.com/images/I/419oT125q0L._SL500_.jpg" alt="Product Image"></a><p>APEC Water Systems ROES-50 Essence Series Top Tier 5-Stage WQA Certified Ultra Safe Reverse Osmosis Drinking Water Filter System</p><p> -7% 0FF </p><p>$185.00</p><a href="https://www.amazon.com/dp/B00I0ZGOZM?tag=eloabder-20&linkCode=osi&th=1&psc=1">View Product</a></div><div class="product"><a href="https://www.amazon.com/dp/B00J2DGTD8?tag=eloabder-20&linkCode=osi&th=1&psc=1"><img src="https://m.media-amazon.com/images/I/51a5ku-MyBL._SL500_.jpg" alt="Product Image"></a><p>Express Water RO5DX Reverse Osmosis Filtration NSF Certified 5 Stage RO System with Faucet and Tank ‚Äì Under Sink Water Plus 4 Filters ‚Äì 50 GPD, 14 x 17 x 5, White</p><p> -21% 0FF </p><p>$157.48</p><a href="https://www.amazon.com/dp/B00J2DGTD8?tag=eloabder-20&linkCode=osi&th=1&psc=1">View Product</a></div><div class="product"><a href="https://www.amazon.com/dp/B01F9A4UVU?tag=eloabder-20&linkCode=osi&th=1&psc=1"><img src="https://m.media-amazon.com/images/I/41UItWTKFsS._SL500_.jpg" alt="Product Image"></a><p>iSpring WGB21B 2-Stage Whole House Water Filtration System, with 10" x 4.5" Sediment CTO(Chlorine, Taste, and Odor) Filter, 1" Inlet/Outlet</p><p> -30% 0FF </p><p>$127.49</p><a href="https://www.amazon.com/dp/B01F9A4UVU?tag=eloabder-20&linkCode=osi&th=1&psc=1">View Product</a></div><div class="product"><a href="https://www.amazon.com/dp/B07Y42RD9T?tag=eloabder-20&linkCode=osi&th=1&psc=1"><img src="https://m.media-amazon.com/images/I/219MeTcyMBL._SL500_.jpg" alt="Product Image"></a><p>Bard Medical PWF030 Purewick Female External Catheter, Latex, Pack of 30</p><p> -6% 0FF </p><p>$206.00 ($6.87 / Count)</p><a href="https://www.amazon.com/dp/B07Y42RD9T?tag=eloabder-20&linkCode=osi&th=1&psc=1">View Product</a></div><div class="product"><a href="https://www.amazon.com/dp/B00HRHHFPW?tag=eloabder-20&linkCode=osi&th=1&psc=1"><img src="https://m.media-amazon.com/images/I/51ykZ8b1GwL._SL500_.jpg" alt="Product Image"></a><p>APEC Water Systems RO-90 Ultimate Series Top Tier Supreme Certified High Output 90 GPD Ultra Safe Reverse Osmosis Drinking Water Filter System, Chrome Faucet</p><p> -15% 0FF </p><p>$191.55</p><a href="https://www.amazon.com/dp/B00HRHHFPW?tag=eloabder-20&linkCode=osi&th=1&psc=1">View Product</a></div>
<div class="product"><a href="https://www.amazon.com/dp/B00HKAJ018?tag=eloabder-20&linkCode=osi&th=1&psc=1"><img src="https://m.media-amazon.com/images/I/31cVzL2O1zL._SL500_.jpg" alt="Product Image"></a><p>SmartSign 25 x 12 inch ‚ÄúCaution - Maintenance Work In Progress‚Äù Two-Sided Folding Floor Sign, Digitally Printed Polypropylene Plastic, Black and Yellow</p><p> -11% 0FF </p><p>$36.95</p><a href="https://www.amazon.com/dp/B00HKAJ018?tag=eloabder-20&linkCode=osi&th=1&psc=1">View Product</a></div><div class="product"><a href="https://www.amazon.com/dp/B00HSJ4YLW?tag=eloabder-20&linkCode=osi&th=1&psc=1"><img src="https://m.media-amazon.com/images/I/41mCVFnsRpL._SL500_.jpg" alt="Product Image"></a><p>Accuform TAD847 Standard Door Knob Hanger Tag, Legend"Maintenance Employee Inside", 9" Length x 4" Width x 0.015" Thickness, RP-Plastic, Black on Yellow (Pack of 10)</p><p> -24% 0FF </p><p>$27.69 ($2.77 / Count)</p><a href="https://www.amazon.com/dp/B00HSJ4YLW?tag=eloabder-20&linkCode=osi&th=1&psc=1">View Product</a></div><div class="product"><a href="https://www.amazon.com/dp/B00700N1IQ?tag=eloabder-20&linkCode=osi&th=1&psc=1"><img src="https://m.media-amazon.com/images/I/511bcg+-z2L._SL500_.jpg" alt="Product Image"></a><p>NMC RA15RB Security Sign, Legend "RESTRICTED AREA - MAINTENANCE PERSONNEL ONLY", 14" Length x 10" Height, Rigid Plastic, Black/Red on White</p><p> -11% 0FF </p><p>$13.31</p><a href="https://www.amazon.com/dp/B00700N1IQ?tag=eloabder-20&linkCode=osi&th=1&psc=1">View Product</a></div>
<div class="product"><a href="https://www.amazon.com/dp/B0BKKTFWJK?tag=eloabder-20&linkCode=osi&th=1&psc=1"><img src="https://m.media-amazon.com/images/I/41cvC72AHeL._SL500_.jpg" alt="Product Image"></a><p>AceMining Upgraded Door Security Bar & Sliding Patio Bar, Heavy Duty Stoppers Adjustable Jammer for Home, Apartment, Travel (1 Pack,White)</p><p> -17% 0FF </p><p>$23.99</p><a href="https://www.amazon.com/dp/B0BKKTFWJK?tag=eloabder-20&linkCode=osi&th=1&psc=1">View Product</a></div><div class="product"><a href="https://www.amazon.com/dp/B01LDPHXD2?tag=eloabder-20&linkCode=osi&th=1&psc=1"><img src="https://m.media-amazon.com/images/I/41pcC4hFanL._SL500_.jpg" alt="Product Image"></a><p>Ergodyne Unisex Adult Hi Vis Safety GloWear 8377 Type R Class 3 Lime Quilted Bomber Jacket, Large, Lime, Large US</p><p> -34% 0FF </p><p>$34.99</p><a href="https://www.amazon.com/dp/B01LDPHXD2?tag=eloabder-20&linkCode=osi&th=1&psc=1">View Product</a></div><div class="product"><a href="https://www.amazon.com/dp/B0B7KTV8Q8?tag=eloabder-20&linkCode=osi&th=1&psc=1"><img src="https://m.media-amazon.com/images/I/417c5VIfBtL._SL500_.jpg" alt="Product Image"></a><p>RoadHero 18 Inch 4 Pack Collapsible Traffic Safety Cones, Multi Purpose Pop-up Cones with Reflective Collar for Road Safety, Orange Cones for Driving Training, Parking Lots</p><p> -18% 0FF </p><p>$23.65</p><a href="https://www.amazon.com/dp/B0B7KTV8Q8?tag=eloabder-20&linkCode=osi&th=1&psc=1">View Product</a></div>
<div class="product"><a href="https://www.amazon.com/dp/B000GISU1M?tag=eloabder-20&linkCode=osi&th=1&psc=1"><img src="https://m.media-amazon.com/images/I/41YAvhdmLIL._SL500_.jpg" alt="Product Image"></a><p>Optimum Nutrition Gold Standard 100% Whey Protein Powder, Vanilla Ice Creme, 5 Pound (Packaging May Vary)</p><p> -5% 0FF </p><p>$82.06 ($1.03 / Ounce)</p><a href="https://www.amazon.com/dp/B000GISU1M?tag=eloabder-20&linkCode=osi&th=1&psc=1">View Product</a></div><div class="product"><a href="https://www.amazon.com/dp/B084JHKFCW?tag=eloabder-20&linkCode=osi&th=1&psc=1"><img src="https://m.media-amazon.com/images/I/31wQjwQJR2L._SL500_.jpg" alt="Product Image"></a><p>American Standard 5503A00B.020 Slow Elongated Closed Front Toilet Seat, White</p><p> -42% 0FF </p><p>$32.96</p><a href="https://www.amazon.com/dp/B084JHKFCW?tag=eloabder-20&linkCode=osi&th=1&psc=1">View Product</a></div><div class="product"><a href="https://www.amazon.com/dp/B0CYZJM8PZ?tag=eloabder-20&linkCode=osi&th=1&psc=1"><img src="https://m.media-amazon.com/images/I/41d-M4+HpuL._SL500_.jpg" alt="Product Image"></a><p>DEGNJU LED Light Bulbs Daylight 5000K, 60 Watt Equivalent LED Bulbs, A19 Standard Bulbs, 800 LM, 15000 Hours, E26 Base, Non-Dimmable, 8.5W LED Bulbs for Bedroom Living Room 12 Pack</p><p> -27% 0FF </p><p>$17.99 ($1.50 / Count)</p><a href="https://www.amazon.com/dp/B0CYZJM8PZ?tag=eloabder-20&linkCode=osi&th=1&psc=1">View Product</a></div><div class="product"><a href="https://www.amazon.com/dp/B0CHYK75D4?tag=eloabder-20&linkCode=osi&th=1&psc=1"><img src="https://m.media-amazon.com/images/I/51DjecU3ILL._SL500_.jpg" alt="Product Image"></a><p>30-Piece Ultimate All-Purpose Combination Wrench Set in Roll-up Pouch | SAE 1/4‚Äù to 1‚Äù, Metric 6mm to 24mm | Best Value Complete Wrench Set for General Household, Garage, Truck, Car, Travel Emergency</p><p> -18% 0FF </p><p>$32.99</p><a href="https://www.amazon.com/dp/B0CHYK75D4?tag=eloabder-20&linkCode=osi&th=1&psc=1">View Product</a></div><div class="product"><a href="https://www.amazon.com/dp/B0D3XK7Z4J?tag=eloabder-20&linkCode=osi&th=1&psc=1"><img src="https://m.media-amazon.com/images/I/41wMwgcLSxL._SL500_.jpg" alt="Product Image"></a><p>Miucoguier Thread Checker - 28 Nut & Bolt Thread Checker, Bolt Size and Thread Gauge 14 Standard and 14 Metric Sizes, Bolt and Nut Identifier Gauge for Easy Verifying Sizing</p><p> -21% 0FF </p><p>$22.99</p><a href="https://www.amazon.com/dp/B0D3XK7Z4J?tag=eloabder-20&linkCode=osi&th=1&psc=1">View Product</a></div><div class="product"><a href="https://www.amazon.com/dp/B0CL1WBXG6?tag=eloabder-20&linkCode=osi&th=1&psc=1"><img src="https://m.media-amazon.com/images/I/51lHAQ830tL._SL500_.jpg" alt="Product Image"></a><p>GRENPRO Ratcheting Wrench Set, Combination Wrench Set, 22-Piece SAE & Metric and Standard, 72-Tooth Long Open End, 1/4" to 3/4" & 6-18mm, Organizer With Roll Up Pouch, CR-V Steel, Mechanic Tools Sets</p><p> -16% 0FF </p><p>$51.99 ($0.49 / Ounce)</p><a href="https://www.amazon.com/dp/B0CL1WBXG6?tag=eloabder-20&linkCode=osi&th=1&psc=1">View Product</a></div>

<div class="product"><a href="https://www.amazon.com/dp/B0D5V4PM1L?tag=eloabder-20&linkCode=osi&th=1&psc=1"><img src="https://m.media-amazon.com/images/I/51lbOWv6lZL._SL500_.jpg" alt="Product Image"></a><p>2025 Florida State and Federal Labor Laws Poster - OSHA Compliant UV Waterproof Laminated 24" x 36" English and Spanish Version 2PCS Folded - All in One Compliance Posting</p><p> -20% 0FF </p><p>$19.99</p><a href="https://www.amazon.com/dp/B0D5V4PM1L?tag=eloabder-20&linkCode=osi&th=1&psc=1">View Product</a></div>
<div class="product"><a href="https://www.amazon.com/dp/B0CFF8Z1NF?tag=eloabder-20&linkCode=osi&th=1&psc=1"><img src="https://m.media-amazon.com/images/I/41bDsv2AHdL._SL500_.jpg" alt="Product Image"></a><p>Endoscope Camera with Light - Inspection Borescope Camera with 4.3" IPS Screen, 1920P HD Snake Camera with 8 LED Lights, 16.4FT Semi-Rigid Cord Bore Scope, IP67 Waterproof Endoscope for Sewer(Orange)</p><p> -34% 0FF </p><p>$32.98</p><a href="https://www.amazon.com/dp/B0CFF8Z1NF?tag=eloabder-20&linkCode=osi&th=1&psc=1">View Product</a></div><div class="product"><a href="https://www.amazon.com/dp/B01D4QMUVI?tag=eloabder-20&linkCode=osi&th=1&psc=1"><img src="https://m.media-amazon.com/images/I/31UUBvi72zL._SL500_.jpg" alt="Product Image"></a><p>Optional life Telescoping LED Lighted Flexible Inspection Mirror 360 Swivel for Extra Viewing</p><p> -10% 0FF </p><p>$8.99</p><a href="https://www.amazon.com/dp/B01D4QMUVI?tag=eloabder-20&linkCode=osi&th=1&psc=1">View Product</a></div><div class="product"><a href="https://www.amazon.com/dp/B07HX76VM9?tag=eloabder-20&linkCode=osi&th=1&psc=1"><img src="https://m.media-amazon.com/images/I/31lU0HeUxnL._SL500_.jpg" alt="Product Image"></a><p>Juvale 2 Pack Telescoping Inspection Mirror Tool, Round 2-Inch Mirror with 24.5-Inch Extension for Mechanics, Inspectors</p><p> -38% 0FF </p><p>$7.99</p><a href="https://www.amazon.com/dp/B07HX76VM9?tag=eloabder-20&linkCode=osi&th=1&psc=1">View Product</a></div><div class="product"><a href="https://www.amazon.com/dp/B0BR7MKHF9?tag=eloabder-20&linkCode=osi&th=1&psc=1"><img src="https://m.media-amazon.com/images/I/41Oa1v7l6NL._SL500_.jpg" alt="Product Image"></a><p>Endoscope Camera with Light, 1920P HD Borescope Tools with 8 Adjustable LED Lights, Endoscope with 16.4ft Semi-Rigid Snake Camera, 7.9mm IP67 Waterproof Inspection Camera for iOS (Black)</p><p> -48% 0FF </p><p>$30.99</p><a href="https://www.amazon.com/dp/B0BR7MKHF9?tag=eloabder-20&linkCode=osi&th=1&psc=1">View Product</a></div><div class="product"><a href="https://www.amazon.com/dp/B09FK5QFTR?tag=eloabder-20&linkCode=osi&th=1&psc=1"><img src="https://m.media-amazon.com/images/I/41hfMwNfTWL._SL500_.jpg" alt="Product Image"></a><p>Telescoping Magnetic Pickup Tool Set-Extendable Magnet Flashlight with Inspection Mirror-Cool Gadgets Gifts Idea & Birthday Gifts for Father, Men, Him, Boyfriend, Husband, Handyman, Mechanic</p><p> -22% 0FF </p><p>$27.99</p><a href="https://www.amazon.com/dp/B09FK5QFTR?tag=eloabder-20&linkCode=osi&th=1&psc=1">View Product</a></div>
<div class="product"><a href="https://www.amazon.com/dp/B09KZ6TBNY?tag=eloabder-20&linkCode=osi&th=1&psc=1"><img src="https://m.media-amazon.com/images/I/41oPbadBuQL._SL500_.jpg" alt="Product Image"></a><p>iHealth COVID-19 Antigen Rapid Test, 1 Pack, 2 Tests Total, FDA EUA Authorized OTC at-Home Self Test, Results in 15 Minutes with Non-invasive Nasal Swab, Easy to Use & No Discomfort</p><p> -13% 0FF </p><p>$15.69 ($7.84 / Count)</p><a href="https://www.amazon.com/dp/B09KZ6TBNY?tag=eloabder-20&linkCode=osi&th=1&psc=1">View Product</a></div><div class="product"><a href="https://www.amazon.com/dp/B0C3SR4BNC?tag=eloabder-20&linkCode=osi&th=1&psc=1"><img src="https://m.media-amazon.com/images/I/41vH7tiKQaL._SL500_.jpg" alt="Product Image"></a><p>BinaxNOW COVID-19 Antigen Self Test, 1 Pack, 4 Tests Total, COVID Test With 15-Minute Results Without Sending to a Lab, Easy to Use at Home</p><p> -9% 0FF </p><p>$28.88 ($7.22 / Count)</p><a href="https://www.amazon.com/dp/B0C3SR4BNC?tag=eloabder-20&linkCode=osi&th=1&psc=1">View Product</a></div><div class="product"><a href="https://www.amazon.com/dp/B09PZS1N44?tag=eloabder-20&linkCode=osi&th=1&psc=1"><img src="https://m.media-amazon.com/images/I/418W+HhY5PL._SL500_.jpg" alt="Product Image"></a><p>Flowflex COVID-19 Antigen Home Test kit, 1 Pack, 5 Tests Total. FDA EUA Authorized OTC at-Home Self-Test, Non-invasive Nasal Swab, Easy to Use and No Discomfort, Results in 15 Minutes</p><p> -20% 0FF </p><p>$31.99 ($6.40 / Count)</p><a href="https://www.amazon.com/dp/B09PZS1N44?tag=eloabder-20&linkCode=osi&th=1&psc=1">View Product</a></div><div class="product"><a href="https://www.amazon.com/dp/B0D2DQBJS2?tag=eloabder-20&linkCode=osi&th=1&psc=1"><img src="https://m.media-amazon.com/images/I/51PHwjjreKL._SL500_.jpg" alt="Product Image"></a><p>CorDx TyFast Flu A/B & Covid-19 Multiplex Rapid Test, 10 Mins at Home, FDA Authorized, 3-in-1 Combo Kit, 2 Tests</p><p> -29% 0FF </p><p>$21.21</p><a href="https://www.amazon.com/dp/B0D2DQBJS2?tag=eloabder-20&linkCode=osi&th=1&psc=1">View Product</a></div><div class="product"><a href="https://www.amazon.com/dp/B07CF8C4VX?tag=eloabder-20&linkCode=osi&th=1&psc=1"><img src="https://m.media-amazon.com/images/I/51brLSHm6vL._SL500_.jpg" alt="Product Image"></a><p>CONTOUR NEXT Blood Glucose Test Strips for Diabetes, 70 Count (Pack of 1)</p><p> -17% 0FF </p><p>$26.58 ($0.38 / Count)</p><a href="https://www.amazon.com/dp/B07CF8C4VX?tag=eloabder-20&linkCode=osi&th=1&psc=1">View Product</a></div>
<div class="product"><a href="https://www.amazon.com/dp/B01LYBYFTJ?tag=eloabder-20&linkCode=osi&th=1&psc=1"><img src="https://m.media-amazon.com/images/I/518DrPFcK0L._SL500_.jpg" alt="Product Image"></a><p>Accuform MQTL707VP Plastic Sign, "Quality Control Inspection Area", 10" Length x 14" Width x 0.055" Thickness, Green/Black on White</p><p> -7% 0FF </p><p>$12.72</p><a href="https://www.amazon.com/dp/B01LYBYFTJ?tag=eloabder-20&linkCode=osi&th=1&psc=1">View Product</a></div><div class="product"><a href="https://www.amazon.com/dp/B08HQMBQ79?tag=eloabder-20&linkCode=osi&th=1&psc=1"><img src="https://m.media-amazon.com/images/I/41eP15ePWkL._SL500_.jpg" alt="Product Image"></a><p>CO2 Controller Carbon Dioxide Controller Air Quality Monitor CO2 Meter with Day and Night Control Relay Function, NDIR Sensor Probe Cable, CO2 Detector for Plant, Grow Room, Green House, Garden, Home</p><p> -13% 0FF </p><p>$139.59</p><a href="https://www.amazon.com/dp/B08HQMBQ79?tag=eloabder-20&linkCode=osi&th=1&psc=1">View Product</a></div><div class="product"><a href="https://www.amazon.com/dp/B0CPBKHZNC?tag=eloabder-20&linkCode=osi&th=1&psc=1"><img src="https://m.media-amazon.com/images/I/51jPs5y3CJL._SL500_.jpg" alt="Product Image"></a><p>IUYPKQ Steel Wool for Mice Control - 2 Pack of 3"√ó10Ft Steel Wool, Gap Filter for House & Garage - Keep Mice Away from HolesÔºåSidingÔºåPipelineÔºåVents in Garden, House, 7.04oz (2, 100g)</p><p> -18% 0FF </p><p>$8.20</p><a href="https://www.amazon.com/dp/B0CPBKHZNC?tag=eloabder-20&linkCode=osi&th=1&psc=1">View Product</a></div>

<div class="product"><a href="https://www.amazon.com/dp/B084F3YQMH?tag=eloabder-20&linkCode=osi&th=1&psc=1"><img src="https://m.media-amazon.com/images/I/51XzXeJ5EHS._SL500_.jpg" alt="Product Image"></a><p>Ultrasac Blue Recycling Bags 33 Gallon 0.9 MIL, 33.5" x 38" - Pack of 45 - For Recycling, Kitchen, Industrial, & Commercial</p><p> -37% 0FF </p><p>$15.06 ($0.33 / Count)</p><a href="https://www.amazon.com/dp/B084F3YQMH?tag=eloabder-20&linkCode=osi&th=1&psc=1">View Product</a></div>
<div class="product"><a href="https://www.amazon.com/dp/B09RY35M4S?tag=eloabder-20&linkCode=osi&th=1&psc=1"><img src="https://m.media-amazon.com/images/I/41wjzxrudGL._SL500_.jpg" alt="Product Image"></a><p>Kleenex Lotion Facial Tissues with Coconut Oil, 3 Flat Boxes, 120 Tissues Per Box, 3-Ply</p><p> -9% 0FF </p><p>$5.24 ($1.46 / 100 Sheets)</p><a href="https://www.amazon.com/dp/B09RY35M4S?tag=eloabder-20&linkCode=osi&th=1&psc=1">View Product</a></div><div class="product"><a href="https://www.amazon.com/dp/B09M5XF6JV?tag=eloabder-20&linkCode=osi&th=1&psc=1"><img src="https://m.media-amazon.com/images/I/410w59XOeaL._SL500_.jpg" alt="Product Image"></a><p>Kleenex Ultra Soft Facial Tissues, 4 Cube Boxes, 60 Tissues per Box, 3-Ply (240 Total Tissues), Packaging May Vary</p><p> -12% 0FF </p><p>$6.58 ($2.74 / 100 Sheets)</p><a href="https://www.amazon.com/dp/B09M5XF6JV?tag=eloabder-20&linkCode=osi&th=1&psc=1">View Product</a></div><div class="product"><a href="https://www.amazon.com/dp/B09YKRZR22?tag=eloabder-20&linkCode=osi&th=1&psc=1"><img src="https://m.media-amazon.com/images/I/413kbNG2YCL._SL500_.jpg" alt="Product Image"></a><p>Puffs Plus Lotion Facial Tissues, 8 Family Boxes, 124 Facial Tissues per Box, Allergies and Colds</p><p> -26% 0FF </p><p>$13.28 ($1.34 / 100 Sheets)</p><a href="https://www.amazon.com/dp/B09YKRZR22?tag=eloabder-20&linkCode=osi&th=1&psc=1">View Product</a></div>
<div class="product"><a href="https://www.amazon.com/dp/B0CMTR8NFM?tag=eloabder-20&linkCode=osi&th=1&psc=1"><img src="https://m.media-amazon.com/images/I/418XJgVkJIL._SL500_.jpg" alt="Product Image"></a><p>dalattin 12 Pack A19 LED Bulbs, 9W Equivalent 60 Watts, E26 Base, 5000K Daylight White, 800 LM, Efficient Energy Saving Lights for Living Room, Office, 80+ CRI, 120V, UL Listed</p><p> -6% 0FF </p><p>$15.99 ($1.33 / Count)</p><a href="https://www.amazon.com/dp/B0CMTR8NFM?tag=eloabder-20&linkCode=osi&th=1&psc=1">View Product</a></div><div class="product"><a href="https://www.amazon.com/dp/B0CZHCZ5TL?tag=eloabder-20&linkCode=osi&th=1&psc=1"><img src="https://m.media-amazon.com/images/I/31iJMTbdOTL._SL500_.jpg" alt="Product Image"></a><p>TP-Link Tapo Smart Plug Compatible with Alexa, Google Home & Samsung SmartThings, Energy Monitoring, 15A, ETL Certified, 2.4G Wi-Fi Only, Tapo P110, White</p><p> -27% 0FF </p><p>$10.99</p><a href="https://www.amazon.com/dp/B0CZHCZ5TL?tag=eloabder-20&linkCode=osi&th=1&psc=1">View Product</a></div><div class="product"><a href="https://www.amazon.com/dp/B0CCB442CF?tag=eloabder-20&linkCode=osi&th=1&psc=1"><img src="https://m.media-amazon.com/images/I/31oVkQ9gShL._SL500_.jpg" alt="Product Image"></a><p>DEGNJU A19 LED Light Bulbs, 60 Watt Equivalent LED Bulbs, Soft White 2700K, 800 Lumens, E26 Standard Base, Non-Dimmable, 8.5W Warm White LED Bulbs for Bedroom Living Room, 3 Pack</p><p> -33% 0FF </p><p>$7.98 ($2.66 / Count)</p><a href="https://www.amazon.com/dp/B0CCB442CF?tag=eloabder-20&linkCode=osi&th=1&psc=1">View Product</a></div>
<div class="product"><a href="https://www.amazon.com/dp/B08NX1XYBN?tag=eloabder-20&linkCode=osi&th=1&psc=1"><img src="https://m.media-amazon.com/images/I/51lfim+ZIRL._SL500_.jpg" alt="Product Image"></a><p>DIYSELF 2Pack Utility Knife Box Cutter Retractable Blade Heavy Duty(Red)</p><p> -38% 0FF </p><p>$7.99 ($4.00 / Count)</p><a href="https://www.amazon.com/dp/B08NX1XYBN?tag=eloabder-20&linkCode=osi&th=1&psc=1">View Product</a></div><div class="product"><a href="https://www.amazon.com/dp/B08HCW4V4G?tag=eloabder-20&linkCode=osi&th=1&psc=1"><img src="https://m.media-amazon.com/images/I/51A4GvNLy1S._SL500_.jpg" alt="Product Image"></a><p>HORUSDY 4-Pack Box Cutter Utility Knife, Heavy Duty Aluminum Shell Retractable Box Cutter for Cardboard, Boxes and Cartons, Extra 10 Blades.</p><p> -23% 0FF </p><p>$9.99 ($2.50 / Count)</p><a href="https://www.amazon.com/dp/B08HCW4V4G?tag=eloabder-20&linkCode=osi&th=1&psc=1">View Product</a></div><div class="product"><a href="https://www.amazon.com/dp/B097SXK3FG?tag=eloabder-20&linkCode=osi&th=1&psc=1"><img src="https://m.media-amazon.com/images/I/41QvJkjjQuL._SL500_.jpg" alt="Product Image"></a><p>WORKPRO Premium Utility Knife, Retractable All Metal Heavy Duty Box Cutter, Quick Change Blade Razor Knife, with 10 Extra Blades</p><p> -25% 0FF </p><p>$8.99</p><a href="https://www.amazon.com/dp/B097SXK3FG?tag=eloabder-20&linkCode=osi&th=1&psc=1">View Product</a></div><div class="product"><a href="https://www.amazon.com/dp/B01M27QHE2?tag=eloabder-20&linkCode=osi&th=1&psc=1"><img src="https://m.media-amazon.com/images/I/51ULro8xW3L._SL500_.jpg" alt="Product Image"></a><p>INTERNET'S BEST Premium Utility Knife Set | Retractable Box Cutter with Rubber Handle | Heavy-Duty Cutting for Cardboard, Carpet, Plastic | Retractable Blade | Includes 2 Razor Knives & Extra Blades</p><p> -25% 0FF </p><p>$14.99</p><a href="https://www.amazon.com/dp/B01M27QHE2?tag=eloabder-20&linkCode=osi&th=1&psc=1">View Product</a></div><div class="product"><a href="https://www.amazon.com/dp/B09JYJLQXF?tag=eloabder-20&linkCode=osi&th=1&psc=1"><img src="https://m.media-amazon.com/images/I/51IqddPa30L._SL500_.jpg" alt="Product Image"></a><p>M MEEPO Box Cutter, 4-Pack Tough Folding Box Cutter for Heavy Duty Purpose, Razor Sharp Blade, Comfortable Handle, with Extra 10-Piece Blades, Can cut Drywall, Sheet Plastic, Linoleum, Boxes, Rope</p><p> -31% 0FF </p><p>$10.99 ($2.75 / Count)</p><a href="https://www.amazon.com/dp/B09JYJLQXF?tag=eloabder-20&linkCode=osi&th=1&psc=1">View Product</a></div><div class="product"><a href="https://www.amazon.com/dp/B09K7SJH6X?tag=eloabder-20&linkCode=osi&th=1&psc=1"><img src="https://m.media-amazon.com/images/I/41-bwfYeYRL._SL500_.jpg" alt="Product Image"></a><p>WORKPRO Folding Utility Knife with Stainless Steel Head, Quick-change Blade & Back Lock, Wood Handle Heavy Duty Box Cutter, 1PC Razor Knife with Extra 10PC SK5 Blades</p><p> -25% 0FF </p><p>$14.99</p><a href="https://www.amazon.com/dp/B09K7SJH6X?tag=eloabder-20&linkCode=osi&th=1&psc=1">View Product</a></div><div class="product"><a href="https://www.amazon.com/dp/B07DXTP9M9?tag=eloabder-20&linkCode=osi&th=1&psc=1"><img src="https://m.media-amazon.com/images/I/51DsWoOdb2L._SL500_.jpg" alt="Product Image"></a><p>REXBETI 12-Pack Utility Knife, Retractable Box Cutter for Cartons, Cardboard and Boxes, 18mm Wider Razor Sharp Blade, Smooth Mechanism, Perfect for Office and Home use</p><p> -60% 0FF </p><p>$9.99</p><a href="https://www.amazon.com/dp/B07DXTP9M9?tag=eloabder-20&linkCode=osi&th=1&psc=1">View Product</a></div>
<div class="product"><a href="https://www.amazon.com/dp/B07P6PH5SB?tag=eloabder-20&linkCode=osi&th=1&psc=1"><img src="https://m.media-amazon.com/images/I/41h9Fp94OLL._SL500_.jpg" alt="Product Image"></a><p>3M SecureFit Safety Helmet - Climbing Style Inspired Safety Helmet with 6 Point Suspension System, Non-Vented, White, X5001-ANSI, for Construction and Heavy Infrastructure</p><p> -39% 0FF </p><p>$64.83</p><a href="https://www.amazon.com/dp/B07P6PH5SB?tag=eloabder-20&linkCode=osi&th=1&psc=1">View Product</a></div><div class="product"><a href="https://www.amazon.com/dp/B0DCVQRJCJ?tag=eloabder-20&linkCode=osi&th=1&psc=1"><img src="https://m.media-amazon.com/images/I/41bpS1WjabL._SL500_.jpg" alt="Product Image"></a><p>QYZZRS Generator Interlock Kit Compatible with Eaton Cutler Hammer 100 Amp and 125 Amp Panels Breaker,for Safe Usage of Portable Power During Outage,Professional and Interlock Kit (1)</p><p> -16% 0FF </p><p>$27.59</p><a href="https://www.amazon.com/dp/B0DCVQRJCJ?tag=eloabder-20&linkCode=osi&th=1&psc=1">View Product</a></div><div class="product"><a href="https://www.amazon.com/dp/B00C01W6DG?tag=eloabder-20&linkCode=osi&th=1&psc=1"><img src="https://m.media-amazon.com/images/I/41ajsEzhqeL._SL500_.jpg" alt="Product Image"></a><p>ICC Cat6 Riser 1000ft - UTP 23AWG, 100% Solid Pure Copper, Unshielded CMR, Bulk Ethernet Cable, PoE++, 500MHz, Reelex Pull Box, UL Certified, RoHS and TAA Compliant, Blue</p><p> -9% 0FF </p><p>$142.39</p><a href="https://www.amazon.com/dp/B00C01W6DG?tag=eloabder-20&linkCode=osi&th=1&psc=1">View Product</a></div><div class="product"><a href="https://www.amazon.com/dp/B00QXTXSKQ?tag=eloabder-20&linkCode=osi&th=1&psc=1"><img src="https://m.media-amazon.com/images/I/31dvw-xXqDL._SL500_.jpg" alt="Product Image"></a><p>MSA 10048280 Calibration Cylinder, Aluminium Gas Bottle, 34 Liter, 1.45% CH4, 15% O2, 60 PPM CO, 20 PPM H2S, Galaxy GX2 System Test Stand Compatible, Multi-Use Air Tank</p><p> -11% 0FF </p><p>$364.02</p><a href="https://www.amazon.com/dp/B00QXTXSKQ?tag=eloabder-20&linkCode=osi&th=1&psc=1">View Product</a></div><div class="product"><a href="https://www.amazon.com/dp/B016N3609W?tag=eloabder-20&linkCode=osi&th=1&psc=1"><img src="https://m.media-amazon.com/images/I/31qfvZRAQaL._SL500_.jpg" alt="Product Image"></a><p>MSA 815641 Advantage Respirator Cartridge - Iodine Vapor/P100 (GMI), Quantity: 2 per Pack, Chemical and Combination Air-Purifying Respirator Cartridge</p><p> -38% 0FF </p><p>$22.72 ($11.36 / Count)</p><a href="https://www.amazon.com/dp/B016N3609W?tag=eloabder-20&linkCode=osi&th=1&psc=1">View Product</a></div>
<div class="product"><a href="https://www.amazon.com/dp/B00JKHFR2K?tag=eloabder-20&linkCode=osi&th=1&psc=1"><img src="https://m.media-amazon.com/images/I/31-VtYKPhLL._SL500_.jpg" alt="Product Image"></a><p>Childcraft Construction Paper, 9 x 12 Inches, Assorted Colors, 500 Sheets - 1465886</p><p> -12% 0FF </p><p>$14.02 ($0.03 / Count)</p><a href="https://www.amazon.com/dp/B00JKHFR2K?tag=eloabder-20&linkCode=osi&th=1&psc=1">View Product</a></div><div class="product"><a href="https://www.amazon.com/dp/B07BPWV83H?tag=eloabder-20&linkCode=osi&th=1&psc=1"><img src="https://m.media-amazon.com/images/I/51lp+IIfd7L._SL500_.jpg" alt="Product Image"></a><p>REXBETI Knee Pads for Work, Construction Gel Knee Pads Tools, Heavy Duty Comfortable Anti-slip Foam Knee Pads for Cleaning Flooring and Garden, Strong Stretchable Straps, 1 Pair</p><p> -28% 0FF </p><p>$25.99</p><a href="https://www.amazon.com/dp/B07BPWV83H?tag=eloabder-20&linkCode=osi&th=1&psc=1">View Product</a></div><div class="product"><a href="https://www.amazon.com/dp/B0CQ755FYH?tag=eloabder-20&linkCode=osi&th=1&psc=1"><img src="https://m.media-amazon.com/images/I/41lT80YapPL._SL500_.jpg" alt="Product Image"></a><p>Laser Level with Tripod, Huepar 98Ft Self Leveling Laser Level Green Line Laser Cross Line Laser Leveler Tool for Picture Hanging, Tile, Home Renovation, Indoor Project, Battery&Carrying Bag Included</p><p> -38% 0FF </p><p>$49.99</p><a href="https://www.amazon.com/dp/B0CQ755FYH?tag=eloabder-20&linkCode=osi&th=1&psc=1">View Product</a></div><div class="product"><a href="https://www.amazon.com/dp/B09W8LBWJH?tag=eloabder-20&linkCode=osi&th=1&psc=1"><img src="https://m.media-amazon.com/images/I/4115vnIiXsL._SL500_.jpg" alt="Product Image"></a><p>Deinyi Construction Toddler Utensils - Toddler Forks and Spoons - Kids Spoon and Fork Set - Suitable for Kids Utensils - Baby Utensils, Portable Utensils Set for 1 2 3 4 5 year old Toddlers, Yellow</p><p> -37% 0FF </p><p>$11.99</p><a href="https://www.amazon.com/dp/B09W8LBWJH?tag=eloabder-20&linkCode=osi&th=1&psc=1">View Product</a></div><div class="product"><a href="https://www.amazon.com/dp/B002LARR76?tag=eloabder-20&linkCode=osi&th=1&psc=1"><img src="https://m.media-amazon.com/images/I/31K2j809lBL._SL500_.jpg" alt="Product Image"></a><p>Prang (Formerly SunWorks) Construction Paper, Brown, 9" x 12", 100 Sheets</p><p> -11% 0FF </p><p>$4.27 ($0.04 / Count)</p><a href="https://www.amazon.com/dp/B002LARR76?tag=eloabder-20&linkCode=osi&th=1&psc=1">View Product</a></div>
<div class="product"><a href="https://www.amazon.com/dp/B08GFP7PSK?tag=eloabder-20&linkCode=osi&th=1&psc=1"><img src="https://m.media-amazon.com/images/I/41gooaY8RRL._SL500_.jpg" alt="Product Image"></a><p>BESTAMTOY 36 PCS Wooden Sorting Stacking Rocks Stones,Sensory Toddler Toys Learning Montessori Toys, Building Blocks Game for Kids 3 4 5 6 Years Boy and Girl Birthday Gifts for Kids</p><p> -36% 0FF </p><p>$23.19</p><a href="https://www.amazon.com/dp/B08GFP7PSK?tag=eloabder-20&linkCode=osi&th=1&psc=1">View Product</a></div><div class="product"><a href="https://www.amazon.com/dp/B0CWVT99MF?tag=eloabder-20&linkCode=osi&th=1&psc=1"><img src="https://m.media-amazon.com/images/I/31v6b-LC5ML._SL500_.jpg" alt="Product Image"></a><p>IRWIN Quick-Lift Construction Jack, Hand Lifting Jack Tool, Multifunctional, Lift up to 10" and Lift Capacity 330 lbs (IRHT83100)</p><p> -9% 0FF </p><p>$89.99</p><a href="https://www.amazon.com/dp/B0CWVT99MF?tag=eloabder-20&linkCode=osi&th=1&psc=1">View Product</a></div><div class="product"><a href="https://www.amazon.com/dp/B0BWY4444M?tag=eloabder-20&linkCode=osi&th=1&psc=1"><img src="https://m.media-amazon.com/images/I/51esMBM0unL._SL500_.jpg" alt="Product Image"></a><p>XClifes Labor Saving Handle 2 Pack,15 In Construction Jack, Wall Tile Locator, Multi-Function Height Adjustment Lifting Device, Door Panel Lifting Cabinet Jack,Raised 10 in,Dynamic Load 470 LB</p><p> -69% 0FF </p><p>$43.99</p><a href="https://www.amazon.com/dp/B0BWY4444M?tag=eloabder-20&linkCode=osi&th=1&psc=1">View Product</a></div><div class="product"><a href="https://www.amazon.com/dp/0021402442?tag=eloabder-20&linkCode=osi&th=1&psc=1"><img src="https://m.media-amazon.com/images/I/511QbiOnlIL._SL500_.jpg" alt="Product Image"></a><p>Glencoe Carpentry and Building Construction, Student Edition (CARPENTRY & BLDG CONSTRUCTION)</p><p> -47% 0FF </p><p>$59.50</p><a href="https://www.amazon.com/dp/0021402442?tag=eloabder-20&linkCode=osi&th=1&psc=1">View Product</a></div><div class="product"><a href="https://www.amazon.com/dp/B08R3TW6PD?tag=eloabder-20&linkCode=osi&th=1&psc=1"><img src="https://m.media-amazon.com/images/I/51Ca5qyFUyL._SL500_.jpg" alt="Product Image"></a><p>Coodoo Upgraded Magnetic Blocks Tough Tiles STEM Toys for 3+ Year Old Boys and Girls Learning by Playing Games for Toddlers Kids, Compatible with Major Brands Building Blocks - Starter Set</p><p> -9% 0FF </p><p>$19.99</p><a href="https://www.amazon.com/dp/B08R3TW6PD?tag=eloabder-20&linkCode=osi&th=1&psc=1">View Product</a></div><div class="product"><a href="https://www.amazon.com/dp/B0D17SV1WJ?tag=eloabder-20&linkCode=osi&th=1&psc=1"><img src="https://m.media-amazon.com/images/I/41GZRx1QfVL._SL500_.jpg" alt="Product Image"></a><p>10 Pcs Interlocking Deck Tiles 12" x 12", Patio Flooring Outdoor Waterproof, Acacia Wood Tiles All Weather, Floor Tiles for Balcony, Backyard, Indoor and Outdoor use‚Ä¶ (Espresso)</p><p> -15% 0FF </p><p>$38.99</p><a href="https://www.amazon.com/dp/B0D17SV1WJ?tag=eloabder-20&linkCode=osi&th=1&psc=1">View Product</a></div><div class="product"><a href="https://www.amazon.com/dp/B0CPCZ3V7C?tag=eloabder-20&linkCode=osi&th=1&psc=1"><img src="https://m.media-amazon.com/images/I/51zv+eT4kkL._SL500_.jpg" alt="Product Image"></a><p>Titrot Magnetic Blocks Kids Toys, Large Magnetic Building Sticks STEM Educational Sensory Toy Preschool Learning Montessori Toys for Toddlers Boys Girls Ages 3-8 with 1 Car</p><p> -17% 0FF </p><p>$24.99</p><a href="https://www.amazon.com/dp/B0CPCZ3V7C?tag=eloabder-20&linkCode=osi&th=1&psc=1">View Product</a></div>

<div class="product"><a href="https://www.amazon.com/dp/B0D676KYMV?tag=eloabder-20&linkCode=osi&th=1&psc=1"><img src="https://m.media-amazon.com/images/I/41dhQyG9XZL._SL500_.jpg" alt="Product Image"></a><p>Dimgogo Hexagon LED Garage Ceiling Lights,25 Pack 17280LM Super Bright LED car Lights for Warehouse Basement Workshop Gym Car Detailing Shop Wash Room</p><p> -21% 0FF </p><p>$69.99</p><a href="https://www.amazon.com/dp/B0D676KYMV?tag=eloabder-20&linkCode=osi&th=1&psc=1">View Product</a></div>
<div class="product"><a href="https://www.amazon.com/dp/B0C73SFP11?tag=eloabder-20&linkCode=osi&th=1&psc=1"><img src="https://m.media-amazon.com/images/I/31+p7lB1nDL._SL500_.jpg" alt="Product Image"></a><p>2 Pack, 9 Inch Clear Non-Skid Lazy Susan Organizers - Turntable Rack for Kitchen Cabinet, Pantry Organization and Storage, Fridge, Bathroom Closet, Vanity Countertop Makeup Organizing, Spice Rack</p><p> -32% 0FF </p><p>$12.98</p><a href="https://www.amazon.com/dp/B0C73SFP11?tag=eloabder-20&linkCode=osi&th=1&psc=1">View Product</a></div><div class="product"><a href="https://www.amazon.com/dp/B098991PPP?tag=eloabder-20&linkCode=osi&th=1&psc=1"><img src="https://m.media-amazon.com/images/I/41pFHdubflL._SL500_.jpg" alt="Product Image"></a><p>SpaceAid Heavy Duty Moving Bags, Extra Large Storage Totes W/Backpack Straps Strong Handles & Zippers, Alternative to Moving Boxes, Packing & Moving Supplies, Black (8 Pack)</p><p> -24% 0FF </p><p>$36.99 ($4.62 / Count)</p><a href="https://www.amazon.com/dp/B098991PPP?tag=eloabder-20&linkCode=osi&th=1&psc=1">View Product</a></div>
<div class="product"><a href="https://www.amazon.com/dp/B001JT1LCW?tag=eloabder-20&linkCode=osi&th=1&psc=1"><img src="https://m.media-amazon.com/images/I/41-NrbTtXOL._SL500_.jpg" alt="Product Image"></a><p>Logistic Ratchet Strap, 16ft x 2In, 1000lb</p><p> -37% 0FF </p><p>$11.13</p><a href="https://www.amazon.com/dp/B001JT1LCW?tag=eloabder-20&linkCode=osi&th=1&psc=1">View Product</a></div>
<div class="product"><a href="https://www.amazon.com/dp/B07MM6D6H8?tag=eloabder-20&linkCode=osi&th=1&psc=1"><img src="https://m.media-amazon.com/images/I/51-5i+GLJFL._SL500_.jpg" alt="Product Image"></a><p>edxeducation Transport Counters - Mini Jar - Set of 36 - Learn Counting, Colors, Sorting and Sequencing - Hands-on Math Manipulative for Kids</p><p> -6% 0FF </p><p>$12.66</p><a href="https://www.amazon.com/dp/B07MM6D6H8?tag=eloabder-20&linkCode=osi&th=1&psc=1">View Product</a></div><div class="product"><a href="https://www.amazon.com/dp/B0058ORV6Y?tag=eloabder-20&linkCode=osi&th=1&psc=1"><img src="https://m.media-amazon.com/images/I/415rpz1mnxL._SL500_.jpg" alt="Product Image"></a><p>Didax Educational Resources Transportation Counters, 72</p><p> -31% 0FF </p><p>$14.50</p><a href="https://www.amazon.com/dp/B0058ORV6Y?tag=eloabder-20&linkCode=osi&th=1&psc=1">View Product</a></div><div class="product"><a href="https://www.amazon.com/dp/B0BWNRKN6Y?tag=eloabder-20&linkCode=osi&th=1&psc=1"><img src="https://m.media-amazon.com/images/I/51Fau8rx1IL._SL500_.jpg" alt="Product Image"></a><p>Reusable Sticker Book for Kids, Vehicles Truck Stickers Educational Learning Toys Travel Stickers Activity Books for Toddler Girls Boys Age 3+ Birthday Gifts</p><p> -34% 0FF </p><p>$5.95</p><a href="https://www.amazon.com/dp/B0BWNRKN6Y?tag=eloabder-20&linkCode=osi&th=1&psc=1">View Product</a></div>
<div class="product"><a href="https://www.amazon.com/dp/B0BLTY38V7?tag=eloabder-20&linkCode=osi&th=1&psc=1"><img src="https://m.media-amazon.com/images/I/31zmVFnuy3L._SL500_.jpg" alt="Product Image"></a><p>SWEETAPRIL Slow Moving Vehicle Sign, Rust Free Aluminum Slow Moving Vehicle Triangle Signs, 14"X16", 40-Mil Thick Diamond Grade Reflective For Golf Cart, For Golf Cart, Tractor, Utv, Safety Signs</p><p> -47% 0FF </p><p>$9.99</p><a href="https://www.amazon.com/dp/B0BLTY38V7?tag=eloabder-20&linkCode=osi&th=1&psc=1">View Product</a></div><div class="product"><a href="https://www.amazon.com/dp/B0D9NXPMMR?tag=eloabder-20&linkCode=osi&th=1&psc=1"><img src="https://m.media-amazon.com/images/I/418RV63IwdL._SL500_.jpg" alt="Product Image"></a><p>Mini Car Trash Can Bin with Lid and One Roll Plastic Trash Bags, Small Car Garbage Can Leakproof Car Accessories Trash Bin Car Dustbin Organizer Container for Car, Vehicle, Office, Home</p><p> -16% 0FF </p><p>$9.98</p><a href="https://www.amazon.com/dp/B0D9NXPMMR?tag=eloabder-20&linkCode=osi&th=1&psc=1">View Product</a></div><div class="product"><a href="https://www.amazon.com/dp/B000UHP9EU?tag=eloabder-20&linkCode=osi&th=1&psc=1"><img src="https://m.media-amazon.com/images/I/31wK9xXH7wL._SL500_.jpg" alt="Product Image"></a><p>FIRST ALERT AUTOMAR10 Car and Marine Fire Extinguisher, FE10GR, UL RATED 10-B:C, White, 1-Pack</p><p> -32% 0FF </p><p>$26.44</p><a href="https://www.amazon.com/dp/B000UHP9EU?tag=eloabder-20&linkCode=osi&th=1&psc=1">View Product</a></div><div class="product"><a href="https://www.amazon.com/dp/B0CQSH2J4R?tag=eloabder-20&linkCode=osi&th=1&psc=1"><img src="https://m.media-amazon.com/images/I/41NenTedbdL._SL500_.jpg" alt="Product Image"></a><p>Yaocom 1 Set Slow Moving Vehicle Sign with Mounting Bracket 14 x 16 Inch Slow Moving Vehicle Triangle Signs Aluminum Slow Sign Warning Triangles for Vehicles Golf Cart Tractor Outdoor Accessories</p><p> -5% 0FF </p><p>$18.99</p><a href="https://www.amazon.com/dp/B0CQSH2J4R?tag=eloabder-20&linkCode=osi&th=1&psc=1">View Product</a></div><div class="product"><a href="https://www.amazon.com/dp/B000P0DPGQ?tag=eloabder-20&linkCode=osi&th=1&psc=1"><img src="https://m.media-amazon.com/images/I/41S75Iev+4L._SL500_.jpg" alt="Product Image"></a><p>FIRST ALERT AUTO5 Car Fire Extinguisher, FESA5, UL RATED 5-B:C, Red, 1-Pack</p><p> -39% 0FF </p><p>$23.77</p><a href="https://www.amazon.com/dp/B000P0DPGQ?tag=eloabder-20&linkCode=osi&th=1&psc=1">View Product</a></div><div class="product"><a href="https://www.amazon.com/dp/B00CGSF4F0?tag=eloabder-20&linkCode=osi&th=1&psc=1"><img src="https://m.media-amazon.com/images/I/41O8ARwr2cL._SL500_.jpg" alt="Product Image"></a><p>BAZIC 12 X 16 Inches Sale Sign, 2-Line (L-2)</p><p> -12% 0FF </p><p>$5.13</p><a href="https://www.amazon.com/dp/B00CGSF4F0?tag=eloabder-20&linkCode=osi&th=1&psc=1">View Product</a></div>
<div class="product"><a href="https://www.amazon.com/dp/B0829D1D7V?tag=eloabder-20&linkCode=osi&th=1&psc=1"><img src="https://m.media-amazon.com/images/I/51J7vVLjl6L._SL500_.jpg" alt="Product Image"></a><p>2-Pack Bubble Cushioning Nylon Wrap Rolls, 3/16" x 12" x 72' ft Total, Perforated Every 12", 20 Fragile Stickers for Packaging, Shipping, Mailing</p><p> -15% 0FF </p><p>$15.50 ($7.75 / Count)</p><a href="https://www.amazon.com/dp/B0829D1D7V?tag=eloabder-20&linkCode=osi&th=1&psc=1">View Product</a></div><div class="product"><a href="https://www.amazon.com/dp/B09GPNQCW4?tag=eloabder-20&linkCode=osi&th=1&psc=1"><img src="https://m.media-amazon.com/images/I/416VMuii7+L._SL500_.jpg" alt="Product Image"></a><p>Donyson Frosted T Shirt Bags 10x13, 100 Pack Clear Bags for Packaging, Package Bags, Packaging Bags for Small Business, Shipping Bags with Handle</p><p> -5% 0FF </p><p>$20.99 ($0.21 / Count)</p><a href="https://www.amazon.com/dp/B09GPNQCW4?tag=eloabder-20&linkCode=osi&th=1&psc=1">View Product</a></div><div class="product"><a href="https://www.amazon.com/dp/B000J07BRQ?tag=eloabder-20&linkCode=osi&th=1&psc=1"><img src="https://m.media-amazon.com/images/I/517ZAgVhtNL._SL500_.jpg" alt="Product Image"></a><p>Scotch Heavy Duty Shipping and Moving Packing Tape, Clear, Packing and Moving Supplies, 1.88 in. x 22.2 yd., 6 Tape Rolls with Dispensers</p><p> -31% 0FF </p><p>$13.88</p><a href="https://www.amazon.com/dp/B000J07BRQ?tag=eloabder-20&linkCode=osi&th=1&psc=1">View Product</a></div>

<div class="product"><a href="https://www.amazon.com/dp/B09ZV2364K?tag=eloabder-20&linkCode=osi&th=1&psc=1"><img src="https://m.media-amazon.com/images/I/41Ts3dr3u3L._SL500_.jpg" alt="Product Image"></a><p>DEKOPRO Submersible Water Pump 1/3 HP 2450GPH Utility Pump Thermoplastic Electric Portable Transfer Water Pump with 10-Foot Cord for Pool Tub Garden Pond Draining</p><p> -32% 0FF </p><p>$40.99</p><a href="https://www.amazon.com/dp/B09ZV2364K?tag=eloabder-20&linkCode=osi&th=1&psc=1">View Product</a></div><div class="product"><a href="https://www.amazon.com/dp/B0CRKY91RW?tag=eloabder-20&linkCode=osi&th=1&psc=1"><img src="https://m.media-amazon.com/images/I/31v5rVK5BPL._SL500_.jpg" alt="Product Image"></a><p>Sump Pump Submersible 1.4HP 4800GPH Water Pump Electric for Portable Transfer Water Pump Sump Pumps Utility Pump with 8 Accessories for Pool Draining Basement, 120 Voltage</p><p> -21% 0FF </p><p>$49.00</p><a href="https://www.amazon.com/dp/B0CRKY91RW?tag=eloabder-20&linkCode=osi&th=1&psc=1">View Product</a></div><div class="product"><a href="https://www.amazon.com/dp/B09Y918453?tag=eloabder-20&linkCode=osi&th=1&psc=1"><img src="https://m.media-amazon.com/images/I/41rSFmVH4hL._SL500_.jpg" alt="Product Image"></a><p>FOTING Sump Pump 1HP 3960 GPH for Clean/Dirty Water Use, Thermoplastic Submersible Water Pump Utility Electric Portable Transfer Pump for Swimming Pool Garden Pond Basement Window Wells with 25ft Cord</p><p> -14% 0FF </p><p>$66.99</p><a href="https://www.amazon.com/dp/B09Y918453?tag=eloabder-20&linkCode=osi&th=1&psc=1">View Product</a></div>
<div class="product"><a href="https://www.amazon.com/dp/B085RV5SRY?tag=eloabder-20&linkCode=osi&th=1&psc=1"><img src="https://m.media-amazon.com/images/I/41Irw5yYT4L._SL500_.jpg" alt="Product Image"></a><p>(Pack of 10) EFIELD 1/2 Inch Pex Crimp Brass Full Port Shut-off Ball Valve for Hot and Cold Water, UPC Certified</p><p> -35% 0FF </p><p>$29.95 ($3.00 / Count)</p><a href="https://www.amazon.com/dp/B085RV5SRY?tag=eloabder-20&linkCode=osi&th=1&psc=1">View Product</a></div>
<div class="product"><a href="https://www.amazon.com/dp/B07MTK9Y31?tag=eloabder-20&linkCode=osi&th=1&psc=1"><img src="https://m.media-amazon.com/images/I/41w52vo9Q9L._SL500_.jpg" alt="Product Image"></a><p>GeilSpace 6 Pack 3/4" √ó 12" Pre-Cut Black Metal Pipe, Industrial Steel Fits Standard Three Quarters Inch Black Threaded Pipes and Fittings - Vintage DIY Industrial Shelving (3/4" √ó 12", Black)</p><p> -19% 0FF </p><p>$21.99 ($3.66 / Count)</p><a href="https://www.amazon.com/dp/B07MTK9Y31?tag=eloabder-20&linkCode=osi&th=1&psc=1">View Product</a></div><div class="product"><a href="https://www.amazon.com/dp/B000OHANEM?tag=eloabder-20&linkCode=osi&th=1&psc=1"><img src="https://m.media-amazon.com/images/I/51G4C0ueewL._SL500_.jpg" alt="Product Image"></a><p>Flex-Drain 51710 Flexible/Expandable Solid Drainage Pipe, 3.37in (Inside Diameter) by 12ft</p><p> -16% 0FF </p><p>$14.27</p><a href="https://www.amazon.com/dp/B000OHANEM?tag=eloabder-20&linkCode=osi&th=1&psc=1">View Product</a></div><div class="product"><a href="https://www.amazon.com/dp/B0009PU9CK?tag=eloabder-20&linkCode=osi&th=1&psc=1"><img src="https://m.media-amazon.com/images/I/31NqDYLrlqL._SL500_.jpg" alt="Product Image"></a><p>Rectorseal 25790 1-3/4-Ounce Tube No.5 Pipe Thread Sealant</p><p> -20% 0FF </p><p>$4.63 ($2.63 / Ounce)</p><a href="https://www.amazon.com/dp/B0009PU9CK?tag=eloabder-20&linkCode=osi&th=1&psc=1">View Product</a></div><div class="product"><a href="https://www.amazon.com/dp/B06XDK78GQ?tag=eloabder-20&linkCode=osi&th=1&psc=1"><img src="https://m.media-amazon.com/images/I/41h6Lm9j-EL._SL500_.jpg" alt="Product Image"></a><p>Hiware Drinking Straw Cleaner Brush Kit - (3-Size) 9-Piece Extra Long Pipe Cleaners, Straw Cleaning Brush For Tumbler, Sippy Cup, Bottle and Tube</p><p> -38% 0FF </p><p>$4.99</p><a href="https://www.amazon.com/dp/B06XDK78GQ?tag=eloabder-20&linkCode=osi&th=1&psc=1">View Product</a></div><div class="product"><a href="https://www.amazon.com/dp/B0D75YFQYX?tag=eloabder-20&linkCode=osi&th=1&psc=1"><img src="https://m.media-amazon.com/images/I/31eJKO5QnML._SL500_.jpg" alt="Product Image"></a><p>3/4 inch Water Pipe Repair Clamp,Emergency Pipe Repair Kit for Plastic and Metal Pipes,Suitable for PE/PVC pipe repair,Steel Pipes,Iron Pipes(19mm-21mm)</p><p> -20% 0FF </p><p>$9.99</p><a href="https://www.amazon.com/dp/B0D75YFQYX?tag=eloabder-20&linkCode=osi&th=1&psc=1">View Product</a></div>
<div class="product"><a href="https://www.amazon.com/dp/B098LMBLNW?tag=eloabder-20&linkCode=osi&th=1&psc=1"><img src="https://m.media-amazon.com/images/I/51g1okYsY5L._SL500_.jpg" alt="Product Image"></a><p>1/2" Pex Fittings, SUNGATOR 45 PCS 1/2 Inch Pex Fittings Set, 15 Each Elbow Tee Coupling Pex Fittings for Pex Pipe, No Lead Brass, ASTM F1807</p><p> -8% 0FF </p><p>$33.99</p><a href="https://www.amazon.com/dp/B098LMBLNW?tag=eloabder-20&linkCode=osi&th=1&psc=1">View Product</a></div><div class="product"><a href="https://www.amazon.com/dp/B0C3HBKCBY?tag=eloabder-20&linkCode=osi&th=1&psc=1"><img src="https://m.media-amazon.com/images/I/51PQ+3I4XiL._SL500_.jpg" alt="Product Image"></a><p>KOOTANS 66pcs Brass Pipe Fittings Assortment NPT Adapter Fitting, Reducer Bushing, Hex Nipple, Reducing Hex Coupling, Pipe Head Brass Plug Kit</p><p> -13% 0FF </p><p>$69.99</p><a href="https://www.amazon.com/dp/B0C3HBKCBY?tag=eloabder-20&linkCode=osi&th=1&psc=1">View Product</a></div>
<div class="product"><a href="https://www.amazon.com/dp/B08G1B6Z73?tag=eloabder-20&linkCode=osi&th=1&psc=1"><img src="https://m.media-amazon.com/images/I/41fPrg-ewYS._SL500_.jpg" alt="Product Image"></a><p>SANFU Polyurethane Recoil Air Compressor Hose 1/4"ID x 25FT Long Tail with Bend Restrictor,1/4‚Äù MNPT Fittings Brass Quick Coupler and Plug, Blue(25')</p><p> -50% 0FF </p><p>$8.99 ($0.36 / Foot)</p><a href="https://www.amazon.com/dp/B08G1B6Z73?tag=eloabder-20&linkCode=osi&th=1&psc=1">View Product</a></div><div class="product"><a href="https://www.amazon.com/dp/B0D227WPF7?tag=eloabder-20&linkCode=osi&th=1&psc=1"><img src="https://m.media-amazon.com/images/I/41YwBSYYHuL._SL500_.jpg" alt="Product Image"></a><p>SANFU Polyurethane(PU) Air Hose 1/4-Inch x 100ft Reinforced, lightweight, Flexible, 300PSI With 1/4‚Äù Swivel Aluminum Universal 3IN1 Coupler and Plug, 1PCS Safery Coupler, Bend Restrictor</p><p> -50% 0FF </p><p>$25.99 ($0.26 / Foot)</p><a href="https://www.amazon.com/dp/B0D227WPF7?tag=eloabder-20&linkCode=osi&th=1&psc=1">View Product</a></div><div class="product"><a href="https://www.amazon.com/dp/B09W4KSB5X?tag=eloabder-20&linkCode=osi&th=1&psc=1"><img src="https://m.media-amazon.com/images/I/51w1yQMw7aL._SL500_.jpg" alt="Product Image"></a><p>DAVCO 1/2" ID x 25 ft PVC Reinforced Tubing With Spiral Steel Wire, High Pressure Flexible Vinyl Hose Heavy Duty Clear Suction Tube,Non-Toxic, Vacuum Dust Collection Pipe</p><p> -50% 0FF </p><p>$16.99 ($0.68 / Foot)</p><a href="https://www.amazon.com/dp/B09W4KSB5X?tag=eloabder-20&linkCode=osi&th=1&psc=1">View Product</a></div>

<div class="product"><a href="https://www.amazon.com/dp/B0CYYYZRV9?tag=eloabder-20&linkCode=osi&th=1&psc=1"><img src="https://m.media-amazon.com/images/I/41glXO+YSbL._SL500_.jpg" alt="Product Image"></a><p>YAMASO 20 Pcs 608 2RS Ball Bearings ‚Äì Bearing Steel and Double Rubber Sealed Miniature Deep Groove Ball Bearings (8mm x 22mm x 7mm)</p><p> -8% 0FF </p><p>$5.49</p><a href="https://www.amazon.com/dp/B0CYYYZRV9?tag=eloabder-20&linkCode=osi&th=1&psc=1">View Product</a></div><div class="product"><a href="https://www.amazon.com/dp/B09PKD8QZZ?tag=eloabder-20&linkCode=osi&th=1&psc=1"><img src="https://m.media-amazon.com/images/I/41BYfJNmMoL._SL500_.jpg" alt="Product Image"></a><p>SHKI 20 Pcs 608 2RS Ball Bearings ‚Äì Bearing Steel and Double Rubber Sealed Miniature Deep Groove Ball Bearings (8mm x 22mm x 7mm) (608 2RS)</p><p> -40% 0FF </p><p>$5.99 ($0.30 / Count)</p><a href="https://www.amazon.com/dp/B09PKD8QZZ?tag=eloabder-20&linkCode=osi&th=1&psc=1">View Product</a></div><div class="product"><a href="https://www.amazon.com/dp/B073ST742Z?tag=eloabder-20&linkCode=osi&th=1&psc=1"><img src="https://m.media-amazon.com/images/I/51dWjQm393L._SL500_.jpg" alt="Product Image"></a><p>100 Pack 608-2RS Skateboard Bearing, Rolling Bearings, 8x22x7mm 608rs Bearing</p><p> -11% 0FF </p><p>$17.79</p><a href="https://www.amazon.com/dp/B073ST742Z?tag=eloabder-20&linkCode=osi&th=1&psc=1">View Product</a></div><div class="product"><a href="https://www.amazon.com/dp/B07216D1SZ?tag=eloabder-20&linkCode=osi&th=1&psc=1"><img src="https://m.media-amazon.com/images/I/41P6KPblNDL._SL500_.jpg" alt="Product Image"></a><p>Sackorange 608 ZZ Skateboard Bearings, Double Shielded,8x22x7 Miniature Ball BearingsÔºàPack of 20)</p><p> -29% 0FF </p><p>$7.79</p><a href="https://www.amazon.com/dp/B07216D1SZ?tag=eloabder-20&linkCode=osi&th=1&psc=1">View Product</a></div>
<div class="product"><a href="https://www.amazon.com/dp/B09KRGTLVM?tag=eloabder-20&linkCode=osi&th=1&psc=1"><img src="https://m.media-amazon.com/images/I/41zMlgeopqL._SL500_.jpg" alt="Product Image"></a><p>Vevitts Small Brushed Permanent Magnet Electric Motor for E Scooter Drive Speed Control 24V 350W 3000RPM</p><p> -20% 0FF </p><p>$39.98</p><a href="https://www.amazon.com/dp/B09KRGTLVM?tag=eloabder-20&linkCode=osi&th=1&psc=1">View Product</a></div><div class="product"><a href="https://www.amazon.com/dp/B01M58POHF?tag=eloabder-20&linkCode=osi&th=1&psc=1"><img src="https://m.media-amazon.com/images/I/41dQTChYsBL._SL500_.jpg" alt="Product Image"></a><p>AUTOTOOLHOME 6-12V Mini DC Motor High Torque Gear for Traxxas R/C and Power Wheels PCB DIY Electric Drill</p><p> -23% 0FF </p><p>$6.89</p><a href="https://www.amazon.com/dp/B01M58POHF?tag=eloabder-20&linkCode=osi&th=1&psc=1">View Product</a></div><div class="product"><a href="https://www.amazon.com/dp/B072R5G5GR?tag=eloabder-20&linkCode=osi&th=1&psc=1"><img src="https://m.media-amazon.com/images/I/41Z6ru+wWIL._SL500_.jpg" alt="Product Image"></a><p>Greartisan DC 12V 550RPM Gear Motor High Torque Electric Micro Speed Reduction Geared Motor Centric Output Shaft 37mm Diameter Gearbox</p><p> -6% 0FF </p><p>$14.99</p><a href="https://www.amazon.com/dp/B072R5G5GR?tag=eloabder-20&linkCode=osi&th=1&psc=1">View Product</a></div><div class="product"><a href="https://www.amazon.com/dp/B0CZVH445F?tag=eloabder-20&linkCode=osi&th=1&psc=1"><img src="https://m.media-amazon.com/images/I/51cTdXLKa7L._SL500_.jpg" alt="Product Image"></a><p>6Pcs 280 Micro DC Motors 3V-12V 13500RPM 0.5A with 2.8mm Insulated Connector & 6inch 20AWG Wire for RC Boat, DIY Airplane, Model Toys, 12V DC Motor Compatible</p><p> -23% 0FF </p><p>$9.99</p><a href="https://www.amazon.com/dp/B0CZVH445F?tag=eloabder-20&linkCode=osi&th=1&psc=1">View Product</a></div>
<div class="product"><a href="https://www.amazon.com/dp/B07L7XCSDW?tag=eloabder-20&linkCode=osi&th=1&psc=1"><img src="https://m.media-amazon.com/images/I/31lErudRYvL._SL500_.jpg" alt="Product Image"></a><p>DC HOUSE 12 Inch 12" High Speed 14mm/s Linear Actuator Motor 1000N DC12V with Mounting Brackets</p><p> -7% 0FF </p><p>$39.98</p><a href="https://www.amazon.com/dp/B07L7XCSDW?tag=eloabder-20&linkCode=osi&th=1&psc=1">View Product</a></div><div class="product"><a href="https://www.amazon.com/dp/B07X3Z68GV?tag=eloabder-20&linkCode=osi&th=1&psc=1"><img src="https://m.media-amazon.com/images/I/41j8dmqKsnS._SL500_.jpg" alt="Product Image"></a><p>Electric Micro Linear Actuator 12V - 1.2" Stroke, 64N/14.4lb, Speed 0.6inch/s Mini Waterproof Motion Actuator Small 12 V DC, w/Mounting Brackets, for Sofa Robotic TV Table Cabinet Window Opener Lift</p><p> -16% 0FF </p><p>$30.99 ($19.37 / oz)</p><a href="https://www.amazon.com/dp/B07X3Z68GV?tag=eloabder-20&linkCode=osi&th=1&psc=1">View Product</a></div><div class="product"><a href="https://www.amazon.com/dp/B0CRV927YC?tag=eloabder-20&linkCode=osi&th=1&psc=1"><img src="https://m.media-amazon.com/images/I/41dEUHSH6sL._SL500_.jpg" alt="Product Image"></a><p>ECO-WORTHY Linear Actuator Heavy Duty 3000N/660lbs with Mounting Brackets Multi-Function (12V, 12")</p><p> -18% 0FF </p><p>$59.99</p><a href="https://www.amazon.com/dp/B0CRV927YC?tag=eloabder-20&linkCode=osi&th=1&psc=1">View Product</a></div>
<div class="product"><a href="https://www.amazon.com/dp/B07H8GL44M?tag=eloabder-20&linkCode=osi&th=1&psc=1"><img src="https://m.media-amazon.com/images/I/41TaGFITM0L._SL500_.jpg" alt="Product Image"></a><p>FAERSI 22680-7S000 AF10141 for 2003-2014 Altima & 2006-14 Maxima & 07-13 Sentra & 05-15 Xterra & 2003-2015 Murano | Infiniti 08-13 G37 & 05-08 G35 & More MAF Mass Air Flow Sensor</p><p> -30% 0FF </p><p>$21.68</p><a href="https://www.amazon.com/dp/B07H8GL44M?tag=eloabder-20&linkCode=osi&th=1&psc=1">View Product</a></div><div class="product"><a href="https://www.amazon.com/dp/B08TRKL94H?tag=eloabder-20&linkCode=osi&th=1&psc=1"><img src="https://m.media-amazon.com/images/I/314giu3g36L._SL500_.jpg" alt="Product Image"></a><p>Carbon Monoxide Detector,CO Gas Monitor Alarm Detector,CO Sensor with LED Digital Display for Home,Depot,Battery Powered</p><p> -5% 0FF </p><p>$11.99</p><a href="https://www.amazon.com/dp/B08TRKL94H?tag=eloabder-20&linkCode=osi&th=1&psc=1">View Product</a></div><div class="product"><a href="https://www.amazon.com/dp/B092HK5NJB?tag=eloabder-20&linkCode=osi&th=1&psc=1"><img src="https://m.media-amazon.com/images/I/41RyuQ28lQS._SL500_.jpg" alt="Product Image"></a><p>Marsflex TPMS Sensor, 13598772 for GM 315Mhz, Tire Pressure Monitoring Sensor Compatible with Buick Chevy Cadillac GMC, Tire Pressure Sensor Replacement 13586335,13598771 4 Pack</p><p> -21% 0FF </p><p>$23.81</p><a href="https://www.amazon.com/dp/B092HK5NJB?tag=eloabder-20&linkCode=osi&th=1&psc=1">View Product</a></div><div class="product"><a href="https://www.amazon.com/dp/B0DCBDS359?tag=eloabder-20&linkCode=osi&th=1&psc=1"><img src="https://m.media-amazon.com/images/I/519A7-IMkBL._SL500_.jpg" alt="Product Image"></a><p>Dual Knock Sensors with Wiring Harness and Intake Manifold Gasket Kit | for Chevy Silverado Avalanche Tahoe, GMC Sierra Yukon, Cadillac Hummer & More GM Vehicles | Replace# 12601822,213-3521,89060413</p><p> -6% 0FF </p><p>$33.99</p><a href="https://www.amazon.com/dp/B0DCBDS359?tag=eloabder-20&linkCode=osi&th=1&psc=1">View Product</a></div><div class="product"><a href="https://www.amazon.com/dp/B0CZP2DRW1?tag=eloabder-20&linkCode=osi&th=1&psc=1"><img src="https://m.media-amazon.com/images/I/31CtLXOX-tL._SL500_.jpg" alt="Product Image"></a><p>Mass Air Flow Sensor MAF Fit for 2007-2009 Avalanche Yukon Tahoe Sierra Silverado Suburban 1500 2500 3500 Replace 2451149 MA198 7410146 5S8048 15900023</p><p> -5% 0FF </p><p>$40.99</p><a href="https://www.amazon.com/dp/B0CZP2DRW1?tag=eloabder-20&linkCode=osi&th=1&psc=1">View Product</a></div>
<div class="product"><a href="https://www.amazon.com/dp/B0002YXE7K?tag=eloabder-20&linkCode=osi&th=1&psc=1"><img src="https://m.media-amazon.com/images/I/41hV+B-cOEL._SL500_.jpg" alt="Product Image"></a><p>Titebond, 8 oz, 8 Fl Oz</p><p> -46% 0FF </p><p>$6.51 ($0.81 / Fl Oz)</p><a href="https://www.amazon.com/dp/B0002YXE7K?tag=eloabder-20&linkCode=osi&th=1&psc=1">View Product</a></div><div class="product"><a href="https://www.amazon.com/dp/B077Z6LF91?tag=eloabder-20&linkCode=osi&th=1&psc=1"><img src="https://m.media-amazon.com/images/I/41IeFkWcsyL._SL500_.jpg" alt="Product Image"></a><p>APERA INSTRUMENTS AI209-T Value Series PH20 pH Tester Combo Kit, including the Maintenance Set, and a CalPod Solution Holder for Easy Calibration</p><p> -25% 0FF </p><p>$79.13</p><a href="https://www.amazon.com/dp/B077Z6LF91?tag=eloabder-20&linkCode=osi&th=1&psc=1">View Product</a></div><div class="product"><a href="https://www.amazon.com/dp/B09JV7Y9SZ?tag=eloabder-20&linkCode=osi&th=1&psc=1"><img src="https://m.media-amazon.com/images/I/31TckTV+diL._SL500_.jpg" alt="Product Image"></a><p>Dental Code Rings Instrument 100pcs Dental Color Code Rings Non‚Äë Silicone Dental Color Code Rings Accessory Supplies(02)</p><p> -32% 0FF </p><p>$4.29 ($4.29 / Count)</p><a href="https://www.amazon.com/dp/B09JV7Y9SZ?tag=eloabder-20&linkCode=osi&th=1&psc=1">View Product</a></div>
<div class="product"><a href="https://www.amazon.com/dp/B01NASZ0UM?tag=eloabder-20&linkCode=osi&th=1&psc=1"><img src="https://m.media-amazon.com/images/I/31MgtNuzDdL._SL500_.jpg" alt="Product Image"></a><p>BN-LINK Wireless Remote Control Electrical Outlet Switch for Lights, Fans, Christmas Lights, Small Appliance, Long Range White (Learning Code, 3Rx-1Tx) 1200W/10A</p><p> -43% 0FF </p><p>$16.99</p><a href="https://www.amazon.com/dp/B01NASZ0UM?tag=eloabder-20&linkCode=osi&th=1&psc=1">View Product</a></div><div class="product"><a href="https://www.amazon.com/dp/B0CTH8XDKW?tag=eloabder-20&linkCode=osi&th=1&psc=1"><img src="https://m.media-amazon.com/images/I/31-PaaCxdfL._SL500_.jpg" alt="Product Image"></a><p>DEWENWILS Indoor Remote Control Outlet, Wireless Remote Outlets Switch, 200FT Range, Remote Light Switch for Lights, Fans, Christmas Lights, 15A/1800WÔºåFCC & ETL Listed (5 Outlets + 2 Remotes)</p><p> -19% 0FF </p><p>$23.39</p><a href="https://www.amazon.com/dp/B0CTH8XDKW?tag=eloabder-20&linkCode=osi&th=1&psc=1">View Product</a></div><div class="product"><a href="https://www.amazon.com/dp/B072F9DGRL?tag=eloabder-20&linkCode=osi&th=1&psc=1"><img src="https://m.media-amazon.com/images/I/417lNJFodCS._SL500_.jpg" alt="Product Image"></a><p>Fosmon WavePoint Wireless Remote Control Outdoor Electrical Outlet Switch Weatherproof Heavy Duty 3-Prong Plug-in ETL Listed (Battery Included) 1 Pack</p><p> -50% 0FF </p><p>$11.08</p><a href="https://www.amazon.com/dp/B072F9DGRL?tag=eloabder-20&linkCode=osi&th=1&psc=1">View Product</a></div><div class="product"><a href="https://www.amazon.com/dp/B09X2W2TRT?tag=eloabder-20&linkCode=osi&th=1&psc=1"><img src="https://m.media-amazon.com/images/I/31PoJZqeG-L._SL500_.jpg" alt="Product Image"></a><p>DEWENWILS Indoor Remote Control Outlet, Wireless Remote Light Switch, No Interference Remote Outlet Switch, No Wiring, 15A/1875W, 100ft RF Range, Compact Design, Programmable</p><p> -11% 0FF </p><p>$12.99</p><a href="https://www.amazon.com/dp/B09X2W2TRT?tag=eloabder-20&linkCode=osi&th=1&psc=1">View Product</a></div><div class="product"><a href="https://www.amazon.com/dp/B07CYKNDC2?tag=eloabder-20&linkCode=osi&th=1&psc=1"><img src="https://m.media-amazon.com/images/I/31Fu9a5ikOL._SL500_.jpg" alt="Product Image"></a><p>BN-LINK Mini Wireless Remote Control Outlet Switch Power Plug In for Household Appliances, Wireless Remote Light Switch, LED Light Bulbs, White (1 Remote + 3 Outlet) 1250W/10A</p><p> -11% 0FF </p><p>$15.99</p><a href="https://www.amazon.com/dp/B07CYKNDC2?tag=eloabder-20&linkCode=osi&th=1&psc=1">View Product</a></div>
<div class="product"><a href="https://www.amazon.com/dp/B01AKGRTUM?tag=eloabder-20&linkCode=osi&th=1&psc=1"><img src="https://m.media-amazon.com/images/I/41UKqiyvz6L._SL500_.jpg" alt="Product Image"></a><p>Oral-B Pro 1000 Rechargeable Electric Toothbrush, Black</p><p> -29% 0FF </p><p>$49.94</p><a href="https://www.amazon.com/dp/B01AKGRTUM?tag=eloabder-20&linkCode=osi&th=1&psc=1">View Product</a></div><div class="product"><a href="https://www.amazon.com/dp/B0D6Y9PJJ3?tag=eloabder-20&linkCode=osi&th=1&psc=1"><img src="https://m.media-amazon.com/images/I/31CUz26rR-L._SL500_.jpg" alt="Product Image"></a><p>3Pack Car Carplay Cable for iPhone 16 15 Pro Max 15 Plus Car Charger, USB to USB C Cable 3FT for Car Charger Adapter, Carplay USB C Cord Accessories Charging for iPad 10th Gen/iPad Pro Air 5th-White</p><p> -30% 0FF </p><p>$13.99</p><a href="https://www.amazon.com/dp/B0D6Y9PJJ3?tag=eloabder-20&linkCode=osi&th=1&psc=1">View Product</a></div><div class="product"><a href="https://www.amazon.com/dp/B07DFFYCXS?tag=eloabder-20&linkCode=osi&th=1&psc=1"><img src="https://m.media-amazon.com/images/I/41NIsYLJG1L._SL500_.jpg" alt="Product Image"></a><p>Digital Caliper, Adoric 0-6" Calipers Measuring Tool - Electronic Micrometer Caliper with Large LCD Screen, Auto-Off Feature, Inch and Millimeter Conversion</p><p> -42% 0FF </p><p>$6.99</p><a href="https://www.amazon.com/dp/B07DFFYCXS?tag=eloabder-20&linkCode=osi&th=1&psc=1">View Product</a></div><div class="product"><a href="https://www.amazon.com/dp/B0CR3S4Y5V?tag=eloabder-20&linkCode=osi&th=1&psc=1"><img src="https://m.media-amazon.com/images/I/417gCCQxz9L._SL500_.jpg" alt="Product Image"></a><p>iPhone Charger 3Pack 10FT Apple MFi Certified Lightning Cable Fast Charging iPhone Charger Cord Compatible with iPhone 14 13 12 11 Pro Max XR XS X 8 7 6 Plus SE and More - Colorful</p><p> -64% 0FF </p><p>$9.99</p><a href="https://www.amazon.com/dp/B0CR3S4Y5V?tag=eloabder-20&linkCode=osi&th=1&psc=1">View Product</a></div><div class="product"><a href="https://www.amazon.com/dp/B0DBHTZ6CD?tag=eloabder-20&linkCode=osi&th=1&psc=1"><img src="https://m.media-amazon.com/images/I/41-NMv8UKZL._SL500_.jpg" alt="Product Image"></a><p>iPhone Charger 3pack 10FT Apple MFi Certified Long Lightning Cable Fast Charging Nylon Braided USB Charging Cable High Speed Transfer Cord for iPhone 14 13/12/11 Pro Max/XS MAX/XR/XS/X/8/7/Plus/6S</p><p> -30% 0FF </p><p>$6.99</p><a href="https://www.amazon.com/dp/B0DBHTZ6CD?tag=eloabder-20&linkCode=osi&th=1&psc=1">View Product</a></div>
<div class="product"><a href="https://www.amazon.com/dp/B09YSJQWRG?tag=eloabder-20&linkCode=osi&th=1&psc=1"><img src="https://m.media-amazon.com/images/I/413B1lBD-hL._SL500_.jpg" alt="Product Image"></a><p>Jesverty DC Power Supply Variable, 0-30V 0-10A Adjustable Switching DC Regulated Bench Power Supply with High Precision 4-Digit LED Display, 5V/2A USB Port, Coarse and Fine Adjustment SPS-3010</p><p> -9% 0FF </p><p>$59.99</p><a href="https://www.amazon.com/dp/B09YSJQWRG?tag=eloabder-20&linkCode=osi&th=1&psc=1">View Product</a></div><div class="product"><a href="https://www.amazon.com/dp/B0C17NLZNH?tag=eloabder-20&linkCode=osi&th=1&psc=1"><img src="https://m.media-amazon.com/images/I/41zjhhWu9lL._SL500_.jpg" alt="Product Image"></a><p>DC Power Supply Variable, 32V 10A Bench Power Supply with Encoder Knob, 4-Digits Display, Adjustable Regulated lab Power Supply with 5V 3.6A USB & Type-C Quick-Charge, Output Switch</p><p> -30% 0FF </p><p>$59.99</p><a href="https://www.amazon.com/dp/B0C17NLZNH?tag=eloabder-20&linkCode=osi&th=1&psc=1">View Product</a></div><div class="product"><a href="https://www.amazon.com/dp/B09BFCF13Y?tag=eloabder-20&linkCode=osi&th=1&psc=1"><img src="https://m.media-amazon.com/images/I/51J2ypqHaML._SL500_.jpg" alt="Product Image"></a><p>DC Power Supply Variable, Bench Power Supply with Encoder Adjustment Knob, Output Enable/Disable Button, Adjustable Power Supply with USB Quick-Charge, Short Circuit Alam (30V 10A Black)</p><p> -43% 0FF </p><p>$39.99</p><a href="https://www.amazon.com/dp/B09BFCF13Y?tag=eloabder-20&linkCode=osi&th=1&psc=1">View Product</a></div><div class="product"><a href="https://www.amazon.com/dp/B0CLY9B5XL?tag=eloabder-20&linkCode=osi&th=1&psc=1"><img src="https://m.media-amazon.com/images/I/41Z-aOJT4pL._SL500_.jpg" alt="Product Image"></a><p>Jesverty DC Power Supply Variable, 0-30V 0-10A Adjustable Switching DC Regulated Bench Power Supply with 20W USB & Type-C Quick-Charge, Encoder Knob, 4-Digit LED Display, Preset Memory - SPS-3010X</p><p> -39% 0FF </p><p>$39.99</p><a href="https://www.amazon.com/dp/B0CLY9B5XL?tag=eloabder-20&linkCode=osi&th=1&psc=1">View Product</a></div><div class="product"><a href="https://www.amazon.com/dp/B00R5CI1W0?tag=eloabder-20&linkCode=osi&th=1&psc=1"><img src="https://m.media-amazon.com/images/I/41ffWbR+GVL._SL500_.jpg" alt="Product Image"></a><p>MEAN WELL NDR-120-24 Single Output Industrial DIN Rail Power Supply, 24 Volts 5 Amps 120 Watts</p><p> -19% 0FF </p><p>$27.00</p><a href="https://www.amazon.com/dp/B00R5CI1W0?tag=eloabder-20&linkCode=osi&th=1&psc=1">View Product</a></div><div class="product"><a href="https://www.amazon.com/dp/B07512KQDW?tag=eloabder-20&linkCode=osi&th=1&psc=1"><img src="https://m.media-amazon.com/images/I/41Z+0wP-6xL._SL500_.jpg" alt="Product Image"></a><p>DC Power Supply Variable,0-30 V / 0-10 A LW-K3010D Adjustable Switching Regulated Power Supply Digital,with Alligator Leads US Power Cord Used for Spectrophotometer and lab Equipment Repair</p><p> -9% 0FF </p><p>$38.99</p><a href="https://www.amazon.com/dp/B07512KQDW?tag=eloabder-20&linkCode=osi&th=1&psc=1">View Product</a></div><div class="product"><a href="https://www.amazon.com/dp/B0CGX39NMK?tag=eloabder-20&linkCode=osi&th=1&psc=1"><img src="https://m.media-amazon.com/images/I/41IyjEYE7iL._SL500_.jpg" alt="Product Image"></a><p>Abestop AT6301 DC Power Supply Variable, 60V/10A/300W Adjustable Bench Power Supply with 10mV / 1mA High Resolution 4-Digits 2.8 inch LCD Display, 5V/1A USB Output</p><p> -11% 0FF </p><p>$129.99</p><a href="https://www.amazon.com/dp/B0CGX39NMK?tag=eloabder-20&linkCode=osi&th=1&psc=1">View Product</a></div>
<div class="product"><a href="https://www.amazon.com/dp/B0BD772SK3?tag=eloabder-20&linkCode=osi&th=1&psc=1"><img src="https://m.media-amazon.com/images/I/516CGhpMaUL._SL500_.jpg" alt="Product Image"></a><p>LED Garage Lights Bulb 2 Pack 180W 18000LM 6500K Led Shop Light with 6 Plus 1 Deformable Panels Basement Barn Ceiling Lights E26 and E27</p><p> -13% 0FF </p><p>$25.99 ($13.00 / Count)</p><a href="https://www.amazon.com/dp/B0BD772SK3?tag=eloabder-20&linkCode=osi&th=1&psc=1">View Product</a></div><div class="product"><a href="https://www.amazon.com/dp/B087JDFH4K?tag=eloabder-20&linkCode=osi&th=1&psc=1"><img src="https://m.media-amazon.com/images/I/310SxRkxkfL._SL500_.jpg" alt="Product Image"></a><p>Amico 6 Pack 6 Inch 5CCT Ultra-Thin LED Recessed Ceiling Light with Junction Box, 2700K/3000K/3500K/4000K/5000K Selectable, 12W Eqv 110W 1050LM Brightness Dimmable Canless Wafer Downlight, ETL & FCC</p><p> -29% 0FF </p><p>$49.99 ($8.33 / Count)</p><a href="https://www.amazon.com/dp/B087JDFH4K?tag=eloabder-20&linkCode=osi&th=1&psc=1">View Product</a></div><div class="product"><a href="https://www.amazon.com/dp/B0BZJ9MTST?tag=eloabder-20&linkCode=osi&th=1&psc=1"><img src="https://m.media-amazon.com/images/I/41nTB2ouhZL._SL500_.jpg" alt="Product Image"></a><p>Amico 36 Pack 6 Inch 5CCT Ultra-Thin LED Recessed Ceiling Light with Junction Box, 2700K/3000K/3500K/4000K/5000K Selectable, 12W Eqv 110W, Dimmable Can-Killer Downlight, 1050LM Brightness - ETL&FCC</p><p> -22% 0FF </p><p>$179.99 ($5.00 / Count)</p><a href="https://www.amazon.com/dp/B0BZJ9MTST?tag=eloabder-20&linkCode=osi&th=1&psc=1">View Product</a></div><div class="product"><a href="https://www.amazon.com/dp/B0B8MJV3HN?tag=eloabder-20&linkCode=osi&th=1&psc=1"><img src="https://m.media-amazon.com/images/I/51J2PJDbNgL._SL500_.jpg" alt="Product Image"></a><p>Ensenior 24 Pack 6 Inch LED Recessed Ceiling Light, Dimmable, 2700K-5000K 5CCT, 1050LM 12W 120V, High Brightness Canless Wafer Downlight - ETL&FCC&IC</p><p> -14% 0FF </p><p>$162.48 ($6.77 / Count)</p><a href="https://www.amazon.com/dp/B0B8MJV3HN?tag=eloabder-20&linkCode=osi&th=1&psc=1">View Product</a></div><div class="product"><a href="https://www.amazon.com/dp/B09QHSY5CP?tag=eloabder-20&linkCode=osi&th=1&psc=1"><img src="https://m.media-amazon.com/images/I/514QSD+bYiL._SL500_.jpg" alt="Product Image"></a><p>2 Pack LED Garage Light, 200W 20000LM 6500K LED Shop Lights, Garage Lights Ceiling Led with 6+1 Deformable Panels, Screw in E26/E27 Socket Bulb for Warehouse, Workshop, Basement, Barn, Garage Lighting</p><p> -18% 0FF </p><p>$26.99 ($13.50 / Count)</p><a href="https://www.amazon.com/dp/B09QHSY5CP?tag=eloabder-20&linkCode=osi&th=1&psc=1">View Product</a></div><div class="product"><a href="https://www.amazon.com/dp/B085SZQCL7?tag=eloabder-20&linkCode=osi&th=1&psc=1"><img src="https://m.media-amazon.com/images/I/41is51nuuHL._SL500_.jpg" alt="Product Image"></a><p>6 Pack 4FT Linkable LED Shop Light, Utility Shop Light Fixture, 4400lm, 42W [250W Equivalent], 5000K Daylight Shop Lights for Garage, Hanging or Surface Mount, with Power Cord, ETL, Black</p><p> -29% 0FF </p><p>$49.69 ($24.84 / Count)</p><a href="https://www.amazon.com/dp/B085SZQCL7?tag=eloabder-20&linkCode=osi&th=1&psc=1">View Product</a></div>
<div class="product"><a href="https://www.amazon.com/dp/B00075M1T6?tag=eloabder-20&linkCode=osi&th=1&psc=1"><img src="https://m.media-amazon.com/images/I/31Qodi9u+XL._SL500_.jpg" alt="Product Image"></a><p>Sunbeam¬Æ Heating Pad Standard Size</p><p> -28% 0FF </p><p>$17.99</p><a href="https://www.amazon.com/dp/B00075M1T6?tag=eloabder-20&linkCode=osi&th=1&psc=1">View Product</a></div><div class="product"><a href="https://www.amazon.com/dp/B08MV3Z3GK?tag=eloabder-20&linkCode=osi&th=1&psc=1"><img src="https://m.media-amazon.com/images/I/51D3Ss7U1DL._SL500_.jpg" alt="Product Image"></a><p>GENIANI King Size Heating Pad for Back Pain & Cramps Relief, FSA HSA Eligible, Auto Shut Off, Machine Washable, Moist Heat Pad for Neck & Shoulder, Knee, Leg, Heat Patches 12'‚Äò√ó24‚Äô‚Äô(Aqua Blue)</p><p> -38% 0FF </p><p>$24.97</p><a href="https://www.amazon.com/dp/B08MV3Z3GK?tag=eloabder-20&linkCode=osi&th=1&psc=1">View Product</a></div><div class="product"><a href="https://www.amazon.com/dp/B0B3MBQC57?tag=eloabder-20&linkCode=osi&th=1&psc=1"><img src="https://m.media-amazon.com/images/I/51nlW3dSxQL._SL500_.jpg" alt="Product Image"></a><p>Heating Pad for Back Pain Relief, Extra Large 33 x 17, Portable Heating Pad for Shoulder, Neck, Cramp, Menstrual Pain, with Upgraded 6 Timer & 6 Temperature Controller</p><p> -56% 0FF </p><p>$39.99 ($1.28 / Ounce)</p><a href="https://www.amazon.com/dp/B0B3MBQC57?tag=eloabder-20&linkCode=osi&th=1&psc=1">View Product</a></div><div class="product"><a href="https://www.amazon.com/dp/B00LX5CR0M?tag=eloabder-20&linkCode=osi&th=1&psc=1"><img src="https://m.media-amazon.com/images/I/51OIEWerJUL._SL500_.jpg" alt="Product Image"></a><p>Sunbeam Heating Pad for Neck & Shoulder Pain Relief, XL Renue, 4 Heat Settings with Auto-Off, Blue, 25-Inch x 25-Inch, Sapphire</p><p> -8% 0FF </p><p>$59.99</p><a href="https://www.amazon.com/dp/B00LX5CR0M?tag=eloabder-20&linkCode=osi&th=1&psc=1">View Product</a></div>
<div class="product"><a href="https://www.amazon.com/dp/B00L2LTYDK?tag=eloabder-20&linkCode=osi&th=1&psc=1"><img src="https://m.media-amazon.com/images/I/418TOAEPGxL._SL500_.jpg" alt="Product Image"></a><p>Ergodyne Chill Its 6602 Cooling Towel, Long Lasting Cooling Relief, Gray 29.50" x 13.00"</p><p> -88% 0FF </p><p>$6.23</p><a href="https://www.amazon.com/dp/B00L2LTYDK?tag=eloabder-20&linkCode=osi&th=1&psc=1">View Product</a></div><div class="product"><a href="https://www.amazon.com/dp/B08SHJ47JL?tag=eloabder-20&linkCode=osi&th=1&psc=1"><img src="https://m.media-amazon.com/images/I/41wR--y8NxL._SL500_.jpg" alt="Product Image"></a><p>Arctic Air Freedom Personal Air Cooler - Portable 3-Speed Neck Fan, Hands-Free Wearable Design, Lightweight, Cordless And Rechargeable</p><p> -34% 0FF </p><p>$19.65</p><a href="https://www.amazon.com/dp/B08SHJ47JL?tag=eloabder-20&linkCode=osi&th=1&psc=1">View Product</a></div><div class="product"><a href="https://www.amazon.com/dp/B003FO2B5U?tag=eloabder-20&linkCode=osi&th=1&psc=1"><img src="https://m.media-amazon.com/images/I/41fgkBDrkxL._SL500_.jpg" alt="Product Image"></a><p>Cool Coolers by Fit + Fresh, 4 Pack Slim Ice Packs, Space Saving Reusable Ice Packs for Lunch Boxes or Coolers, Blue, Single Pack</p><p> -6% 0FF </p><p>$9.44</p><a href="https://www.amazon.com/dp/B003FO2B5U?tag=eloabder-20&linkCode=osi&th=1&psc=1">View Product</a></div><div class="product"><a href="https://www.amazon.com/dp/B008A6M34C?tag=eloabder-20&linkCode=osi&th=1&psc=1"><img src="https://m.media-amazon.com/images/I/41ytzrZrLcL._SL500_.jpg" alt="Product Image"></a><p>FlexiKold Gel Soft Flexible Ice Packs for Injuries - Reusable Freezer Cold Pack, Cold Compress & Cooling Gel Pad for Face, Shoulder, Hip, Leg, Arm, Ankle & Foot Injury - Medium - 7.5‚Äù x 11.5‚Äù</p><p> -56% 0FF </p><p>$10.99 ($10.99 / Count)</p><a href="https://www.amazon.com/dp/B008A6M34C?tag=eloabder-20&linkCode=osi&th=1&psc=1">View Product</a></div><div class="product"><a href="https://www.amazon.com/dp/B00GAU74IK?tag=eloabder-20&linkCode=osi&th=1&psc=1"><img src="https://m.media-amazon.com/images/I/41n1pSkwTeL._SL500_.jpg" alt="Product Image"></a><p>BEKOOOL Soft Gel Sheets for Kids for Cooling Relief from Fever discomfort | 4 Count</p><p> -33% 0FF </p><p>$3.99 ($1.00 / Count)</p><a href="https://www.amazon.com/dp/B00GAU74IK?tag=eloabder-20&linkCode=osi&th=1&psc=1">View Product</a></div><div class="product"><a href="https://www.amazon.com/dp/B0CMJMB9J2?tag=eloabder-20&linkCode=osi&th=1&psc=1"><img src="https://m.media-amazon.com/images/I/41t6as6YB8L._SL500_.jpg" alt="Product Image"></a><p>TheraICE Shoulder Ice Pack Wrap/Reusable Ice Pack for Rotator Cuff & Shoulder Pain Relief Cold Therapy Compression/FocusZone Technology with Extra Cooling Support for Targeted Pain Relief</p><p> -33% 0FF </p><p>$39.95 ($39.95 / Count)</p><a href="https://www.amazon.com/dp/B0CMJMB9J2?tag=eloabder-20&linkCode=osi&th=1&psc=1">View Product</a></div>
<div class="product"><a href="https://www.amazon.com/dp/B07SHB2WF9?tag=eloabder-20&linkCode=osi&th=1&psc=1"><img src="https://m.media-amazon.com/images/I/51jQaLCBOvL._SL500_.jpg" alt="Product Image"></a><p>VIVOSUN 4 Inch 190 CFM Inline Fan with Speed Controller, 4 Inch Carbon Filter and 8 Feet of Ducting, Temperature Humidity Monitor for Grow Tent Ventilation</p><p> -16% 0FF </p><p>$129.99</p><a href="https://www.amazon.com/dp/B07SHB2WF9?tag=eloabder-20&linkCode=osi&th=1&psc=1">View Product</a></div><div class="product"><a href="https://www.amazon.com/dp/B01C82SYZ0?tag=eloabder-20&linkCode=osi&th=1&psc=1"><img src="https://m.media-amazon.com/images/I/412vSql4EpL._SL500_.jpg" alt="Product Image"></a><p>VIVOSUN 4 Inch Inline Duct Fan 100 CFM, HVAC Exhaust Ventilation Fan with Low Noise for Basements, Bathrooms, Kitchens and Attics, Silver</p><p> -8% 0FF </p><p>$22.99</p><a href="https://www.amazon.com/dp/B01C82SYZ0?tag=eloabder-20&linkCode=osi&th=1&psc=1">View Product</a></div><div class="product"><a href="https://www.amazon.com/dp/B0D2P8ZHLD?tag=eloabder-20&linkCode=osi&th=1&psc=1"><img src="https://m.media-amazon.com/images/I/41Y+uClljFL._SL500_.jpg" alt="Product Image"></a><p>Multifunctional 3D Printer Enclosure w/Adjustable Ventilation Kit Eliminate Odors Tent Cover Compatible with Anycubic Photon Mono, Elegoo Saturn/Mars 3/4 & Creality Halot Series Resin 3D Printer</p><p> -6% 0FF </p><p>$65.88</p><a href="https://www.amazon.com/dp/B0D2P8ZHLD?tag=eloabder-20&linkCode=osi&th=1&psc=1">View Product</a></div><div class="product"><a href="https://www.amazon.com/dp/B0CS6K1TM4?tag=eloabder-20&linkCode=osi&th=1&psc=1"><img src="https://m.media-amazon.com/images/I/51Xfkoo1eTL._SL500_.jpg" alt="Product Image"></a><p>HOCENWAY Upgrade 3-Layers Filter System Smoke Exhaust Kit with 5000RPM Fan and Speed Control Power Adapter for All Laser Engraver 3D Printer Enclosure Tent Cover DIY (Ventilation Kit)</p><p> -8% 0FF </p><p>$27.48</p><a href="https://www.amazon.com/dp/B0CS6K1TM4?tag=eloabder-20&linkCode=osi&th=1&psc=1">View Product</a></div>
<div class="product"><a href="https://www.amazon.com/dp/B086QNLBB4?tag=eloabder-20&linkCode=osi&th=1&psc=1"><img src="https://m.media-amazon.com/images/I/41qiFymeklL._SL500_.jpg" alt="Product Image"></a><p>Waterdrop Gravity Water Filter Straw, Camping Water Filtration System, Water Purifier Survival for Travel, Backpacking and Emergency Preparedness, 1.5 gal Bag, 0.1 Micron, 5 Stage Filtration</p><p> -7% 0FF </p><p>$39.99</p><a href="https://www.amazon.com/dp/B086QNLBB4?tag=eloabder-20&linkCode=osi&th=1&psc=1">View Product</a></div><div class="product"><a href="https://www.amazon.com/dp/B0BBQNZK7Y?tag=eloabder-20&linkCode=osi&th=1&psc=1"><img src="https://m.media-amazon.com/images/I/41uwbKvNw5L._SL500_.jpg" alt="Product Image"></a><p>SimPure V7 Under Sink Water Filter, 5-Stage Stainless Steel Water Filtration System Direct Connect to Kitchen Faucet, Reduces 99% Lead, Chlorine, Bad Taste, 20K Gallons (No Drilling Required)</p><p> -18% 0FF </p><p>$65.99 ($30.00 / kg)</p><a href="https://www.amazon.com/dp/B0BBQNZK7Y?tag=eloabder-20&linkCode=osi&th=1&psc=1">View Product</a></div><div class="product"><a href="https://www.amazon.com/dp/B07CHXVRS5?tag=eloabder-20&linkCode=osi&th=1&psc=1"><img src="https://m.media-amazon.com/images/I/41KdIPuSgRL._SL500_.jpg" alt="Product Image"></a><p>iSpring US31 Classic 3-Stage Under Sink Water Filtration System for Drinking, Tankless, High Capacity, Sediment + Carbon + Carbon (Newest Version)</p><p> -26% 0FF </p><p>$101.16</p><a href="https://www.amazon.com/dp/B07CHXVRS5?tag=eloabder-20&linkCode=osi&th=1&psc=1">View Product</a></div><div class="product"><a href="https://www.amazon.com/dp/B00QFXGSIY?tag=eloabder-20&linkCode=osi&th=1&psc=1"><img src="https://m.media-amazon.com/images/I/31c5SLHf3GL._SL500_.jpg" alt="Product Image"></a><p>Survivor Filter PRO - Hand Pump Camping Water Filtration System Survival - Water Purifier Survival</p><p> -20% 0FF </p><p>$55.96</p><a href="https://www.amazon.com/dp/B00QFXGSIY?tag=eloabder-20&linkCode=osi&th=1&psc=1">View Product</a></div>
<div class="product"><a href="https://www.amazon.com/dp/B0D8NXKXBK?tag=eloabder-20&linkCode=osi&th=1&psc=1"><img src="https://m.media-amazon.com/images/I/31sV17bo3CL._SL500_.jpg" alt="Product Image"></a><p>Pro Electric Water Purifier Survival w/Hand Pump, Portable Water Filter Camping Backpacking Hiking Outdoor Travel Emergency, Water Filtration System Survival, Water Purification Tablets Alternative</p><p> -20% 0FF </p><p>$79.99</p><a href="https://www.amazon.com/dp/B0D8NXKXBK?tag=eloabder-20&linkCode=osi&th=1&psc=1">View Product</a></div><div class="product"><a href="https://www.amazon.com/dp/B07PZBY7RL?tag=eloabder-20&linkCode=osi&th=1&psc=1"><img src="https://m.media-amazon.com/images/I/41YJFTk3wDL._SL500_.jpg" alt="Product Image"></a><p>Invigorated Water Alkaline Water Purification Unit, White, Plastic, pH001 Filter Included, Convenient Anti-Slip Design</p><p> -36% 0FF </p><p>$50.00</p><a href="https://www.amazon.com/dp/B07PZBY7RL?tag=eloabder-20&linkCode=osi&th=1&psc=1">View Product</a></div>
<div class="product"><a href="https://www.amazon.com/dp/B0CJ1B6D6S?tag=eloabder-20&linkCode=osi&th=1&psc=1"><img src="https://m.media-amazon.com/images/I/41Upf8lJ6ML._SL500_.jpg" alt="Product Image"></a><p>Scrub Daddy Scrub Mommy Sponges - Dish Scrubber + Non-Scratch Cleaning Sponges Kitchen, Bathroom + Multi-Surface Safe - Dual-Sided Dish Sponges for Scrubbing - Online Exclusive (3 Count)</p><p> -7% 0FF </p><p>$13.00 ($4.33 / Count)</p><a href="https://www.amazon.com/dp/B0CJ1B6D6S?tag=eloabder-20&linkCode=osi&th=1&psc=1">View Product</a></div><div class="product"><a href="https://www.amazon.com/dp/B07HF1GTYN?tag=eloabder-20&linkCode=osi&th=1&psc=1"><img src="https://m.media-amazon.com/images/I/61pFb41tDhL._SL500_.jpg" alt="Product Image"></a><p>Tamicy Mop Slippers Shoes 5 Pairs (10 Pieces) - Microfiber Cleaning House Mop Slippers Floor Cleaning Tools Shoe Cover Soft Washable Reusable Microfiber Foot Socks Floor Cleaning Tools Shoe Cover</p><p> -58% 0FF </p><p>$9.98 ($2.00 / Count)</p><a href="https://www.amazon.com/dp/B07HF1GTYN?tag=eloabder-20&linkCode=osi&th=1&psc=1">View Product</a></div><div class="product"><a href="https://www.amazon.com/dp/B07F268WY8?tag=eloabder-20&linkCode=osi&th=1&psc=1"><img src="https://m.media-amazon.com/images/I/51hKjGZILAL._SL500_.jpg" alt="Product Image"></a><p>Holikme 2 Pack Dryer Vent Cleaner Kit Clothes Dryer Lint Brush Vent Trap Cleaner Home Essentials Long Flexible Vacuum Brush</p><p> -50% 0FF </p><p>$7.99 ($4.00 / Count)</p><a href="https://www.amazon.com/dp/B07F268WY8?tag=eloabder-20&linkCode=osi&th=1&psc=1">View Product</a></div>


<div class="product"><a href="https://www.amazon.com/dp/B06XJ17JVD?tag=eloabder-20&linkCode=osi&th=1&psc=1"><img src="https://m.media-amazon.com/images/I/51OoCqwxbrL._SL500_.jpg" alt="Product Image"></a><p>Rust-Oleum 293513 Rocksolid Polycuramine Garage Oil Floor Coating, 2.5 Car Kit, Gray, 180 Fl Oz (Pack of 1)</p><p> -35% 0FF </p><p>$240.00 ($1.33 / Fl Oz)</p><a href="https://www.amazon.com/dp/B06XJ17JVD?tag=eloabder-20&linkCode=osi&th=1&psc=1">View Product</a></div><div class="product"><a href="https://www.amazon.com/dp/B099SFV2MB?tag=eloabder-20&linkCode=osi&th=1&psc=1"><img src="https://m.media-amazon.com/images/I/41SuYdUgtXL._SL500_.jpg" alt="Product Image"></a><p>Adam's Polishes Advanced Graphene Ceramic Coating - 10H Graphene Coating for Auto Detailing, 9+ Years of Car Protection & Patented UV Technology, Apply After Car Wash & Paint Correction</p><p> -15% 0FF </p><p>$138.54</p><a href="https://www.amazon.com/dp/B099SFV2MB?tag=eloabder-20&linkCode=osi&th=1&psc=1">View Product</a></div><div class="product"><a href="https://www.amazon.com/dp/B07B8RY7M6?tag=eloabder-20&linkCode=osi&th=1&psc=1"><img src="https://m.media-amazon.com/images/I/31G91iuk9RL._SL500_.jpg" alt="Product Image"></a><p>MG Chemicals - 419D-55ML 419D Premium Acrylic Conformal Coating, 55 mL Bottle, IPC 830, UL 94V-0 (File # E203094), Clear, 1.86 Fl Oz (Pack of 1)</p><p> -17% 0FF </p><p>$15.95 ($8.62 / Fl Oz)</p><a href="https://www.amazon.com/dp/B07B8RY7M6?tag=eloabder-20&linkCode=osi&th=1&psc=1">View Product</a></div>
<div class="product"><a href="https://www.amazon.com/dp/B005E9KJYE?tag=eloabder-20&linkCode=osi&th=1&psc=1"><img src="https://m.media-amazon.com/images/I/517PNa1vQiL._SL500_.jpg" alt="Product Image"></a><p>Colorations - SWT16 Simply Washable Tempera Paints, 16 fl oz, Set of 11 Colors, Non Toxic, Vibrant, Bold, Kids Paint, Craft, Hobby, Arts & Crafts, Fun, Art Supplies</p><p> -15% 0FF </p><p>$45.89 ($0.26 / Fl Oz)</p><a href="https://www.amazon.com/dp/B005E9KJYE?tag=eloabder-20&linkCode=osi&th=1&psc=1">View Product</a></div><div class="product"><a href="https://www.amazon.com/dp/B01HZP45BM?tag=eloabder-20&linkCode=osi&th=1&psc=1"><img src="https://m.media-amazon.com/images/I/51qsgeT-koL._SL500_.jpg" alt="Product Image"></a><p>Colorations Washable Tempera Paint, Set of 6 Colors, 8oz Each, Non Toxic Paint, Vibrant Paint, Craft Paint Children, Art Supplies, Homeschool, Home School Use</p><p> -15% 0FF </p><p>$16.99 ($0.35 / Fl Oz)</p><a href="https://www.amazon.com/dp/B01HZP45BM?tag=eloabder-20&linkCode=osi&th=1&psc=1">View Product</a></div><div class="product"><a href="https://www.amazon.com/dp/B01HZP4IFA?tag=eloabder-20&linkCode=osi&th=1&psc=1"><img src="https://m.media-amazon.com/images/I/41tdzr9-azL._SL500_.jpg" alt="Product Image"></a><p>Colorations - LWPACK Liquid Watercolor Paint, 4 fl oz, Set of 6, Non-Toxic, Painting, Kids, Craft, Hobby, Fun, Water Color, Posters, Cool Effects, Versatile, Gift</p><p> -10% 0FF </p><p>$18.89 ($0.79 / Fl Oz)</p><a href="https://www.amazon.com/dp/B01HZP4IFA?tag=eloabder-20&linkCode=osi&th=1&psc=1">View Product</a></div><div class="product"><a href="https://www.amazon.com/dp/B000PIK1YC?tag=eloabder-20&linkCode=osi&th=1&psc=1"><img src="https://m.media-amazon.com/images/I/31-jP8tO9yL._SL500_.jpg" alt="Product Image"></a><p>Rust-Oleum 7579838 Professional High Performance Enamel Spray Paint, 15 Oz, Gloss Black</p><p> -9% 0FF </p><p>$9.98 ($0.67 / Ounce)</p><a href="https://www.amazon.com/dp/B000PIK1YC?tag=eloabder-20&linkCode=osi&th=1&psc=1">View Product</a></div>


<div class="product"><a href="https://www.amazon.com/dp/B002SG7PPC?tag=eloabder-20&linkCode=osi&th=1&psc=1"><img src="https://m.media-amazon.com/images/I/31YVD0b4-1L._SL500_.jpg" alt="Product Image"></a><p>Mitutoyo 050101, Edge Finder, 3/8" Dia. Shank, .200" Dia. Tip</p><p> -21% 0FF </p><p>$16.55</p><a href="https://www.amazon.com/dp/B002SG7PPC?tag=eloabder-20&linkCode=osi&th=1&psc=1">View Product</a></div><div class="product"><a href="https://www.amazon.com/dp/1259827445?tag=eloabder-20&linkCode=osi&th=1&psc=1"><img src="https://m.media-amazon.com/images/I/41+0n7UFhrL._SL500_.jpg" alt="Product Image"></a><p>Machining and CNC Technology</p><p> -42% 0FF </p><p>$199.97</p><a href="https://www.amazon.com/dp/1259827445?tag=eloabder-20&linkCode=osi&th=1&psc=1">View Product</a></div><div class="product"><a href="https://www.amazon.com/dp/B07RM1D6WD?tag=eloabder-20&linkCode=osi&th=1&psc=1"><img src="https://m.media-amazon.com/images/I/41WW3tVXkmL._SL500_.jpg" alt="Product Image"></a><p>AFA Tooling - Deburring Tool with 11 High Speed Steel Swivel Blades - Works on Metal, Resin, PVC Pipes, Copper, Plastic and 3D Printed Edges - Plumbing & 3D Printing Burr Removal Reamer Tool</p><p> -20% 0FF </p><p>$15.95 ($9.11 / 100 g)</p><a href="https://www.amazon.com/dp/B07RM1D6WD?tag=eloabder-20&linkCode=osi&th=1&psc=1">View Product</a></div>
<div class="product"><a href="https://www.amazon.com/dp/B08VHYX96W?tag=eloabder-20&linkCode=osi&th=1&psc=1"><img src="https://m.media-amazon.com/images/I/518vzX0FwcL._SL500_.jpg" alt="Product Image"></a><p>HARDELL Mini Cordless Rotary Tool Kit, 5-Speed and USB Charging with 61 Accessories, Multi-Purpose 3.7V Power Rotary Tool for Sanding, Polishing, Drilling, Etching, Engraving, DIY Crafts</p><p> -17% 0FF </p><p>$24.99</p><a href="https://www.amazon.com/dp/B08VHYX96W?tag=eloabder-20&linkCode=osi&th=1&psc=1">View Product</a></div><div class="product"><a href="https://www.amazon.com/dp/B093229VY9?tag=eloabder-20&linkCode=osi&th=1&psc=1"><img src="https://m.media-amazon.com/images/I/51Wby41ESCL._SL500_.jpg" alt="Product Image"></a><p>KATA 4-PACK Folding Utility Knife, Heavy Duty Box Cutter with 20pcs SK5 Quick Change Blades, Safety Lock Back Design, Used for Cutting Cartons, Cardboards and Boxes</p><p> -23% 0FF </p><p>$9.99 ($2.50 / Count)</p><a href="https://www.amazon.com/dp/B093229VY9?tag=eloabder-20&linkCode=osi&th=1&psc=1">View Product</a></div><div class="product"><a href="https://www.amazon.com/dp/B09QXBC6XL?tag=eloabder-20&linkCode=osi&th=1&psc=1"><img src="https://m.media-amazon.com/images/I/41JcpPv9cXL._SL500_.jpg" alt="Product Image"></a><p>180W Rotary Tool Kit, 1.5-Amp PHALANX 6 Variable Speed with Flex Shaft, 8000-32000RPM Multi-Tool& 139pcs Accessories Kit, Power Multiuse Set Prefect for Crafting Projects and DIY Creations‚Ä¶</p><p> -23% 0FF </p><p>$39.99</p><a href="https://www.amazon.com/dp/B09QXBC6XL?tag=eloabder-20&linkCode=osi&th=1&psc=1">View Product</a></div><div class="product"><a href="https://www.amazon.com/dp/B07GR7QF63?tag=eloabder-20&linkCode=osi&th=1&psc=1"><img src="https://m.media-amazon.com/images/I/319qwqAeKXL._SL500_.jpg" alt="Product Image"></a><p>IGAN-170 Wire Cutters, Precision Electronics Flush Cutter, One of the Strongest and Sharpest Side Cutting pliers with an Opening Spring, Ideal for Ultra-fine Cutting Needs.</p><p> -24% 0FF </p><p>$6.97</p><a href="https://www.amazon.com/dp/B07GR7QF63?tag=eloabder-20&linkCode=osi&th=1&psc=1">View Product</a></div>

<div class="product"><a href="https://www.amazon.com/dp/B01LRVX4AS?tag=eloabder-20&linkCode=osi&th=1&psc=1"><img src="https://m.media-amazon.com/images/I/41eRX8GkL8L._SL500_.jpg" alt="Product Image"></a><p>JKSafety 9 Pockets Class 2 High Visibility Zipper Front Safety Vest With Reflective Strips,Meets ANSI/ISEA Standard (Large, 150-Yellow)</p><p> -10% 0FF </p><p>$8.99</p><a href="https://www.amazon.com/dp/B01LRVX4AS?tag=eloabder-20&linkCode=osi&th=1&psc=1">View Product</a></div><div class="product"><a href="https://www.amazon.com/dp/B01LDPHX7S?tag=eloabder-20&linkCode=osi&th=1&psc=1"><img src="https://m.media-amazon.com/images/I/41pcC4hFanL._SL500_.jpg" alt="Product Image"></a><p>Ergodyne GloWear 8377 Type R Class 3 Lime Quilted Bomber Jacket, High Visibility Reflective Insulation, X-Large</p><p> -17% 0FF </p><p>$34.99</p><a href="https://www.amazon.com/dp/B01LDPHX7S?tag=eloabder-20&linkCode=osi&th=1&psc=1">View Product</a></div><div class="product"><a href="https://www.amazon.com/dp/B0CRV7G3WW?tag=eloabder-20&linkCode=osi&th=1&psc=1"><img src="https://m.media-amazon.com/images/I/41KOsJq8HTL._SL500_.jpg" alt="Product Image"></a><p>Bilymate LED Reflective Vest Running Gear,High Visibility with usb Rechargeable Light Up safety Vest for Walking Running Cycling,Adjustable for Men Women Kids Flourence Green</p><p> -50% 0FF </p><p>$6.45</p><a href="https://www.amazon.com/dp/B0CRV7G3WW?tag=eloabder-20&linkCode=osi&th=1&psc=1">View Product</a></div>
<div class="product"><a href="https://www.amazon.com/dp/B01N2ZTB7M?tag=eloabder-20&linkCode=osi&th=1&psc=1"><img src="https://m.media-amazon.com/images/I/419b0AGprhL._SL500_.jpg" alt="Product Image"></a><p>Sellstrom Advantage Face Shield - Lightweight Mask with Crown & Ratchet Headgear, for Work, Grinding, Cutting - ANSI Z87.1 - Clear Uncoated Polycarbonate Window</p><p> -8% 0FF </p><p>$14.39</p><a href="https://www.amazon.com/dp/B01N2ZTB7M?tag=eloabder-20&linkCode=osi&th=1&psc=1">View Product</a></div><div class="product"><a href="https://www.amazon.com/dp/B008MCUZZS?tag=eloabder-20&linkCode=osi&th=1&psc=1"><img src="https://m.media-amazon.com/images/I/51FPpkx4CEL._SL500_.jpg" alt="Product Image"></a><p>3M 8210 Particulate Respirator, N95, Pack of 20 Disposable Respirator, Two-Strap Cup Style Design, Lightweight with Cushioning Nose Foam, NIOSH Approved</p><p> -45% 0FF </p><p>$15.49 ($0.77 / Count)</p><a href="https://www.amazon.com/dp/B008MCUZZS?tag=eloabder-20&linkCode=osi&th=1&psc=1">View Product</a></div><div class="product"><a href="https://www.amazon.com/dp/B08GBRY816?tag=eloabder-20&linkCode=osi&th=1&psc=1"><img src="https://m.media-amazon.com/images/I/51Z0iPJV4uL._SL500_.jpg" alt="Product Image"></a><p>NEIKO 53880A Forestry Helmet for Safety with Shield and Earmuffs, Chainsaw Helmet with Face Shield, Hard Hat Safety Gear Equipment, Protective Face Shield and Mesh Shield for Face Protection</p><p> -18% 0FF </p><p>$27.16</p><a href="https://www.amazon.com/dp/B08GBRY816?tag=eloabder-20&linkCode=osi&th=1&psc=1">View Product</a></div><div class="product"><a href="https://www.amazon.com/dp/B0BLF15Y9Q?tag=eloabder-20&linkCode=osi&th=1&psc=1"><img src="https://m.media-amazon.com/images/I/51+GJrSaWPL._SL500_.jpg" alt="Product Image"></a><p>Tanden Skating Protective Gear Adult Knee and Elbow Pads Wrist Guards for Roller Skating Skateboarding, Skate Pads Adult Knee Pads for Men Women Black</p><p> -6% 0FF </p><p>$26.99</p><a href="https://www.amazon.com/dp/B0BLF15Y9Q?tag=eloabder-20&linkCode=osi&th=1&psc=1">View Product</a></div>
<div class="product"><a href="https://www.amazon.com/dp/B0C9SBFGZR?tag=eloabder-20&linkCode=osi&th=1&psc=1"><img src="https://m.media-amazon.com/images/I/51yTPVBbEUL._SL500_.jpg" alt="Product Image"></a><p>Supmedic Nitrile Exam Glove, 3.5 mil Disposable Medical Gloves Powder-Free Latex-Free, Box of 100 pcs (Blue) (Medium)</p><p> -16% 0FF </p><p>$8.42</p><a href="https://www.amazon.com/dp/B0C9SBFGZR?tag=eloabder-20&linkCode=osi&th=1&psc=1">View Product</a></div><div class="product"><a href="https://www.amazon.com/dp/B07KYWVCP6?tag=eloabder-20&linkCode=osi&th=1&psc=1"><img src="https://m.media-amazon.com/images/I/41q59vUJw6L._SL500_.jpg" alt="Product Image"></a><p>MED PRIDE Medical Vinyl Examination Gloves (Large, 100-Count) Latex & Rubber Free, Ultra-Strong, Clear Disposable Powder-Free Gloves for Healthcare & Food Handling Use</p><p> -11% 0FF </p><p>$7.99 ($0.08 / Count)</p><a href="https://www.amazon.com/dp/B07KYWVCP6?tag=eloabder-20&linkCode=osi&th=1&psc=1">View Product</a></div><div class="product"><a href="https://www.amazon.com/dp/B09KTQMMCM?tag=eloabder-20&linkCode=osi&th=1&psc=1"><img src="https://m.media-amazon.com/images/I/41mQ4yEa-wL._SL500_.jpg" alt="Product Image"></a><p>Schneider Black Vinyl Exam Gloves, 4mil, Disposable Latex-Free, Plastic Gloves for Medical, Cooking, Cleaning, and Food Prep, Sizes Medium</p><p> -20% 0FF </p><p>$7.99</p><a href="https://www.amazon.com/dp/B09KTQMMCM?tag=eloabder-20&linkCode=osi&th=1&psc=1">View Product</a></div><div class="product"><a href="https://www.amazon.com/dp/B09KRT18KC?tag=eloabder-20&linkCode=osi&th=1&psc=1"><img src="https://m.media-amazon.com/images/I/415qb2LeE6L._SL500_.jpg" alt="Product Image"></a><p>Schneider Clear Vinyl Exam Gloves, 4-mil, Medium 100-ct Box, Latex-Free, Rubber Disposable Gloves For Medical, Cleaning , Food Prep, Food Safe, Powder-Free, Non-Sterile</p><p> -20% 0FF </p><p>$7.97 ($0.08 / Count)</p><a href="https://www.amazon.com/dp/B09KRT18KC?tag=eloabder-20&linkCode=osi&th=1&psc=1">View Product</a></div><div class="product"><a href="https://www.amazon.com/dp/B08WJQR2CR?tag=eloabder-20&linkCode=osi&th=1&psc=1"><img src="https://m.media-amazon.com/images/I/414Y7CgkL2L._SL500_.jpg" alt="Product Image"></a><p>FifthPulse Black Vinyl Disposable Gloves Large 50 Pack - Latex Free, Powder Free Medical Exam Gloves - Surgical, Home, Cleaning, and Food Gloves - 3 Mil Thickness</p><p> -60% 0FF </p><p>$5.59</p><a href="https://www.amazon.com/dp/B08WJQR2CR?tag=eloabder-20&linkCode=osi&th=1&psc=1">View Product</a></div><div class="product"><a href="https://www.amazon.com/dp/B0C9MZRBR7?tag=eloabder-20&linkCode=osi&th=1&psc=1"><img src="https://m.media-amazon.com/images/I/41STIBt58JL._SL500_.jpg" alt="Product Image"></a><p>Caring Nitrile Exam Gloves (100ct), Powder Free and Not Made with Natural Rubber Latex, Gloves for Medical Use, Cleaning, Food Prep and More, Large</p><p> -13% 0FF </p><p>$6.99</p><a href="https://www.amazon.com/dp/B0C9MZRBR7?tag=eloabder-20&linkCode=osi&th=1&psc=1">View Product</a></div><div class="product"><a href="https://www.amazon.com/dp/B087LXWY99?tag=eloabder-20&linkCode=osi&th=1&psc=1"><img src="https://m.media-amazon.com/images/I/51ILZr2xj3L._SL500_.jpg" alt="Product Image"></a><p>Basic Medical Blue Nitrile Exam Gloves - Latex-Free & Powder-Free - NGPF-7002 (Case of 1,000), Medium</p><p> -16% 0FF </p><p>$32.82 ($0.03 / Count)</p><a href="https://www.amazon.com/dp/B087LXWY99?tag=eloabder-20&linkCode=osi&th=1&psc=1">View Product</a></div>
<div class="product"><a href="https://www.amazon.com/dp/B09P4DBZHY?tag=eloabder-20&linkCode=osi&th=1&psc=1"><img src="https://m.media-amazon.com/images/I/31YZa5T8JCL._SL500_.jpg" alt="Product Image"></a><p>3M Hard Hat SecureFit H-701SFR-UV, White, Non-Vented Cap Style Safety Helmet with Uvicator Sensor, 4-Point Pressure Diffusion Ratchet Suspension, ANSI Z87.1</p><p> -12% 0FF </p><p>$16.25</p><a href="https://www.amazon.com/dp/B09P4DBZHY?tag=eloabder-20&linkCode=osi&th=1&psc=1">View Product</a></div><div class="product"><a href="https://www.amazon.com/dp/B09VBV3T78?tag=eloabder-20&linkCode=osi&th=1&psc=1"><img src="https://m.media-amazon.com/images/I/31BEt7CIKkL._SL500_.jpg" alt="Product Image"></a><p>UNINOVA Vented Hard Hat with Visor OSHA Construction Safety Helmet 6 pt. Ratchet Suspension Cascos De Construccion ANSI Z89.1 Type I Class C Hardhats(S1 White Smoked)</p><p> -46% 0FF </p><p>$29.99</p><a href="https://www.amazon.com/dp/B09VBV3T78?tag=eloabder-20&linkCode=osi&th=1&psc=1">View Product</a></div>
<div class="product"><a href="https://www.amazon.com/dp/B08C7HDF1F?tag=eloabder-20&linkCode=osi&th=1&psc=1"><img src="https://m.media-amazon.com/images/I/51v5EoPjf3L._SL500_.jpg" alt="Product Image"></a><p>NNPCBT 100PCS 3 Ply Black Disposable Face Mask Filter Protection Face Masks</p><p> -33% 0FF </p><p>$9.98 ($0.10 / Count)</p><a href="https://www.amazon.com/dp/B08C7HDF1F?tag=eloabder-20&linkCode=osi&th=1&psc=1">View Product</a></div><div class="product"><a href="https://www.amazon.com/dp/B09GNXYWDQ?tag=eloabder-20&linkCode=osi&th=1&psc=1"><img src="https://m.media-amazon.com/images/I/41VrygLbB9L._SL500_.jpg" alt="Product Image"></a><p>Gleeporte [Pack Of 100] Black Disposable Face Mask, 3-Ply Adult Masks, Facial Cover with Elastic Earloops For Home, Office, School, and Outdoors</p><p> -22% 0FF </p><p>$6.99 ($0.07 / Count)</p><a href="https://www.amazon.com/dp/B09GNXYWDQ?tag=eloabder-20&linkCode=osi&th=1&psc=1">View Product</a></div><div class="product"><a href="https://www.amazon.com/dp/B08Y8NVW6Y?tag=eloabder-20&linkCode=osi&th=1&psc=1"><img src="https://m.media-amazon.com/images/I/51-zA01VM0L._SL500_.jpg" alt="Product Image"></a><p>LEMENT 50pcs KN95 Face Mask Black 5 Layer Cup Dust Safety Masks Filter Efficiency‚â•95% Breathable Elastic Ear Loops Black Masks</p><p> -33% 0FF </p><p>$19.99 ($0.40 / Count)</p><a href="https://www.amazon.com/dp/B08Y8NVW6Y?tag=eloabder-20&linkCode=osi&th=1&psc=1">View Product</a></div><div class="product"><a href="https://www.amazon.com/dp/B089TX3BPY?tag=eloabder-20&linkCode=osi&th=1&psc=1"><img src="https://m.media-amazon.com/images/I/41qr1sidczL._SL500_.jpg" alt="Product Image"></a><p>Hygenix 3ply Disposable Face Masks PFE 99% Filter Quality Tested by a US lab (Pack of 50 Pcs)</p><p> -13% 0FF </p><p>$12.99 ($0.26 / Count)</p><a href="https://www.amazon.com/dp/B089TX3BPY?tag=eloabder-20&linkCode=osi&th=1&psc=1">View Product</a></div><div class="product"><a href="https://www.amazon.com/dp/B09GLY1S79?tag=eloabder-20&linkCode=osi&th=1&psc=1"><img src="https://m.media-amazon.com/images/I/511vKreiG-L._SL500_.jpg" alt="Product Image"></a><p>Funight KN95 Face Masks 50 Pack 5-Ply Breathable Filter Disposable Face Masks Black</p><p> -50% 0FF </p><p>$19.99 ($0.40 / Count)</p><a href="https://www.amazon.com/dp/B09GLY1S79?tag=eloabder-20&linkCode=osi&th=1&psc=1">View Product</a></div>
<div class="product"><a href="https://www.amazon.com/dp/B07MNZ7C1M?tag=eloabder-20&linkCode=osi&th=1&psc=1"><img src="https://m.media-amazon.com/images/I/41qn5bUxuzL._SL500_.jpg" alt="Product Image"></a><p>ProCase Noise Reduction Ear Muffs, SNR 34dB Noise Cancelling Headphones for Adults Kids Autism, Adjustable Sound Proof Ear Protection for Shooting Mowing Construction -Red</p><p> -21% 0FF </p><p>$14.99</p><a href="https://www.amazon.com/dp/B07MNZ7C1M?tag=eloabder-20&linkCode=osi&th=1&psc=1">View Product</a></div><div class="product"><a href="https://www.amazon.com/dp/B0C5SMT3TX?tag=eloabder-20&linkCode=osi&th=1&psc=1"><img src="https://m.media-amazon.com/images/I/31TGEeMQNBL._SL500_.jpg" alt="Product Image"></a><p>ZOHAN 012 Hearing Protection Earmuffs for Noise Reduction - NRR 28dB Adjustable Safety Ear Muffs for Mowing, Autism, Sporting Events, Outdoor Work, Construction - Purple</p><p> -50% 0FF </p><p>$7.99</p><a href="https://www.amazon.com/dp/B0C5SMT3TX?tag=eloabder-20&linkCode=osi&th=1&psc=1">View Product</a></div><div class="product"><a href="https://www.amazon.com/dp/B01MXYJ2QP?tag=eloabder-20&linkCode=osi&th=1&psc=1"><img src="https://m.media-amazon.com/images/I/412QOjQpaKL._SL500_.jpg" alt="Product Image"></a><p>3M Pro-Grade Earmuff, Noise Reduction Rating (NRR) 30 dB, Lightweight & Adjustable Ear Muffs, Reduce Pressure Points For All-Day Comfort, Steel Wire Headband With Rubber Overmold Design (90565-4DC-PS)</p><p> -19% 0FF </p><p>$27.49</p><a href="https://www.amazon.com/dp/B01MXYJ2QP?tag=eloabder-20&linkCode=osi&th=1&psc=1">View Product</a></div><div class="product"><a href="https://www.amazon.com/dp/B01N7LMH5K?tag=eloabder-20&linkCode=osi&th=1&psc=1"><img src="https://m.media-amazon.com/images/I/516EUUjXKUL._SL500_.jpg" alt="Product Image"></a><p>10 Pair Corded Reusable Ear Plugs for Shooting Range Ear Protection for Gun Range - Hunting Ear Plugs for Construction Firearm Ear Protection Shooting Gun Hearing Protection Ear Plugs Corded</p><p> -13% 0FF </p><p>$6.95 ($0.70 / Count)</p><a href="https://www.amazon.com/dp/B01N7LMH5K?tag=eloabder-20&linkCode=osi&th=1&psc=1">View Product</a></div>
<div class="product"><a href="https://www.amazon.com/dp/B09G8FJNRT?tag=eloabder-20&linkCode=osi&th=1&psc=1"><img src="https://m.media-amazon.com/images/I/414WbTnlb1L._SL500_.jpg" alt="Product Image"></a><p>Aqulius 2 Pack Stylish Safety Glasses Goggles Anti Fog, Scratch Resistant, Safety Glasses for Women, Blue Light, Glasses for Nurses</p><p> -18% 0FF </p><p>$13.99</p><a href="https://www.amazon.com/dp/B09G8FJNRT?tag=eloabder-20&linkCode=osi&th=1&psc=1">View Product</a></div><div class="product"><a href="https://www.amazon.com/dp/B0833VW43J?tag=eloabder-20&linkCode=osi&th=1&psc=1"><img src="https://m.media-amazon.com/images/I/41iY6mE3j6L._SL500_.jpg" alt="Product Image"></a><p>amoolo Clear Safety Glasses Bulk of 24, Protective Eyewear for Men Women, ANSI Z87.1 Impact Resistant Eye Protection for Work, Lab, Construction</p><p> -18% 0FF </p><p>$24.69 ($1.03 / Count)</p><a href="https://www.amazon.com/dp/B0833VW43J?tag=eloabder-20&linkCode=osi&th=1&psc=1">View Product</a></div><div class="product"><a href="https://www.amazon.com/dp/B07YLVH342?tag=eloabder-20&linkCode=osi&th=1&psc=1"><img src="https://m.media-amazon.com/images/I/41bR3jQbKXL._SL500_.jpg" alt="Product Image"></a><p>SolidWork Safety Glasses Clear Lens with Side Shields, Anti Fog, Anti Scratch, Anti-Glare, Protective Eyewear for Men & Women</p><p> -11% 0FF </p><p>$9.99</p><a href="https://www.amazon.com/dp/B07YLVH342?tag=eloabder-20&linkCode=osi&th=1&psc=1">View Product</a></div>

<div class="product"><a href="https://www.amazon.com/dp/B078JGY2MJ?tag=eloabder-20&linkCode=osi&th=1&psc=1"><img src="https://m.media-amazon.com/images/I/41V4pUwXteL._SL500_.jpg" alt="Product Image"></a><p>Cherokee Scrubs for Men Workwear Professionals V-Neck Four-Pocket Scrub Top WW695, L, Navy</p><p> -23% 0FF </p><p>$24.99</p><a href="https://www.amazon.com/dp/B078JGY2MJ?tag=eloabder-20&linkCode=osi&th=1&psc=1">View Product</a></div><div class="product"><a href="https://www.amazon.com/dp/B0721NWRKT?tag=eloabder-20&linkCode=osi&th=1&psc=1"><img src="https://m.media-amazon.com/images/I/41Qw3a-DoWL._SL500_.jpg" alt="Product Image"></a><p>Cherokee Women's V-Neck Top, Navy, X-Large</p><p> -15% 0FF </p><p>$23.99</p><a href="https://www.amazon.com/dp/B0721NWRKT?tag=eloabder-20&linkCode=osi&th=1&psc=1">View Product</a></div><div class="product"><a href="https://www.amazon.com/dp/B012H3JOOK?tag=eloabder-20&linkCode=osi&th=1&psc=1"><img src="https://m.media-amazon.com/images/I/41GrV-dIDYL._SL500_.jpg" alt="Product Image"></a><p>Workwear Women Underscrubs Long Sleeve Knit Tee 4881, L, Caribbean Blue</p><p> -19% 0FF </p><p>$10.47</p><a href="https://www.amazon.com/dp/B012H3JOOK?tag=eloabder-20&linkCode=osi&th=1&psc=1">View Product</a></div>
<div class="product"><a href="https://www.amazon.com/dp/B010QWNDX2?tag=eloabder-20&linkCode=osi&th=1&psc=1"><img src="https://m.media-amazon.com/images/I/31V3r0a9C1L._SL500_.jpg" alt="Product Image"></a><p>Just Love Women's Scrub Sets Six Pocket Medical Scrubs (V-Neck With Cargo Pant), Navy, Medium</p><p> -16% 0FF </p><p>$19.99</p><a href="https://www.amazon.com/dp/B010QWNDX2?tag=eloabder-20&linkCode=osi&th=1&psc=1">View Product</a></div><div class="product"><a href="https://www.amazon.com/dp/B0985Y2RB4?tag=eloabder-20&linkCode=osi&th=1&psc=1"><img src="https://m.media-amazon.com/images/I/3176BjqvasS._SL500_.jpg" alt="Product Image"></a><p>Natural Uniforms Women's Cool Stretch V-Neck Top and Cargo Pant Set (True Navy Blue, Large)</p><p> -17% 0FF </p><p>$24.99</p><a href="https://www.amazon.com/dp/B0985Y2RB4?tag=eloabder-20&linkCode=osi&th=1&psc=1">View Product</a></div><div class="product"><a href="https://www.amazon.com/dp/B0CBNDXYJT?tag=eloabder-20&linkCode=osi&th=1&psc=1"><img src="https://m.media-amazon.com/images/I/31DhOD5-BwL._SL500_.jpg" alt="Product Image"></a><p>MONARCH UNIFORMS Stretchy Scrubs Women's Jogger Scrub Set In Regular and Petite Jogger Scrubs with Tuck-In Top for Women(Navy-L)</p><p> -6% 0FF </p><p>$46.95</p><a href="https://www.amazon.com/dp/B0CBNDXYJT?tag=eloabder-20&linkCode=osi&th=1&psc=1">View Product</a></div><div class="product"><a href="https://www.amazon.com/dp/B0D1TL84LR?tag=eloabder-20&linkCode=osi&th=1&psc=1"><img src="https://m.media-amazon.com/images/I/51iGPF-PnRL._SL500_.jpg" alt="Product Image"></a><p>Electric Warming Trays for Food and Hot Plates, Large and Uniform Surface Heating, Foldable, Durable, 3 Temperature Levels, Can Be On for 12 Hours, Silicone Food Warmer for Gatherings (Beige)</p><p> -8% 0FF </p><p>$36.99</p><a href="https://www.amazon.com/dp/B0D1TL84LR?tag=eloabder-20&linkCode=osi&th=1&psc=1">View Product</a></div><div class="product"><a href="https://www.amazon.com/dp/B09MM2LG84?tag=eloabder-20&linkCode=osi&th=1&psc=1"><img src="https://m.media-amazon.com/images/I/31B25JsiYTL._SL500_.jpg" alt="Product Image"></a><p>Scrubs Set for Women Joggers V-Neck Pocket Top Uniforms (Pink, L)</p><p> -10% 0FF </p><p>$25.99</p><a href="https://www.amazon.com/dp/B09MM2LG84?tag=eloabder-20&linkCode=osi&th=1&psc=1">View Product</a></div>
<div class="product"><a href="https://www.amazon.com/dp/B07K8M42Q5?tag=eloabder-20&linkCode=osi&th=1&psc=1"><img src="https://m.media-amazon.com/images/I/41UMPYXm6lS._SL500_.jpg" alt="Product Image"></a><p>Insulated Thermal Bib Overalls, High Visibility, Weather-Resistant, Large, Ergodyne GloWear 8928,Lime</p><p> -33% 0FF </p><p>$74.69</p><a href="https://www.amazon.com/dp/B07K8M42Q5?tag=eloabder-20&linkCode=osi&th=1&psc=1">View Product</a></div><div class="product"><a href="https://www.amazon.com/dp/B07SB2Z38J?tag=eloabder-20&linkCode=osi&th=1&psc=1"><img src="https://m.media-amazon.com/images/I/31gv4F1tgnL._SL500_.jpg" alt="Product Image"></a><p>Pioneer Hi Vis Ripstop Waterproof Bib Pants/Overalls for Men - Reflective Safety Work Rain Pants - High Visibility Yellow</p><p> -11% 0FF </p><p>$51.72</p><a href="https://www.amazon.com/dp/B07SB2Z38J?tag=eloabder-20&linkCode=osi&th=1&psc=1">View Product</a></div>
<div class="product"><a href="https://www.amazon.com/dp/B000BQRGFU?tag=eloabder-20&linkCode=osi&th=1&psc=1"><img src="https://m.media-amazon.com/images/I/51gnFiaxIAS._SL500_.jpg" alt="Product Image"></a><p>Trimaco SuperTuff Polypropylene Coverall, Medium</p><p> -51% 0FF </p><p>$4.90</p><a href="https://www.amazon.com/dp/B000BQRGFU?tag=eloabder-20&linkCode=osi&th=1&psc=1">View Product</a></div><div class="product"><a href="https://www.amazon.com/dp/B01JOWAOEG?tag=eloabder-20&linkCode=osi&th=1&psc=1"><img src="https://m.media-amazon.com/images/I/31jcH7zLurL._SL500_.jpg" alt="Product Image"></a><p>DuPont unisex-adult TY122S-XL-EACH Disposable Elastic Wrist, Bootie and Hood Tyvek Coverall Suit 1414, X-Large, White</p><p> -16% 0FF </p><p>$9.77</p><a href="https://www.amazon.com/dp/B01JOWAOEG?tag=eloabder-20&linkCode=osi&th=1&psc=1">View Product</a></div>
<div class="product"><a href="https://www.amazon.com/dp/B07D8G82G8?tag=eloabder-20&linkCode=osi&th=1&psc=1"><img src="https://m.media-amazon.com/images/I/317xFAdHZWL._SL500_.jpg" alt="Product Image"></a><p>VOGRYE Professional Lab Coat for Men Women Long Sleeve, White, Unisex</p><p> -12% 0FF </p><p>$14.99</p><a href="https://www.amazon.com/dp/B07D8G82G8?tag=eloabder-20&linkCode=osi&th=1&psc=1">View Product</a></div><div class="product"><a href="https://www.amazon.com/dp/B07HBL83B4?tag=eloabder-20&linkCode=osi&th=1&psc=1"><img src="https://m.media-amazon.com/images/I/31TG2roZU-L._SL500_.jpg" alt="Product Image"></a><p>VOGRYE Professional Lab Coat for Women Men Long Sleeve, White, Unisex (Small, White)</p><p> -32% 0FF </p><p>$16.99</p><a href="https://www.amazon.com/dp/B07HBL83B4?tag=eloabder-20&linkCode=osi&th=1&psc=1">View Product</a></div><div class="product"><a href="https://www.amazon.com/dp/B08VDZ6KCT?tag=eloabder-20&linkCode=osi&th=1&psc=1"><img src="https://m.media-amazon.com/images/I/31ERfg1k-nL._SL500_.jpg" alt="Product Image"></a><p>NY Threads Professional Lab Coat for Men Long Sleeve Poly Cotton Medical Coat 1 Pack, Medium, White</p><p> -11% 0FF </p><p>$16.99</p><a href="https://www.amazon.com/dp/B08VDZ6KCT?tag=eloabder-20&linkCode=osi&th=1&psc=1">View Product</a></div><div class="product"><a href="https://www.amazon.com/dp/B097NS2MHG?tag=eloabder-20&linkCode=osi&th=1&psc=1"><img src="https://m.media-amazon.com/images/I/31jtnrdiCcL._SL500_.jpg" alt="Product Image"></a><p>NY Threads Professional Lab Coat for Women, Long Sleeve Poly Cotton Medical Coat 1 Pack, Medium, White</p><p> -10% 0FF </p><p>$17.99</p><a href="https://www.amazon.com/dp/B097NS2MHG?tag=eloabder-20&linkCode=osi&th=1&psc=1">View Product</a></div>
<div class="product"><a href="https://www.amazon.com/dp/B08LSQFJCL?tag=eloabder-20&linkCode=osi&th=1&psc=1"><img src="https://m.media-amazon.com/images/I/410PoD7Tw+L._SL500_.jpg" alt="Product Image"></a><p>Walking Boot Fracture Boot for Broken Foot, Sprained Ankle-Medium</p><p> -25% 0FF </p><p>$39.85</p><a href="https://www.amazon.com/dp/B08LSQFJCL?tag=eloabder-20&linkCode=osi&th=1&psc=1">View Product</a></div><div class="product"><a href="https://www.amazon.com/dp/B09YPT42D5?tag=eloabder-20&linkCode=osi&th=1&psc=1"><img src="https://m.media-amazon.com/images/I/418-GYTrMOL._SL500_.jpg" alt="Product Image"></a><p>Jewlri Air Walking Boot Fracture Boot Short Walker Protective Boot Fits Left or Right Foot Ankle for Injuries Fractures Sprains Black M</p><p> -13% 0FF </p><p>$39.15</p><a href="https://www.amazon.com/dp/B09YPT42D5?tag=eloabder-20&linkCode=osi&th=1&psc=1">View Product</a></div><div class="product"><a href="https://www.amazon.com/dp/B019T9EHME?tag=eloabder-20&linkCode=osi&th=1&psc=1"><img src="https://m.media-amazon.com/images/I/41vMjfPsvUL._SL500_.jpg" alt="Product Image"></a><p>WOLVERINE Men's Floorhand Waterproof Steeltoe 6" Work Boot, Dark Brown, 9M</p><p> -23% 0FF </p><p>$92.90</p><a href="https://www.amazon.com/dp/B019T9EHME?tag=eloabder-20&linkCode=osi&th=1&psc=1">View Product</a></div>
<div class="product"><a href="https://www.amazon.com/dp/B073WH3WDR?tag=eloabder-20&linkCode=osi&th=1&psc=1"><img src="https://m.media-amazon.com/images/I/31s4J9BNC5L._SL500_.jpg" alt="Product Image"></a><p>Skechers Women's Squad SR Shoe, Black, 8.5</p><p> -63% 0FF </p><p>$25.00</p><a href="https://www.amazon.com/dp/B073WH3WDR?tag=eloabder-20&linkCode=osi&th=1&psc=1">View Product</a></div><div class="product"><a href="https://www.amazon.com/dp/B0C73MZF8M?tag=eloabder-20&linkCode=osi&th=1&psc=1"><img src="https://m.media-amazon.com/images/I/41yuAR+ADmL._SL500_.jpg" alt="Product Image"></a><p>LARNMERN Men Shoes Non Slip Work Sneakers Plantar Fasciitis Food Service Zapatos Trabajo Antideslizantes Orthopedic Walking Shoes Water Resistant Slip-on, Black 10.5</p><p> -15% 0FF </p><p>$42.42</p><a href="https://www.amazon.com/dp/B0C73MZF8M?tag=eloabder-20&linkCode=osi&th=1&psc=1">View Product</a></div><div class="product"><a href="https://www.amazon.com/dp/B0CJ8ZXF49?tag=eloabder-20&linkCode=osi&th=1&psc=1"><img src="https://m.media-amazon.com/images/I/41FQGDRzYhL._SL500_.jpg" alt="Product Image"></a><p>Bruno Marc Men's Non Slip Shoes, Lightweight Mens Work Shoes & Restaurant or Food Service Sneakers,Size 12,Black,SBWO2302M</p><p> -18% 0FF </p><p>$40.99</p><a href="https://www.amazon.com/dp/B0CJ8ZXF49?tag=eloabder-20&linkCode=osi&th=1&psc=1">View Product</a></div><div class="product"><a href="https://www.amazon.com/dp/B08XK8NZ82?tag=eloabder-20&linkCode=osi&th=1&psc=1"><img src="https://m.media-amazon.com/images/I/41VlYm6BhQL._SL500_.jpg" alt="Product Image"></a><p>Shoes for Crews Everlight Mens Non Slip Work Shoes - Men's Work & Safety Footwear, Lace-Up Breathable Work Shoes for Men, Zapato de Trabajo para Hombre, Size 10 Black</p><p> -14% 0FF </p><p>$59.98</p><a href="https://www.amazon.com/dp/B08XK8NZ82?tag=eloabder-20&linkCode=osi&th=1&psc=1">View Product</a></div><div class="product"><a href="https://www.amazon.com/dp/B01N2ZIDHO?tag=eloabder-20&linkCode=osi&th=1&psc=1"><img src="https://m.media-amazon.com/images/I/41TB3tRdI3L._SL500_.jpg" alt="Product Image"></a><p>Skechers Men's Flex Advantage Bendon Work Shoe, Black, 9.5 Wide</p><p> -25% 0FF </p><p>$63.73</p><a href="https://www.amazon.com/dp/B01N2ZIDHO?tag=eloabder-20&linkCode=osi&th=1&psc=1">View Product</a></div><div class="product"><a href="https://www.amazon.com/dp/B0D95RCCV4?tag=eloabder-20&linkCode=osi&th=1&psc=1"><img src="https://m.media-amazon.com/images/I/414THsyORKL._SL500_.jpg" alt="Product Image"></a><p>Bruno Marc Men's Hands Free Non Slip Work Shoes, Water Resistance Restaurant Slip on Food Service Sneakers,Size 11,Black,SNIC2410M</p><p> -15% 0FF </p><p>$33.14</p><a href="https://www.amazon.com/dp/B0D95RCCV4?tag=eloabder-20&linkCode=osi&th=1&psc=1">View Product</a></div><div class="product"><a href="https://www.amazon.com/dp/B08XLPHX2K?tag=eloabder-20&linkCode=osi&th=1&psc=1"><img src="https://m.media-amazon.com/images/I/41hIoqZEa+L._SL500_.jpg" alt="Product Image"></a><p>Shoes for Crews Everlight, Women's Slip Resistant Work Shoes, Water Resistant, Black, Size 9</p><p> -14% 0FF </p><p>$59.98</p><a href="https://www.amazon.com/dp/B08XLPHX2K?tag=eloabder-20&linkCode=osi&th=1&psc=1">View Product</a></div>

<div class="product"><a href="https://www.amazon.com/dp/B0CP3Q6CCG?tag=eloabder-20&linkCode=osi&th=1&psc=1"><img src="https://m.media-amazon.com/images/I/41sFYNo44HL._SL500_.jpg" alt="Product Image"></a><p>SAFETOE Welding Boots for Men Composite Toe Safety Boots Fire Resistant Welding Boot 300‚ÑÉHeat Resistant Welder Working Boots</p><p> -20% 0FF </p><p>$71.99</p><a href="https://www.amazon.com/dp/B0CP3Q6CCG?tag=eloabder-20&linkCode=osi&th=1&psc=1">View Product</a></div><div class="product"><a href="https://www.amazon.com/dp/B08L6HJJ7C?tag=eloabder-20&linkCode=osi&th=1&psc=1"><img src="https://m.media-amazon.com/images/I/41RzvjdVq0S._SL500_.jpg" alt="Product Image"></a><p>TOSAFZXY Work Safety Boots for Men Durable Crazy-Horse Leather Indestructible Steel Toe Waterproof and Non-Slip Better Warmth Men Work Shoes Black 13</p><p> -21% 0FF </p><p>$76.99</p><a href="https://www.amazon.com/dp/B08L6HJJ7C?tag=eloabder-20&linkCode=osi&th=1&psc=1">View Product</a></div><div class="product"><a href="https://www.amazon.com/dp/B01E7T2S7M?tag=eloabder-20&linkCode=osi&th=1&psc=1"><img src="https://m.media-amazon.com/images/I/41h2ZazEbDL._SL500_.jpg" alt="Product Image"></a><p>Timberland PRO Men's Powertrain Sport Alloy Safety Toe Industrial Athletic Work Shoe AL, Black/Grey, 11</p><p> -15% 0FF </p><p>$93.45</p><a href="https://www.amazon.com/dp/B01E7T2S7M?tag=eloabder-20&linkCode=osi&th=1&psc=1">View Product</a></div>

<div class="product"><a href="https://www.amazon.com/dp/B08G5DNWPH?tag=eloabder-20&linkCode=osi&th=1&psc=1"><img src="https://m.media-amazon.com/images/I/51z+-4Ne7OS._SL500_.jpg" alt="Product Image"></a><p>Palmer Safety Safety Harness w/Detachable 6 ft Lanyard I Single Leg Lanyard w/Internal Shock Absorbing & Snap Hook I OSHA/ANSI Fall Arrest Kit</p><p> -19% 0FF </p><p>$41.80</p><a href="https://www.amazon.com/dp/B08G5DNWPH?tag=eloabder-20&linkCode=osi&th=1&psc=1">View Product</a></div>
<div class="product"><a href="https://www.amazon.com/dp/B07MPC2DL1?tag=eloabder-20&linkCode=osi&th=1&psc=1"><img src="https://m.media-amazon.com/images/I/414lPL-+oSL._SL500_.jpg" alt="Product Image"></a><p>SHINKODA Black Glasses Strap, Sports Sunglasses & Eyeglasses Holder Straps for Men Women, String Holder, Neck Lanyard Cord, Adjustable Rope Eyewear Keeper Strap, Pack of 6</p><p> -30% 0FF </p><p>$6.99</p><a href="https://www.amazon.com/dp/B07MPC2DL1?tag=eloabder-20&linkCode=osi&th=1&psc=1">View Product</a></div>

<div class="product"><a href="https://www.amazon.com/dp/B07N42HH5R?tag=eloabder-20&linkCode=osi&th=1&psc=1"><img src="https://m.media-amazon.com/images/I/41ckLVLEd2L._SL500_.jpg" alt="Product Image"></a><p>X MONSTER HMPE Synthetic Winch Rope 3/8" x 90' Off Road for UTV/ATV Winch Line Cable Rope with Black Protecting Sleeve 18,000 lbs, Orange</p><p> -50% 0FF </p><p>$39.99 ($0.44 / Foot)</p><a href="https://www.amazon.com/dp/B07N42HH5R?tag=eloabder-20&linkCode=osi&th=1&psc=1">View Product</a></div><div class="product"><a href="https://www.amazon.com/dp/B08GC5NMY2?tag=eloabder-20&linkCode=osi&th=1&psc=1"><img src="https://m.media-amazon.com/images/I/41DLu2HOubL._SL500_.jpg" alt="Product Image"></a><p>AuInn Pack of 2 Velvet Stanchion Ropes, 4.9 Feet Stanchion Queue Barrier Rope Velvet Rope, Crowd Control Rope Barrier, with Mirror Polished Hooks (Red)</p><p> -50% 0FF </p><p>$8.24</p><a href="https://www.amazon.com/dp/B08GC5NMY2?tag=eloabder-20&linkCode=osi&th=1&psc=1">View Product</a></div><div class="product"><a href="https://www.amazon.com/dp/B004XAD2IU?tag=eloabder-20&linkCode=osi&th=1&psc=1"><img src="https://m.media-amazon.com/images/I/41OMk7JUdRL._SL500_.jpg" alt="Product Image"></a><p>SeaSense Rope Cutting Gun for Fishing, Boating & Camping ‚Äì 4‚Äô Cord, 1.5 Lbs, 120 V, 100 W & 1.5 A ‚Äì Lightweight Electric Cutter Tool for Synthetic Rope or Line</p><p> -17% 0FF </p><p>$34.49</p><a href="https://www.amazon.com/dp/B004XAD2IU?tag=eloabder-20&linkCode=osi&th=1&psc=1">View Product</a></div><div class="product"><a href="https://www.amazon.com/dp/B000KA4NZI?tag=eloabder-20&linkCode=osi&th=1&psc=1"><img src="https://m.media-amazon.com/images/I/41dG6S68MnL._SL500_.jpg" alt="Product Image"></a><p>Champion Sports DD Series Double Dutch Licorice Jump Ropes - Pink, 16-Feet (Set)</p><p> -37% 0FF </p><p>$10.10</p><a href="https://www.amazon.com/dp/B000KA4NZI?tag=eloabder-20&linkCode=osi&th=1&psc=1">View Product</a></div><div class="product"><a href="https://www.amazon.com/dp/B0BMVK163Z?tag=eloabder-20&linkCode=osi&th=1&psc=1"><img src="https://m.media-amazon.com/images/I/41lSc76CkEL._SL500_.jpg" alt="Product Image"></a><p>FVIEXE 6 Pack Red Velvet Stanchion Rope, 5 Feet Crowd Control Velvet Ropes with Gold Clasps, Foam Core Red Rope Queue Safety Sarriers Stanchion Post Rope for Party Event and Red Carpet</p><p> -6% 0FF </p><p>$32.99</p><a href="https://www.amazon.com/dp/B0BMVK163Z?tag=eloabder-20&linkCode=osi&th=1&psc=1">View Product</a></div>


<div class="product"><a href="https://www.amazon.com/dp/B06X9CYNJF?tag=eloabder-20&linkCode=osi&th=1&psc=1"><img src="https://m.media-amazon.com/images/I/51ZZNuuD3RL._SL500_.jpg" alt="Product Image"></a><p>VIVOHOME Motorcycle Lift Scissor Jack Steel Wide Deck Hoist Crank Center Stand 1100 LBS Capacity for Motorcycles, ATVs, Dirt Bikes Red</p><p> -20% 0FF </p><p>$79.99</p><a href="https://www.amazon.com/dp/B06X9CYNJF?tag=eloabder-20&linkCode=osi&th=1&psc=1">View Product</a></div><div class="product"><a href="https://www.amazon.com/dp/B0B19LHQG9?tag=eloabder-20&linkCode=osi&th=1&psc=1"><img src="https://m.media-amazon.com/images/I/41KGf+arU0L._SL500_.jpg" alt="Product Image"></a><p>EnryKuo Labor Saving Arm Jack 2 Pack,15.5 Inch Multifunctional Furniture Lifter Jacks for Installing Cabinets and Wall Tile Height Adjuster Handheld Tool</p><p> -42% 0FF </p><p>$28.99</p><a href="https://www.amazon.com/dp/B0B19LHQG9?tag=eloabder-20&linkCode=osi&th=1&psc=1">View Product</a></div><div class="product"><a href="https://www.amazon.com/dp/B002671WFC?tag=eloabder-20&linkCode=osi&th=1&psc=1"><img src="https://m.media-amazon.com/images/I/41SUknvQFBL._SL500_.jpg" alt="Product Image"></a><p>Lumex Stand Assist Patient Lift - Safely Sit, Stand, Transfer & Transport - LF1600</p><p> -11% 0FF </p><p>$648.29</p><a href="https://www.amazon.com/dp/B002671WFC?tag=eloabder-20&linkCode=osi&th=1&psc=1">View Product</a></div><div class="product"><a href="https://www.amazon.com/dp/B00022749Q?tag=eloabder-20&linkCode=osi&th=1&psc=1"><img src="https://m.media-amazon.com/images/I/41yCiXKQqmL._SL500_.jpg" alt="Product Image"></a><p>Shoulder Dolly Moving Straps - Lifting Strap for 2 Movers - Move, Lift, Carry, And Secure Furniture, Appliances, Heavy, Bulky Objects Safely, Efficiently, More Easily Like The Pros - LD1000</p><p> -11% 0FF </p><p>$39.99</p><a href="https://www.amazon.com/dp/B00022749Q?tag=eloabder-20&linkCode=osi&th=1&psc=1">View Product</a></div>
<div class="product"><a href="https://www.amazon.com/dp/B01MT1C80C?tag=eloabder-20&linkCode=osi&th=1&psc=1"><img src="https://m.media-amazon.com/images/I/41lL1b8gXCL._SL500_.jpg" alt="Product Image"></a><p>Happybuy Belt Conveyor 59 x 7.8 inch Conveyor Table Heavy Duty Stainless Steel Motorized Belt Conveyor for Inkjet Coding Applications Powered Rubber PVC Belt Anti Static (One Guardrail)</p><p> -30% 0FF </p><p>$249.99</p><a href="https://www.amazon.com/dp/B01MT1C80C?tag=eloabder-20&linkCode=osi&th=1&psc=1">View Product</a></div><div class="product"><a href="https://www.amazon.com/dp/B0C1PBQT7R?tag=eloabder-20&linkCode=osi&th=1&psc=1"><img src="https://m.media-amazon.com/images/I/41qlOkZESjL._SL500_.jpg" alt="Product Image"></a><p>Winco ECT-300 Commercial Conveyor Toaster, 300 Slices/Hour</p><p> -6% 0FF </p><p>$387.41</p><a href="https://www.amazon.com/dp/B0C1PBQT7R?tag=eloabder-20&linkCode=osi&th=1&psc=1">View Product</a></div>

<div class="product"><a href="https://www.amazon.com/dp/B018ANYYJG?tag=eloabder-20&linkCode=osi&th=1&psc=1"><img src="https://m.media-amazon.com/images/I/416JDvu6ogL._SL500_.jpg" alt="Product Image"></a><p>Global Industrial Pallet Jack Truck, 6600 Lb. Capacity, 27 x 48</p><p> -9% 0FF </p><p>$569.73</p><a href="https://www.amazon.com/dp/B018ANYYJG?tag=eloabder-20&linkCode=osi&th=1&psc=1">View Product</a></div>
<div class="product"><a href="https://www.amazon.com/dp/B0D6FZH97Y?tag=eloabder-20&linkCode=osi&th=1&psc=1"><img src="https://m.media-amazon.com/images/I/31pz8LhlttL._SL500_.jpg" alt="Product Image"></a><p>Golpart 6 Tier Adjustable Storage Shelves,Narrow Mesh Gaps Metal Utility Shelf,Wire Shelving Unit Organizer Rack for Home,Kitchen,Office,Bathroom,Pantry Room,10" D x 16" W x 60" H,Black</p><p> -28% 0FF </p><p>$42.99</p><a href="https://www.amazon.com/dp/B0D6FZH97Y?tag=eloabder-20&linkCode=osi&th=1&psc=1">View Product</a></div>

<div class="product"><a href="https://www.amazon.com/dp/B0CC5GTNPG?tag=eloabder-20&linkCode=osi&th=1&psc=1"><img src="https://m.media-amazon.com/images/I/51I6UsNZ7CL._SL500_.jpg" alt="Product Image"></a><p>VEVOR TF23 Hydraulic Lift Table Cart, 500lbs Capacity 28.5" with 4 Wheels and Non-Slip Pad, for Material Handling and Transportation, Red</p><p> -30% 0FF </p><p>$211.49</p><a href="https://www.amazon.com/dp/B0CC5GTNPG?tag=eloabder-20&linkCode=osi&th=1&psc=1">View Product</a></div><div class="product"><a href="https://www.amazon.com/dp/B0CH33RLV1?tag=eloabder-20&linkCode=osi&th=1&psc=1"><img src="https://m.media-amazon.com/images/I/51wMAvcoyJL._SL500_.jpg" alt="Product Image"></a><p>Kolvoii Labor Saving Arm Jack, 2 Pack Stainless Steel Furniture Jack Lifter, Versatile and Easy to Use Arm Jack Improved Quality Lifting Device</p><p> -31% 0FF </p><p>$45.51</p><a href="https://www.amazon.com/dp/B0CH33RLV1?tag=eloabder-20&linkCode=osi&th=1&psc=1">View Product</a></div>
<div class="product"><a href="https://www.amazon.com/dp/B07KCL992V?tag=eloabder-20&linkCode=osi&th=1&psc=1"><img src="https://m.media-amazon.com/images/I/41ebYUzCm3L._SL500_.jpg" alt="Product Image"></a><p>Really Good Stuff Rainbow Organizing Bins, Premium Plastic Book Holders With Name Labels, Vertical Storage & Organization for Classroom & Home, Color Code Files, Books, Binders, Supplies, 12 pk</p><p> -10% 0FF </p><p>$62.09</p><a href="https://www.amazon.com/dp/B07KCL992V?tag=eloabder-20&linkCode=osi&th=1&psc=1">View Product</a></div><div class="product"><a href="https://www.amazon.com/dp/B0768DC8G6?tag=eloabder-20&linkCode=osi&th=1&psc=1"><img src="https://m.media-amazon.com/images/I/51BKAcmJ9qL._SL500_.jpg" alt="Product Image"></a><p>HORUSDY Wall Mounted Storage Bins Parts Rack 30PC Organizer Garage Plastic Shop Tool for Men's Gift, Blue,Orange,Red</p><p> -40% 0FF </p><p>$29.99</p><a href="https://www.amazon.com/dp/B0768DC8G6?tag=eloabder-20&linkCode=osi&th=1&psc=1">View Product</a></div><div class="product"><a href="https://www.amazon.com/dp/B002VK7D5C?tag=eloabder-20&linkCode=osi&th=1&psc=1"><img src="https://m.media-amazon.com/images/I/31Z-XvLCdRL._SL500_.jpg" alt="Product Image"></a><p>Akro-Mils 30210 AkroBins Plastic Hanging Stackable Storage Organizer Bin, 5-Inch x 4-Inch x 3-Inch, Clear, 24-Pack</p><p> -16% 0FF </p><p>$45.97</p><a href="https://www.amazon.com/dp/B002VK7D5C?tag=eloabder-20&linkCode=osi&th=1&psc=1">View Product</a></div>

<div class="product"><a href="https://www.amazon.com/dp/B0000AXNO5?tag=eloabder-20&linkCode=osi&th=1&psc=1"><img src="https://m.media-amazon.com/images/I/411lu8hpsTL._SL500_.jpg" alt="Product Image"></a><p>SIMPLE GREEN ndustrial Cleaner and Degreaser, 1 US GALLON</p><p> -49% 0FF </p><p>$12.79 ($0.10 / Fl Oz)</p><a href="https://www.amazon.com/dp/B0000AXNO5?tag=eloabder-20&linkCode=osi&th=1&psc=1">View Product</a></div><div class="product"><a href="https://www.amazon.com/dp/B0B6HNYPD1?tag=eloabder-20&linkCode=osi&th=1&psc=1"><img src="https://m.media-amazon.com/images/I/51EInWKBX1L._SL500_.jpg" alt="Product Image"></a><p>String Mop for Floor Cleaning - Heavy Duty Industrial Commercial Mop with Extra Replacement Mop Head , 59inch Mop Handle, Wet Mop for Home,Garage,Office, Workshop, Warehouse Floor Cleaning</p><p> -22% 0FF </p><p>$28.98</p><a href="https://www.amazon.com/dp/B0B6HNYPD1?tag=eloabder-20&linkCode=osi&th=1&psc=1">View Product</a></div><div class="product"><a href="https://www.amazon.com/dp/B09V5FV7H8?tag=eloabder-20&linkCode=osi&th=1&psc=1"><img src="https://m.media-amazon.com/images/I/41GFVuDbcUL._SL500_.jpg" alt="Product Image"></a><p>VELCRO Brand Industrial Strength Fasteners | Extreme Outdoor Weather Conditions | Heavy Duty Strength Holds up to 15 lbs | 4 x 2 inch Strips, 3 Sets, Black (VEL-30758-USA)</p><p> -30% 0FF </p><p>$5.27</p><a href="https://www.amazon.com/dp/B09V5FV7H8?tag=eloabder-20&linkCode=osi&th=1&psc=1">View Product</a></div><div class="product"><a href="https://www.amazon.com/dp/B00006RSP1?tag=eloabder-20&linkCode=osi&th=1&psc=1"><img src="https://m.media-amazon.com/images/I/41oE--c0W-L._SL500_.jpg" alt="Product Image"></a><p>VELCRO Brand Heavy Duty Tape with Adhesive | 15 Ft x 2 In | Holds 10 lbs, Black | Industrial Strength Roll, Cut Strips to Length | Strong Hold for Indoor or Outdoor Use, 15ft x 2in</p><p> -50% 0FF </p><p>$20.24</p><a href="https://www.amazon.com/dp/B00006RSP1?tag=eloabder-20&linkCode=osi&th=1&psc=1">View Product</a></div><div class="product"><a href="https://www.amazon.com/dp/B0BDLFSZR4?tag=eloabder-20&linkCode=osi&th=1&psc=1"><img src="https://m.media-amazon.com/images/I/41tLbo5s0BL._SL500_.jpg" alt="Product Image"></a><p>KeFanta Commercial Mop Heavy Duty Industrial Mop with Long Handle,60" Looped-End String Wet Cotton Mops for Floor Cleaning,Home,Kitchen,Office,Garage and Concrete/Tile Floor</p><p> -5% 0FF </p><p>$19.97</p><a href="https://www.amazon.com/dp/B0BDLFSZR4?tag=eloabder-20&linkCode=osi&th=1&psc=1">View Product</a></div>
<div class="product"><a href="https://www.amazon.com/dp/B0CTJ4Y52T?tag=eloabder-20&linkCode=osi&th=1&psc=1"><img src="https://m.media-amazon.com/images/I/410DrBVMpwL._SL500_.jpg" alt="Product Image"></a><p>Ernst Manufacturing Wrench Pro Wrench Storage for 20 Wrenches - Hi-Viz</p><p> -5% 0FF </p><p>$16.10</p><a href="https://www.amazon.com/dp/B0CTJ4Y52T?tag=eloabder-20&linkCode=osi&th=1&psc=1">View Product</a></div><div class="product"><a href="https://www.amazon.com/dp/B011BDWS5Y?tag=eloabder-20&linkCode=osi&th=1&psc=1"><img src="https://m.media-amazon.com/images/I/31vzNsRYhkL._SL500_.jpg" alt="Product Image"></a><p>Tower Manufacturing 30434009 Auto-Reset 15 AMP Right Angle GFCI Plug, Black</p><p> -6% 0FF </p><p>$16.96</p><a href="https://www.amazon.com/dp/B011BDWS5Y?tag=eloabder-20&linkCode=osi&th=1&psc=1">View Product</a></div><div class="product"><a href="https://www.amazon.com/dp/B0CTJ78V81?tag=eloabder-20&linkCode=osi&th=1&psc=1"><img src="https://m.media-amazon.com/images/I/41NufwoDLiL._SL500_.jpg" alt="Product Image"></a><p>Ernst Manufacturing Wrench Pro - Modular Wrench Organizer for 40 Tools with Magnetic Base (Hi-Viz) - Made in the USA</p><p> -5% 0FF </p><p>$37.95</p><a href="https://www.amazon.com/dp/B0CTJ78V81?tag=eloabder-20&linkCode=osi&th=1&psc=1">View Product</a></div><div class="product"><a href="https://www.amazon.com/dp/B075XZPMHX?tag=eloabder-20&linkCode=osi&th=1&psc=1"><img src="https://m.media-amazon.com/images/I/41YihmHjGFL._SL500_.jpg" alt="Product Image"></a><p>PURELL Brand CLEAN RELEASE Technology (CRT) HEALTHY SOAP Naturally Clean Foam, Fragrance Free, 1200 mL Refill for PURELL ES6 Automatic Soap Dispenser (Pack of 2) - 6470-02-Manufactured by GOJO, Inc.</p><p> -14% 0FF </p><p>$51.86 ($1.28 / Fl Oz)</p><a href="https://www.amazon.com/dp/B075XZPMHX?tag=eloabder-20&linkCode=osi&th=1&psc=1">View Product</a></div><div class="product"><a href="https://www.amazon.com/dp/B012IMWAXW?tag=eloabder-20&linkCode=osi&th=1&psc=1"><img src="https://m.media-amazon.com/images/I/41jdAol8VML._SL500_.jpg" alt="Product Image"></a><p>Schaeffer Manufacturing Co. 0191-012S Micron Moly Racing Engine Oil 20W-50, 1-Quart Bottle</p><p> -8% 0FF </p><p>$10.48</p><a href="https://www.amazon.com/dp/B012IMWAXW?tag=eloabder-20&linkCode=osi&th=1&psc=1">View Product</a></div><div class="product"><a href="https://www.amazon.com/dp/B09F8CM69J?tag=eloabder-20&linkCode=osi&th=1&psc=1"><img src="https://m.media-amazon.com/images/I/41Ok3l4S+nL._SL500_.jpg" alt="Product Image"></a><p>Boka Fluoride Free Toothpaste- Nano Hydroxyapatite, Remineralizing, Sensitive Teeth, Whitening - Dentist Recommended for Adult, Kids Oral Care- Lemon Lavender Flavor, 4 Fl Oz 1Pk US Manufactured</p><p> -19% 0FF </p><p>$12.99 ($3.25 / Ounce)</p><a href="https://www.amazon.com/dp/B09F8CM69J?tag=eloabder-20&linkCode=osi&th=1&psc=1">View Product</a></div><div class="product"><a href="https://www.amazon.com/dp/B0060BFYHM?tag=eloabder-20&linkCode=osi&th=1&psc=1"><img src="https://m.media-amazon.com/images/I/41oFKMzBXIL._SL500_.jpg" alt="Product Image"></a><p>Ernst Manufacturing 3/8-Inch Dura-Pro Twist Lock Socket Clips, 15-Pack, Black - 8441</p><p> -25% 0FF </p><p>$7.99</p><a href="https://www.amazon.com/dp/B0060BFYHM?tag=eloabder-20&linkCode=osi&th=1&psc=1">View Product</a></div>
<div class="product"><a href="https://www.amazon.com/dp/B0094KPK70?tag=eloabder-20&linkCode=osi&th=1&psc=1"><img src="https://m.media-amazon.com/images/I/31gFDiqADHL._SL500_.jpg" alt="Product Image"></a><p>Miss Jessie's Pillow Soft Curls Unisex Lotion 8.5 oz</p><p> -11% 0FF </p><p>$21.97 ($2.58 / Fl Oz)</p><a href="https://www.amazon.com/dp/B0094KPK70?tag=eloabder-20&linkCode=osi&th=1&psc=1">View Product</a></div><div class="product"><a href="https://www.amazon.com/dp/B000052YCL?tag=eloabder-20&linkCode=osi&th=1&psc=1"><img src="https://m.media-amazon.com/images/I/41LCxmzicBL._SL500_.jpg" alt="Product Image"></a><p>biot√®ne Oral Rinse Mouthwash for Dry Mouth, Breath Freshener and Dry Mouth Treatment, Fresh Mint, 16 fl oz</p><p> -15% 0FF </p><p>$6.79 ($0.42 / Fl Oz)</p><a href="https://www.amazon.com/dp/B000052YCL?tag=eloabder-20&linkCode=osi&th=1&psc=1">View Product</a></div><div class="product"><a href="https://www.amazon.com/dp/B006ZUW070?tag=eloabder-20&linkCode=osi&th=1&psc=1"><img src="https://m.media-amazon.com/images/I/311iQ7u1zvS._SL500_.jpg" alt="Product Image"></a><p>Method Antibacterial Toilet Bowl Cleaner, Spearmint, Kills 99.9% of Household Germs, 24 Fl Oz</p><p> -58% 0FF </p><p>$4.39 ($0.18 / Fl Oz)</p><a href="https://www.amazon.com/dp/B006ZUW070?tag=eloabder-20&linkCode=osi&th=1&psc=1">View Product</a></div><div class="product"><a href="https://www.amazon.com/dp/B002KAOAZ4?tag=eloabder-20&linkCode=osi&th=1&psc=1"><img src="https://m.media-amazon.com/images/I/41MXc4FkUXL._SL500_.jpg" alt="Product Image"></a><p>biot√®ne Oral Rinse Mouthwash for Dry Mouth, Breath Freshener and Dry Mouth Treatment, Fresh Mint - 33.8 fl oz</p><p> -22% 0FF </p><p>$10.98 ($0.32 / Fl Oz)</p><a href="https://www.amazon.com/dp/B002KAOAZ4?tag=eloabder-20&linkCode=osi&th=1&psc=1">View Product</a></div><div class="product"><a href="https://www.amazon.com/dp/B002L13EK4?tag=eloabder-20&linkCode=osi&th=1&psc=1"><img src="https://m.media-amazon.com/images/I/41WL7dl9L-L._SL500_.jpg" alt="Product Image"></a><p>Core Products Soft Comfort CorPak, No Frost Hot and Cold Therapy Pack - 10" x 13", Made in The USA</p><p> -17% 0FF </p><p>$14.98 ($14.98 / Count)</p><a href="https://www.amazon.com/dp/B002L13EK4?tag=eloabder-20&linkCode=osi&th=1&psc=1">View Product</a></div>
<div class="product"><a href="https://www.amazon.com/dp/B0CRNSYY12?tag=eloabder-20&linkCode=osi&th=1&psc=1"><img src="https://m.media-amazon.com/images/I/41CCImE12+L._SL500_.jpg" alt="Product Image"></a><p>Pvilub UFO LED High Bay Light 200W 2 Pack, 5000K Dimmable High Bay LED Light Fixture with US Plug 5' Cable, 28000LM IP65 Waterproof High Bay Lights for Workshop Factory Barn Warehouse</p><p> -50% 0FF </p><p>$44.99 ($22.50 / Count)</p><a href="https://www.amazon.com/dp/B0CRNSYY12?tag=eloabder-20&linkCode=osi&th=1&psc=1">View Product</a></div><div class="product"><a href="https://www.amazon.com/dp/B0CXX9R85C?tag=eloabder-20&linkCode=osi&th=1&psc=1"><img src="https://m.media-amazon.com/images/I/415nSzRaRzL._SL500_.jpg" alt="Product Image"></a><p>Sud Factory Dissolve X2 Upgraded Paint Hard Water Spot & Stain Remover for Cars, Trucks, Boats, Motorcycle, RVs, Homes & More - 16oz</p><p> -5% 0FF </p><p>$31.32 ($1.96 / Fl Oz)</p><a href="https://www.amazon.com/dp/B0CXX9R85C?tag=eloabder-20&linkCode=osi&th=1&psc=1">View Product</a></div><div class="product"><a href="https://www.amazon.com/dp/B0CYQ6YG8V?tag=eloabder-20&linkCode=osi&th=1&psc=1"><img src="https://m.media-amazon.com/images/I/415R2W7EePL._SL500_.jpg" alt="Product Image"></a><p>4-Pack UFO LED High Bay Light 200W, High Bay LED Shop Lights 6500K 30000LM Daylight UL Listed with US Plug 5' Cable, Hanging Hook, LED UFO High Bay Lights for Warehouse Workshop Garage Factory Barn</p><p> -32% 0FF </p><p>$129.99</p><a href="https://www.amazon.com/dp/B0CYQ6YG8V?tag=eloabder-20&linkCode=osi&th=1&psc=1">View Product</a></div><div class="product"><a href="https://www.amazon.com/dp/B00T3Z6VG0?tag=eloabder-20&linkCode=osi&th=1&psc=1"><img src="https://m.media-amazon.com/images/I/41HMtL8drLL._SL500_.jpg" alt="Product Image"></a><p>Lifefactory 20-Ounce Indoor/Outdoor Protective Silicone Sleeve Beverage Glass, 4 Count (Pack of 1), Orange, Grass Green, Cobalt, Huckleberry</p><p> -20% 0FF </p><p>$39.99 ($10.00 / Count)</p><a href="https://www.amazon.com/dp/B00T3Z6VG0?tag=eloabder-20&linkCode=osi&th=1&psc=1">View Product</a></div><div class="product"><a href="https://www.amazon.com/dp/B0CYQ2W7YR?tag=eloabder-20&linkCode=osi&th=1&psc=1"><img src="https://m.media-amazon.com/images/I/41zMwlG6vaL._SL500_.jpg" alt="Product Image"></a><p>6 Packs UFO LED High Bay Light - 200W High Bay LED Shop Lights, 6500K 30000LM UFO Lights with US Plug 5ft Cable, Hanging Hook, Commercial Bay Lighting Daylight for Warehouse Factory Shop - UL Listed</p><p> -36% 0FF </p><p>$179.99 ($30.00 / Count)</p><a href="https://www.amazon.com/dp/B0CYQ2W7YR?tag=eloabder-20&linkCode=osi&th=1&psc=1">View Product</a></div><div class="product"><a href="https://www.amazon.com/dp/B08Y2J4C4C?tag=eloabder-20&linkCode=osi&th=1&psc=1"><img src="https://m.media-amazon.com/images/I/41T83Y3drrL._SL500_.jpg" alt="Product Image"></a><p>Factory Direct Partners 10368-BK 16" School Stack Chair, Stacking Student Seat with Chromed Steel Legs and Nylon Swivel Glides for in-Home Learning or Classroom - Black (6-Pack)</p><p> -21% 0FF </p><p>$240.05 ($40.01 / Count)</p><a href="https://www.amazon.com/dp/B08Y2J4C4C?tag=eloabder-20&linkCode=osi&th=1&psc=1">View Product</a></div><div class="product"><a href="https://www.amazon.com/dp/B0D6X64LWH?tag=eloabder-20&linkCode=osi&th=1&psc=1"><img src="https://m.media-amazon.com/images/I/41MQiiwVEsL._SL500_.jpg" alt="Product Image"></a><p>White Knight M12x1.25 Lug Nuts for Select Nissan and Infiniti, Factory Style Chrome Med Mag with Washer - 5306-20AM (20 Pack)</p><p> -16% 0FF </p><p>$20.88</p><a href="https://www.amazon.com/dp/B0D6X64LWH?tag=eloabder-20&linkCode=osi&th=1&psc=1">View Product</a></div>
<div class="product"><a href="https://www.amazon.com/dp/B0CKWZTJTL?tag=eloabder-20&linkCode=osi&th=1&psc=1"><img src="https://m.media-amazon.com/images/I/51x2qwWd-3L._SL500_.jpg" alt="Product Image"></a><p>VEVOR 4pcs Machinery Mover, 8T Machinery Skate Dolly, 17637lbs Machinery Moving Skate, Machinery Mover Skate w/ 360¬∞ Rotation Cap and 4 Rollers, Heavy Duty Industrial Moving Equipment, Yellow</p><p> -5% 0FF </p><p>$142.49</p><a href="https://www.amazon.com/dp/B0CKWZTJTL?tag=eloabder-20&linkCode=osi&th=1&psc=1">View Product</a></div><div class="product"><a href="https://www.amazon.com/dp/B0CB8VNTLN?tag=eloabder-20&linkCode=osi&th=1&psc=1"><img src="https://m.media-amazon.com/images/I/41PG7e4nerL._SL500_.jpg" alt="Product Image"></a><p>VEVOR Machinery Skate Dolly, 13,200 LBS/6T Industrial Machinery Mover, Heavy Duty Carbon Steel Machinery Moving Skate with 4 PU Wheels and 360¬∞ Rotation Non-Slip Cap for Warehouse, Workshop, Factory</p><p> -26% 0FF </p><p>$29.69</p><a href="https://www.amazon.com/dp/B0CB8VNTLN?tag=eloabder-20&linkCode=osi&th=1&psc=1">View Product</a></div><div class="product"><a href="https://www.amazon.com/dp/B0BG5HT6VK?tag=eloabder-20&linkCode=osi&th=1&psc=1"><img src="https://m.media-amazon.com/images/I/419hHIpihrL._SL500_.jpg" alt="Product Image"></a><p>VEVOR Machinery Skate Dolly, 6614 LBS/3T Industrial Machinery Mover with Handle, Carbon Steel Machinery Moving Skate with 3 360¬∞ Swivel PU Wheels, 360¬∞ Rotation Non-Slip Cap for Warehouse, Workshop</p><p> -9% 0FF </p><p>$99.99</p><a href="https://www.amazon.com/dp/B0BG5HT6VK?tag=eloabder-20&linkCode=osi&th=1&psc=1">View Product</a></div>
<div class="product"><a href="https://www.amazon.com/dp/B07R71PYPH?tag=eloabder-20&linkCode=osi&th=1&psc=1"><img src="https://m.media-amazon.com/images/I/51xY0A0dj6L._SL500_.jpg" alt="Product Image"></a><p>NEENCA Professional Knee Brace for Pain Relief, Medical Knee Support with Patella Pad & Side Stabilizers, Compression Knee Sleeve for Meniscus Tear, ACL, Joint Pain, Runner, Workout - FSA/HSA Eligible</p><p> -15% 0FF </p><p>$22.07</p><a href="https://www.amazon.com/dp/B07R71PYPH?tag=eloabder-20&linkCode=osi&th=1&psc=1">View Product</a></div><div class="product"><a href="https://www.amazon.com/dp/B0D8KQ4349?tag=eloabder-20&linkCode=osi&th=1&psc=1"><img src="https://m.media-amazon.com/images/I/41E0E-DrOiL._SL500_.jpg" alt="Product Image"></a><p>Rechargeable EMF Meter, 5 Level LED Portable Handheld Magnetic Field Detector for Ghost Hunting and Inspections in Home, Electromagnetic Paranormal Equipment Tester Up to 20 + MG</p><p> -17% 0FF </p><p>$14.99</p><a href="https://www.amazon.com/dp/B0D8KQ4349?tag=eloabder-20&linkCode=osi&th=1&psc=1">View Product</a></div><div class="product"><a href="https://www.amazon.com/dp/B08R6XRYVD?tag=eloabder-20&linkCode=osi&th=1&psc=1"><img src="https://m.media-amazon.com/images/I/31Oss0Gr+fL._SL500_.jpg" alt="Product Image"></a><p>99.9% Copper Dowsing Rods - 2PCS Divining Rods - for Ghost Hunting Tools, Divining Water, Treasure, Buried Items Etc</p><p> -30% 0FF </p><p>$13.99</p><a href="https://www.amazon.com/dp/B08R6XRYVD?tag=eloabder-20&linkCode=osi&th=1&psc=1">View Product</a></div>
<div class="product"><a href="https://www.amazon.com/dp/B0723914V1?tag=eloabder-20&linkCode=osi&th=1&psc=1"><img src="https://m.media-amazon.com/images/I/51A+d87r2aL._SL500_.jpg" alt="Product Image"></a><p>DEKOPRO 228 Piece Socket Wrench Auto Repair Tool Combination Package Mixed Tool Set Hand Tool Kit with Plastic Toolbox Storage Case</p><p> -20% 0FF </p><p>$79.99</p><a href="https://www.amazon.com/dp/B0723914V1?tag=eloabder-20&linkCode=osi&th=1&psc=1">View Product</a></div><div class="product"><a href="https://www.amazon.com/dp/B0105SSMRO?tag=eloabder-20&linkCode=osi&th=1&psc=1"><img src="https://m.media-amazon.com/images/I/313ovohBnZL._SL500_.jpg" alt="Product Image"></a><p>7-piece Workpro Pliers Set with Groove Joint, Long Nose, Slip Joint, Linesman, and Diagonal Pliers for DIY & Home Use</p><p> -20% 0FF </p><p>$19.99</p><a href="https://www.amazon.com/dp/B0105SSMRO?tag=eloabder-20&linkCode=osi&th=1&psc=1">View Product</a></div><div class="product"><a href="https://www.amazon.com/dp/B0BR8B8XKJ?tag=eloabder-20&linkCode=osi&th=1&psc=1"><img src="https://m.media-amazon.com/images/I/41fSDIgwWCL._SL500_.jpg" alt="Product Image"></a><p>2Pcs Heavy Duty Automatic Center Punch, 5'' Premium Steel Spring Loaded Center Hole Punch, Adjustable Spring Impact Center Marker Scriber Tool for Metel, Plastics, Wood, Glass by karmiero</p><p> -20% 0FF </p><p>$3.99</p><a href="https://www.amazon.com/dp/B0BR8B8XKJ?tag=eloabder-20&linkCode=osi&th=1&psc=1">View Product</a></div><div class="product"><a href="https://www.amazon.com/dp/B08YRLZCPJ?tag=eloabder-20&linkCode=osi&th=1&psc=1"><img src="https://m.media-amazon.com/images/I/51LIpo1iBZS._SL500_.jpg" alt="Product Image"></a><p>Egofine 46 Pieces 1/4 inch Drive Socket Ratchet Wrench Set, with Bit Socket Set Metric and Extension Bar for Auto Repairing and Household, with Storage Case</p><p> -23% 0FF </p><p>$19.87</p><a href="https://www.amazon.com/dp/B08YRLZCPJ?tag=eloabder-20&linkCode=osi&th=1&psc=1">View Product</a></div><div class="product"><a href="https://www.amazon.com/dp/B07WP4165D?tag=eloabder-20&linkCode=osi&th=1&psc=1"><img src="https://m.media-amazon.com/images/I/51TA+8eP4zL._SL500_.jpg" alt="Product Image"></a><p>Laser Level Line Tool, Multipurpose Laser Level Kit Standard Cross Line Laser leveler Beam Tool with Metric Rulers 8ft/2.5M for Picture Hanging cabinets Tile Walls by AikTryee.</p><p> -48% 0FF </p><p>$9.95</p><a href="https://www.amazon.com/dp/B07WP4165D?tag=eloabder-20&linkCode=osi&th=1&psc=1">View Product</a></div><div class="product"><a href="https://www.amazon.com/dp/B09TB7M842?tag=eloabder-20&linkCode=osi&th=1&psc=1"><img src="https://m.media-amazon.com/images/I/412U9M3sOcL._SL500_.jpg" alt="Product Image"></a><p>DEWALT 20V MAX XR Cut Off Tool, Brushless and Compact, Bare Tool Only (DCS438B)</p><p> -37% 0FF </p><p>$125.90</p><a href="https://www.amazon.com/dp/B09TB7M842?tag=eloabder-20&linkCode=osi&th=1&psc=1">View Product</a></div><div class="product"><a href="https://www.amazon.com/dp/B0BRPVRC77?tag=eloabder-20&linkCode=osi&th=1&psc=1"><img src="https://m.media-amazon.com/images/I/51DFLa11vEL._SL500_.jpg" alt="Product Image"></a><p>HORUSDY 16-Piece Punch and Chisel Set, Including Taper Punch, Cold Chisels, Pin Punch, Center Punch</p><p> -22% 0FF </p><p>$20.99</p><a href="https://www.amazon.com/dp/B0BRPVRC77?tag=eloabder-20&linkCode=osi&th=1&psc=1">View Product</a></div>
<div class="product"><a href="https://www.amazon.com/dp/B088M48Z3G?tag=eloabder-20&linkCode=osi&th=1&psc=1"><img src="https://m.media-amazon.com/images/I/51MV5+juS8L._SL500_.jpg" alt="Product Image"></a><p>anezus Self Healing Sewing Mat, 12inch x 18inch Rotary Cutting Mat Double Sided 5-Ply Craft Cutting Board for Sewing Crafts Hobby Fabric Precision Scrapbooking Project</p><p> -44% 0FF </p><p>$8.99</p><a href="https://www.amazon.com/dp/B088M48Z3G?tag=eloabder-20&linkCode=osi&th=1&psc=1">View Product</a></div><div class="product"><a href="https://www.amazon.com/dp/B0BX2BN5KQ?tag=eloabder-20&linkCode=osi&th=1&psc=1"><img src="https://m.media-amazon.com/images/I/31VTaTFWBXL._SL500_.jpg" alt="Product Image"></a><p>12 * 12 inch Packing Paper for Moving 100 Sheets Protecting Fragile China and Glasses,Small Wrapping Paper for Shipping and Moving Box Filler</p><p> -20% 0FF </p><p>$6.99 ($0.07 / Count)</p><a href="https://www.amazon.com/dp/B0BX2BN5KQ?tag=eloabder-20&linkCode=osi&th=1&psc=1">View Product</a></div>
<div class="product"><a href="https://www.amazon.com/dp/B0CMZZGXPX?tag=eloabder-20&linkCode=osi&th=1&psc=1"><img src="https://m.media-amazon.com/images/I/31YMA2qw31L._SL500_.jpg" alt="Product Image"></a><p>CREGEAR ABS Plastic Sheet 1/8 Inch Thick - 12" x 12", Black Plastic Sheet Rigid Thermoplastic Sheet, ABS Plastic Board for Sign, Craft, DIY Project, 2 Different Surfaces - Texture & Smooth, 1 Pack</p><p> -11% 0FF </p><p>$7.97</p><a href="https://www.amazon.com/dp/B0CMZZGXPX?tag=eloabder-20&linkCode=osi&th=1&psc=1">View Product</a></div>
<div class="product"><a href="https://www.amazon.com/dp/B0B293QNWQ?tag=eloabder-20&linkCode=osi&th=1&psc=1"><img src="https://m.media-amazon.com/images/I/41+feq08GCL._SL500_.jpg" alt="Product Image"></a><p>Metal Ice Scoop 6 OzÔºåKitchen Ice Scooper for Ice Maker, Small Food Scoops for Bar Party Wedding Pet Dog Food, Stainless Steel Silver</p><p> -30% 0FF </p><p>$6.99</p><a href="https://www.amazon.com/dp/B0B293QNWQ?tag=eloabder-20&linkCode=osi&th=1&psc=1">View Product</a></div><div class="product"><a href="https://www.amazon.com/dp/B07PXLJ9MP?tag=eloabder-20&linkCode=osi&th=1&psc=1"><img src="https://m.media-amazon.com/images/I/41YOR10YvIL._SL500_.jpg" alt="Product Image"></a><p>Fayleeko Wire Coat Hangers 40 Pack Strong Heavy Duty Stainless Steel Metal Ultra Thin Space Saving Clothes Hangers 16.5 Inch</p><p> -38% 0FF </p><p>$24.88 ($0.62 / Count)</p><a href="https://www.amazon.com/dp/B07PXLJ9MP?tag=eloabder-20&linkCode=osi&th=1&psc=1">View Product</a></div><div class="product"><a href="https://www.amazon.com/dp/B000H5W3PI?tag=eloabder-20&linkCode=osi&th=1&psc=1"><img src="https://m.media-amazon.com/images/I/21FCToLy5VL._SL500_.jpg" alt="Product Image"></a><p>K&S Sheet Metal Stock, Made in The USA,Stainless Steel/Silver</p><p> -14% 0FF </p><p>$6.47</p><a href="https://www.amazon.com/dp/B000H5W3PI?tag=eloabder-20&linkCode=osi&th=1&psc=1">View Product</a></div><div class="product"><a href="https://www.amazon.com/dp/B07GDDF5JB?tag=eloabder-20&linkCode=osi&th=1&psc=1"><img src="https://m.media-amazon.com/images/I/31dFxe1Df0L._SL500_.jpg" alt="Product Image"></a><p>HURRICANE 10 Inch Aviation Tin Snips, Heavy Duty Metal Cutter Shears for Cutting Sheet Metal, Straight Cut, Chrome Vanadium Steel</p><p> -30% 0FF </p><p>$13.99</p><a href="https://www.amazon.com/dp/B07GDDF5JB?tag=eloabder-20&linkCode=osi&th=1&psc=1">View Product</a></div>
<div class="product"><a href="https://www.amazon.com/dp/B0D95L6W5J?tag=eloabder-20&linkCode=osi&th=1&psc=1"><img src="https://m.media-amazon.com/images/I/41tbedSgDfL._SL500_.jpg" alt="Product Image"></a><p>Tandefio 40 Sticks Brazing Rods Bcup-5 Solder Phos Copper Brazing Alloys Flat Welding Rods Industry 0.050"x1/8"x10" for Air Conditioning Refrigerator Cold Storage HVAC Units (Phosphor Copper)</p><p> -5% 0FF </p><p>$20.99</p><a href="https://www.amazon.com/dp/B0D95L6W5J?tag=eloabder-20&linkCode=osi&th=1&psc=1">View Product</a></div>
<div class="product"><a href="https://www.amazon.com/dp/B0053KMAMI?tag=eloabder-20&linkCode=osi&th=1&psc=1"><img src="https://m.media-amazon.com/images/I/41f4ot2fnZL._SL500_.jpg" alt="Product Image"></a><p>Party Dimensions Plastic 300 Count Cutlery Combo Box, Clear, Combo Box, Clear 300 Count</p><p> -25% 0FF </p><p>$14.99</p><a href="https://www.amazon.com/dp/B0053KMAMI?tag=eloabder-20&linkCode=osi&th=1&psc=1">View Product</a></div><div class="product"><a href="https://www.amazon.com/dp/B0CCMNPWGW?tag=eloabder-20&linkCode=osi&th=1&psc=1"><img src="https://m.media-amazon.com/images/I/41k5QSXXF8L._SL500_.jpg" alt="Product Image"></a><p>6 Pack Black Plastic Sheets 8x12x0.04 in Flexible High Tensile Plastic Sheets,Plastic Sheet Hard Plastic Sheet Black Plastic Panel for DIY Materials Handicrafts Home Decoration</p><p> -22% 0FF </p><p>$6.99</p><a href="https://www.amazon.com/dp/B0CCMNPWGW?tag=eloabder-20&linkCode=osi&th=1&psc=1">View Product</a></div><div class="product"><a href="https://www.amazon.com/dp/B085T6685R?tag=eloabder-20&linkCode=osi&th=1&psc=1"><img src="https://m.media-amazon.com/images/I/41RbX0YJ2PL._SL500_.jpg" alt="Product Image"></a><p>POSATE Heavy Weight Plastic Forks, Clear Disposable, 100 Count</p><p> -47% 0FF </p><p>$13.80</p><a href="https://www.amazon.com/dp/B085T6685R?tag=eloabder-20&linkCode=osi&th=1&psc=1">View Product</a></div><div class="product"><a href="https://www.amazon.com/dp/B0C1JMKHL4?tag=eloabder-20&linkCode=osi&th=1&psc=1"><img src="https://m.media-amazon.com/images/I/51vGnsuo0GL._SL500_.jpg" alt="Product Image"></a><p>MOACOCK 200 Count Plastic Silverware, Heavy Weight Plastic Forks Spoons Disposable Utensils Cutlery Set for Wedding Party Supplies Everyday Use</p><p> -7% 0FF </p><p>$12.99</p><a href="https://www.amazon.com/dp/B0C1JMKHL4?tag=eloabder-20&linkCode=osi&th=1&psc=1">View Product</a></div><div class="product"><a href="https://www.amazon.com/dp/B0CZHZ4VYY?tag=eloabder-20&linkCode=osi&th=1&psc=1"><img src="https://m.media-amazon.com/images/I/41NCRYSzzPL._SL500_.jpg" alt="Product Image"></a><p>Dealusy 100 Count Extra Heavy Duty Clear Plastic Knives Disposable, BPA-Free, Heat Resistant, Solid and Durable Disposable Knives Bulk, Premium Plastic Knives heavy duty for Party Supply</p><p> -31% 0FF </p><p>$8.99</p><a href="https://www.amazon.com/dp/B0CZHZ4VYY?tag=eloabder-20&linkCode=osi&th=1&psc=1">View Product</a></div><div class="product"><a href="https://www.amazon.com/dp/B00I9J3ACY?tag=eloabder-20&linkCode=osi&th=1&psc=1"><img src="https://m.media-amazon.com/images/I/51W96ohIwyL._SL500_.jpg" alt="Product Image"></a><p>Hefty Party On Disposable Plastic Cups, Red, 18 Ounce, 50 Count</p><p> -27% 0FF </p><p>$5.84 ($0.12 / Count)</p><a href="https://www.amazon.com/dp/B00I9J3ACY?tag=eloabder-20&linkCode=osi&th=1&psc=1">View Product</a></div>
<div class="product"><a href="https://www.amazon.com/dp/B08ZX4PNGL?tag=eloabder-20&linkCode=osi&th=1&psc=1"><img src="https://m.media-amazon.com/images/I/41qtw-wXhWL._SL500_.jpg" alt="Product Image"></a><p>Soil Moist SAP Water Storing Crystals Polymer Small Granular_20-100 mesh (1), White</p><p> -18% 0FF </p><p>$12.99 ($0.81 / Ounce)</p><a href="https://www.amazon.com/dp/B08ZX4PNGL?tag=eloabder-20&linkCode=osi&th=1&psc=1">View Product</a></div><div class="product"><a href="https://www.amazon.com/dp/B099KS2PDW?tag=eloabder-20&linkCode=osi&th=1&psc=1"><img src="https://m.media-amazon.com/images/I/51JgOs5PnML._SL500_.jpg" alt="Product Image"></a><p>Polymaker PLA PRO Filament 1.75mm, Tough & High Rigidity Black PLA Filament 1.75mm 1kg Cardboard Spool - PolyLite PLA PRO 3D Printer Filament 1.75mm, Print with Most 3D Printers Using 3D Filament</p><p> -14% 0FF </p><p>$24.99 ($0.71 / Ounce)</p><a href="https://www.amazon.com/dp/B099KS2PDW?tag=eloabder-20&linkCode=osi&th=1&psc=1">View Product</a></div><div class="product"><a href="https://www.amazon.com/dp/B0CK9D7FYJ?tag=eloabder-20&linkCode=osi&th=1&psc=1"><img src="https://m.media-amazon.com/images/I/51lrOOPPi4L._SL500_.jpg" alt="Product Image"></a><p>Scrub Daddy Color Sponge - Scratch-Free Multipurpose Dish Sponge Color Variety Pack - BPA Free & Made with Polymer Foam - Stain & Odor Resistant Kitchen Sponge (3 Count, 2 Pack)</p><p> -12% 0FF </p><p>$19.30 ($3.22 / Count)</p><a href="https://www.amazon.com/dp/B0CK9D7FYJ?tag=eloabder-20&linkCode=osi&th=1&psc=1">View Product</a></div><div class="product"><a href="https://www.amazon.com/dp/B00XXOFV2M?tag=eloabder-20&linkCode=osi&th=1&psc=1"><img src="https://m.media-amazon.com/images/I/31DpBHBqqxL._SL500_.jpg" alt="Product Image"></a><p>Intertape Polymer Group K2525P293 Central 260 Medium Duty Reinforced Water Activated Tape, 3" Width, 450' Length, FRAGILE, Pack of 10</p><p> -12% 0FF </p><p>$89.16 ($8.92 / Count)</p><a href="https://www.amazon.com/dp/B00XXOFV2M?tag=eloabder-20&linkCode=osi&th=1&psc=1">View Product</a></div><div class="product"><a href="https://www.amazon.com/dp/B0C6DNQF1H?tag=eloabder-20&linkCode=osi&th=1&psc=1"><img src="https://m.media-amazon.com/images/I/51lbJOfwjFL._SL500_.jpg" alt="Product Image"></a><p>DIYMAG Ceramic Round Magnets for Crafts 35 Packs with Adhesive Backing. 0.98Inch (25mm) Small Magnets Perfect for Fridge, DIY, Building, Scientific, Craft, and Office.Ôºà0.98 * 0.2Inch-35pÔºâ</p><p> -13% 0FF </p><p>$6.99 ($0.20 / Count)</p><a href="https://www.amazon.com/dp/B0C6DNQF1H?tag=eloabder-20&linkCode=osi&th=1&psc=1">View Product</a></div>
<div class="product"><a href="https://www.amazon.com/dp/B001TK0DSY?tag=eloabder-20&linkCode=osi&th=1&psc=1"><img src="https://m.media-amazon.com/images/I/41sY5CJF40L._SL500_.jpg" alt="Product Image"></a><p>Chemical Guys CWS_301_16 Citrus Wash & Gloss Foaming Car Wash Soap (Works with Foam Cannons, Foam Guns or Bucket Washes) Safe for Cars, Trucks, Motorcycles, RVs & More, 16 fl oz, Citrus Scent</p><p> -17% 0FF </p><p>$9.97 ($0.62 / Fl Oz)</p><a href="https://www.amazon.com/dp/B001TK0DSY?tag=eloabder-20&linkCode=osi&th=1&psc=1">View Product</a></div><div class="product"><a href="https://www.amazon.com/dp/B00HK95ZZY?tag=eloabder-20&linkCode=osi&th=1&psc=1"><img src="https://m.media-amazon.com/images/I/41ztWGvZpCL._SL500_.jpg" alt="Product Image"></a><p>SmartSign - U9-1214-NA_7x10 "Danger - Chemical Storage Area, Authorized Personnel Only" Sign | 7" x 10" Aluminum Black/Red on White</p><p> -16% 0FF </p><p>$10.93</p><a href="https://www.amazon.com/dp/B00HK95ZZY?tag=eloabder-20&linkCode=osi&th=1&psc=1">View Product</a></div>
<div class="product"><a href="https://www.amazon.com/dp/B0916KZ598?tag=eloabder-20&linkCode=osi&th=1&psc=1"><img src="https://m.media-amazon.com/images/I/510bNE6qm3L._SL500_.jpg" alt="Product Image"></a><p>Gorilla Max Strength Clear Construction Adhesive, 2.5 Ounce Squeeze Tube, Clear, (Pack of 1)</p><p> -11% 0FF </p><p>$7.97 ($3.19 / Fl Oz)</p><a href="https://www.amazon.com/dp/B0916KZ598?tag=eloabder-20&linkCode=osi&th=1&psc=1">View Product</a></div><div class="product"><a href="https://www.amazon.com/dp/B0BM27YSBB?tag=eloabder-20&linkCode=osi&th=1&psc=1"><img src="https://m.media-amazon.com/images/I/41j2z0sRK8L._SL500_.jpg" alt="Product Image"></a><p>Gorilla Heavy Duty Construction Adhesive, 7 Ounce Squeeze Tube, White, (Pack of 1)</p><p> -5% 0FF </p><p>$9.47 ($1.35 / Fl Oz)</p><a href="https://www.amazon.com/dp/B0BM27YSBB?tag=eloabder-20&linkCode=osi&th=1&psc=1">View Product</a></div><div class="product"><a href="https://www.amazon.com/dp/B07VNSXY31?tag=eloabder-20&linkCode=osi&th=1&psc=1"><img src="https://m.media-amazon.com/images/I/31AwF4uloCL._SL500_.jpg" alt="Product Image"></a><p>EZlifego Double Sided Tape Heavy Duty, Extra Large Nano Double Sided Adhesive Tape, Clear Mounting Tape Picture Hanging Adhesive Strips,Removable Wall Tape Sticky Poster Tape Decor Carpet Tape(9.85FT)</p><p> -20% 0FF </p><p>$11.99</p><a href="https://www.amazon.com/dp/B07VNSXY31?tag=eloabder-20&linkCode=osi&th=1&psc=1">View Product</a></div><div class="product"><a href="https://www.amazon.com/dp/B0006HUJCQ?tag=eloabder-20&linkCode=osi&th=1&psc=1"><img src="https://m.media-amazon.com/images/I/511pTqChTCL._SL500_.jpg" alt="Product Image"></a><p>Loctite 1364076 Super Glue Easy Squeeze Gel, .14 oz, Super Glue Liquid</p><p> -45% 0FF </p><p>$3.64 ($26.00 / Fl Oz)</p><a href="https://www.amazon.com/dp/B0006HUJCQ?tag=eloabder-20&linkCode=osi&th=1&psc=1">View Product</a></div><div class="product"><a href="https://www.amazon.com/dp/B000BQYHSY?tag=eloabder-20&linkCode=osi&th=1&psc=1"><img src="https://m.media-amazon.com/images/I/41jVQXZlyKL._SL500_.jpg" alt="Product Image"></a><p>Liquid Nails LN-700 4-Ounce Small Projects and Repairs Adhesive</p><p> -22% 0FF </p><p>$3.98 ($1.00 / Fl Oz)</p><a href="https://www.amazon.com/dp/B000BQYHSY?tag=eloabder-20&linkCode=osi&th=1&psc=1">View Product</a></div>
<div class="product"><a href="https://www.amazon.com/dp/B0002UEPVI?tag=eloabder-20&linkCode=osi&th=1&psc=1"><img src="https://m.media-amazon.com/images/I/41VgMnT8V8L._SL500_.jpg" alt="Product Image"></a><p>Permatex 80050 Clear RTV Silicone Adhesive Sealant, 3 oz</p><p> -28% 0FF </p><p>$5.04 ($1.68 / Ounce)</p><a href="https://www.amazon.com/dp/B0002UEPVI?tag=eloabder-20&linkCode=osi&th=1&psc=1">View Product</a></div><div class="product"><a href="https://www.amazon.com/dp/B01NCSN5AS?tag=eloabder-20&linkCode=osi&th=1&psc=1"><img src="https://m.media-amazon.com/images/I/41u1Bk8aMML._SL500_.jpg" alt="Product Image"></a><p>Gorilla Waterproof Caulk & Seal 100% Silicone Sealant, White, 10oz Cartridge (Pack of 1)</p><p> -10% 0FF </p><p>$9.84 ($0.98 / Ounce)</p><a href="https://www.amazon.com/dp/B01NCSN5AS?tag=eloabder-20&linkCode=osi&th=1&psc=1">View Product</a></div><div class="product"><a href="https://www.amazon.com/dp/B0B8QPH3RW?tag=eloabder-20&linkCode=osi&th=1&psc=1"><img src="https://m.media-amazon.com/images/I/31FmC2PDnsL._SL500_.jpg" alt="Product Image"></a><p>GE All Purpose Silicone Caulk - 100% Waterproof Silicone Sealant, Stronger Adhesion, Freeze & Sun Proof - 10 oz Cartridge, Clear, Pack of 1</p><p> -22% 0FF </p><p>$6.98</p><a href="https://www.amazon.com/dp/B0B8QPH3RW?tag=eloabder-20&linkCode=osi&th=1&psc=1">View Product</a></div><div class="product"><a href="https://www.amazon.com/dp/B000XBDJWC?tag=eloabder-20&linkCode=osi&th=1&psc=1"><img src="https://m.media-amazon.com/images/I/31O8FwTY5WL._SL500_.jpg" alt="Product Image"></a><p>3M Marine Adhesive Sealant 4000 UV, PN06580, White, 295 mL Cartridge, 10 Fl Oz (Pack of 1)</p><p> -15% 0FF </p><p>$18.75 ($1.88 / Fl Oz)</p><a href="https://www.amazon.com/dp/B000XBDJWC?tag=eloabder-20&linkCode=osi&th=1&psc=1">View Product</a></div><div class="product"><a href="https://www.amazon.com/dp/B01MQW8AEM?tag=eloabder-20&linkCode=osi&th=1&psc=1"><img src="https://m.media-amazon.com/images/I/31gdoMW-i8L._SL500_.jpg" alt="Product Image"></a><p>Gorilla 8050002 Clear Silicone Sealant, 1-Pack</p><p> -10% 0FF </p><p>$9.84 ($0.98 / Fl Oz)</p><a href="https://www.amazon.com/dp/B01MQW8AEM?tag=eloabder-20&linkCode=osi&th=1&psc=1">View Product</a></div>

<div class="product"><a href="https://www.amazon.com/dp/B004UICH5O?tag=eloabder-20&linkCode=osi&th=1&psc=1"><img src="https://m.media-amazon.com/images/I/5123T4CVtTL._SL500_.jpg" alt="Product Image"></a><p>Dynarex DynaLube Lubricating Jelly, Water Soluble and Sterile Lubricant Jelly, Used for Body Orifices, Hinged Instruments and Medical Devices, 1 Box of 144 DynaLube Packets, 2.7g</p><p> -5% 0FF </p><p>$12.49 ($0.09 / Count)</p><a href="https://www.amazon.com/dp/B004UICH5O?tag=eloabder-20&linkCode=osi&th=1&psc=1">View Product</a></div><div class="product"><a href="https://www.amazon.com/dp/B087ZHPVRW?tag=eloabder-20&linkCode=osi&th=1&psc=1"><img src="https://m.media-amazon.com/images/I/51My23RlqsL._SL500_.jpg" alt="Product Image"></a><p>3-IN-ONE Professional Garage Door Lubricant with Smart Straw Sprays 2 Ways, 11 OZ Twin Pack, 100584, Clear</p><p> -20% 0FF </p><p>$15.96 ($7.98 / Count)</p><a href="https://www.amazon.com/dp/B087ZHPVRW?tag=eloabder-20&linkCode=osi&th=1&psc=1">View Product</a></div><div class="product"><a href="https://www.amazon.com/dp/B07K323XYQ?tag=eloabder-20&linkCode=osi&th=1&psc=1"><img src="https://m.media-amazon.com/images/I/41Stkw4geDL._SL500_.jpg" alt="Product Image"></a><p>McKesson Lubricating Jelly Sterile 4 oz. Tube 1 Each 16-8919</p><p> -63% 0FF </p><p>$5.48 ($0.11 / Ounce)</p><a href="https://www.amazon.com/dp/B07K323XYQ?tag=eloabder-20&linkCode=osi&th=1&psc=1">View Product</a></div><div class="product"><a href="https://www.amazon.com/dp/B00AF0ODGM?tag=eloabder-20&linkCode=osi&th=1&psc=1"><img src="https://m.media-amazon.com/images/I/418phnGj-VL._SL500_.jpg" alt="Product Image"></a><p>WD-40 Specialist Dry Lube with SMART STRAW SPRAYS 2 WAYS, 10 OZ</p><p> -6% 0FF </p><p>$7.98 ($0.80 / Ounce)</p><a href="https://www.amazon.com/dp/B00AF0ODGM?tag=eloabder-20&linkCode=osi&th=1&psc=1">View Product</a></div><div class="product"><a href="https://www.amazon.com/dp/B0081JE0OO?tag=eloabder-20&linkCode=osi&th=1&psc=1"><img src="https://m.media-amazon.com/images/I/31YRFZU58NL._SL500_.jpg" alt="Product Image"></a><p>Super Lube 92003 Silicone Lubricating Grease with PTFE, 3 oz Tube, Translucent White</p><p> -34% 0FF </p><p>$11.80 ($3.93 / Ounce)</p><a href="https://www.amazon.com/dp/B0081JE0OO?tag=eloabder-20&linkCode=osi&th=1&psc=1">View Product</a></div><div class="product"><a href="https://www.amazon.com/dp/B000UKUHXK?tag=eloabder-20&linkCode=osi&th=1&psc=1"><img src="https://m.media-amazon.com/images/I/31PHNtI4eWL._SL500_.jpg" alt="Product Image"></a><p>Super Lube 51004 Synthetic Oil with PTFE, High Viscosity, 4 oz Bottle,Translucent white(Packaging may vary)</p><p> -27% 0FF </p><p>$7.82 ($1.96 / Fl Oz)</p><a href="https://www.amazon.com/dp/B000UKUHXK?tag=eloabder-20&linkCode=osi&th=1&psc=1">View Product</a></div>

<div class="product"><a href="https://www.amazon.com/dp/B0BRPQW3G9?tag=eloabder-20&linkCode=osi&th=1&psc=1"><img src="https://m.media-amazon.com/images/I/51TpMRJpWeL._SL500_.jpg" alt="Product Image"></a><p>JEGONFRI High Hardness Wood Screws Assortment Kit, 209 pcs, Phillips Drive Flat Head, Wood Screws, Screws, Drywall Screws, Assorted Screws, Screws Set, 6 Sizes (2‚Äù,1-1/2‚Äù,1-1/4‚Äù,1‚Äù,3/4‚Äù,1/2‚Äù)</p><p> -20% 0FF </p><p>$7.96</p><a href="https://www.amazon.com/dp/B0BRPQW3G9?tag=eloabder-20&linkCode=osi&th=1&psc=1">View Product</a></div><div class="product"><a href="https://www.amazon.com/dp/B0BHNK23GJ?tag=eloabder-20&linkCode=osi&th=1&psc=1"><img src="https://m.media-amazon.com/images/I/51ZAmhP99TL._SL500_.jpg" alt="Product Image"></a><p>KURUI Drywall Screws Assortment Kit, #6 Black Wood Screws for Drywall,165pcs Coarse Thread Sheetrock Screws Set, Phillips Drive Self Tapping Dry Wall Screws 4 Sizes 1",1-1/4",1-5/8",2"</p><p> -24% 0FF </p><p>$7.59 ($0.05 / Count)</p><a href="https://www.amazon.com/dp/B0BHNK23GJ?tag=eloabder-20&linkCode=osi&th=1&psc=1">View Product</a></div><div class="product"><a href="https://www.amazon.com/dp/B0D3HVHPXW?tag=eloabder-20&linkCode=osi&th=1&psc=1"><img src="https://m.media-amazon.com/images/I/51boObkp+HL._SL500_.jpg" alt="Product Image"></a><p>GVAKMM Drywall Screws Assortment Kit,#7 Black Wood Screws Set,160pcsÔºå5 Sizes(3'',2'',1-3/8'',1'',5/8''),Coarse Thread Phillips Drive Bugle Head Sharp Point,Ideal for Wood,Sheetrock and More</p><p> -13% 0FF </p><p>$6.99 ($0.58 / Ounce)</p><a href="https://www.amazon.com/dp/B0D3HVHPXW?tag=eloabder-20&linkCode=osi&th=1&psc=1">View Product</a></div>
<div class="product"><a href="https://www.amazon.com/dp/B09KS23KQ6?tag=eloabder-20&linkCode=osi&th=1&psc=1"><img src="https://m.media-amazon.com/images/I/41ZHEcuqY-L._SL500_.jpg" alt="Product Image"></a><p>Mr. Pen- Bolts, Nuts, and Washer Assortment Kit, 113 pcs, Nuts and Bolts Assortment Kit, Assorted Nuts and Bolts, Nut Bolt and Washer Assortment, Bolt and Nut Assortment</p><p> -24% 0FF </p><p>$6.85</p><a href="https://www.amazon.com/dp/B09KS23KQ6?tag=eloabder-20&linkCode=osi&th=1&psc=1">View Product</a></div><div class="product"><a href="https://www.amazon.com/dp/B076CVQZWG?tag=eloabder-20&linkCode=osi&th=1&psc=1"><img src="https://m.media-amazon.com/images/I/51LutRS-fXL._SL500_.jpg" alt="Product Image"></a><p>Jackson Palmer 2201 Piece Hardware Assortment Kit with Screws, Nuts, Bolts & Washers (3 Trays)‚Ä¶</p><p> -24% 0FF </p><p>$37.99</p><a href="https://www.amazon.com/dp/B076CVQZWG?tag=eloabder-20&linkCode=osi&th=1&psc=1">View Product</a></div><div class="product"><a href="https://www.amazon.com/dp/B0BC24J6SS?tag=eloabder-20&linkCode=osi&th=1&psc=1"><img src="https://m.media-amazon.com/images/I/517eaNxBNaL._SL500_.jpg" alt="Product Image"></a><p>720 Pcs Nuts and Bolts Assortment Kit, M3 M4 M5 Carbon Steel Screws Bolts and Nuts and Washers Assortment Set, Assorted Cross Pan Head Machine Screws Nuts and Bolts, with Storage Case</p><p> -10% 0FF </p><p>$8.98</p><a href="https://www.amazon.com/dp/B0BC24J6SS?tag=eloabder-20&linkCode=osi&th=1&psc=1">View Product</a></div><div class="product"><a href="https://www.amazon.com/dp/B0CF8NNVKQ?tag=eloabder-20&linkCode=osi&th=1&psc=1"><img src="https://m.media-amazon.com/images/I/61oepk6Ti8L._SL500_.jpg" alt="Product Image"></a><p>FOLIV 907pcs Grade 8.8 Metric Bolt Assortment, M4 M5 M6 M8 Heavy Duty Bolts and Nuts Kit, Yellow Zinc Plated, Length from 12-30mm</p><p> -20% 0FF </p><p>$35.19</p><a href="https://www.amazon.com/dp/B0CF8NNVKQ?tag=eloabder-20&linkCode=osi&th=1&psc=1">View Product</a></div>
<div class="product"><a href="https://www.amazon.com/dp/B0CP7D6KP4?tag=eloabder-20&linkCode=osi&th=1&psc=1"><img src="https://m.media-amazon.com/images/I/51R0Yv5C8aL._SL500_.jpg" alt="Product Image"></a><p>Dianrui 187PCS Metric Hex Nuts Assortment Kit, 9 Size 304 Stainless Steel Hex Nut M2 M2.5 M3 M4 M5 M6 M10 M12 Hexnut Set Hardware Nuts</p><p> -22% 0FF </p><p>$6.99</p><a href="https://www.amazon.com/dp/B0CP7D6KP4?tag=eloabder-20&linkCode=osi&th=1&psc=1">View Product</a></div><div class="product"><a href="https://www.amazon.com/dp/B002SA36AG?tag=eloabder-20&linkCode=osi&th=1&psc=1"><img src="https://m.media-amazon.com/images/I/51cZlQGUFRL._SL500_.jpg" alt="Product Image"></a><p>Dorman 6110761 Lug Nut (M12 x 1.25 Thread Size)</p><p> -45% 0FF </p><p>$3.49</p><a href="https://www.amazon.com/dp/B002SA36AG?tag=eloabder-20&linkCode=osi&th=1&psc=1">View Product</a></div><div class="product"><a href="https://www.amazon.com/dp/B07WCSW7HR?tag=eloabder-20&linkCode=osi&th=1&psc=1"><img src="https://m.media-amazon.com/images/I/51uxWdeYcjL._SL500_.jpg" alt="Product Image"></a><p>ECCPP 20 Pieces Wheel Lug Nuts M12x1.25 12mmx1.25 Wheel Lug Bolts Shank Length 28mm fits for 2015-2022 for Renegade |2018-2022 for Compass |2014-2022 for Cherokee</p><p> -28% 0FF </p><p>$14.47</p><a href="https://www.amazon.com/dp/B07WCSW7HR?tag=eloabder-20&linkCode=osi&th=1&psc=1">View Product</a></div><div class="product"><a href="https://www.amazon.com/dp/B0D1Y5PQ4K?tag=eloabder-20&linkCode=osi&th=1&psc=1"><img src="https://m.media-amazon.com/images/I/51SyHC67C5L._SL500_.jpg" alt="Product Image"></a><p>Quacc 20pcs M8 Nyloc Steel Nuts, Nylon Locknuts for Fastener, Nylon Inserted Hex Lock Nuts, Silver 304 Stainless Steel Self Locking Nuts for Bolts</p><p> -19% 0FF </p><p>$3.79 ($0.19 / Ounce)</p><a href="https://www.amazon.com/dp/B0D1Y5PQ4K?tag=eloabder-20&linkCode=osi&th=1&psc=1">View Product</a></div>
<div class="product"><a href="https://www.amazon.com/dp/B0BZYSSWY8?tag=eloabder-20&linkCode=osi&th=1&psc=1"><img src="https://m.media-amazon.com/images/I/419sIfP-AJL._SL500_.jpg" alt="Product Image"></a><p>1/4" x 1" Stainless Fender Washer,18-8 (304) Stainless Steel Flat Washer,1/4" ID x 1" OD x 0.078" Thick(40Pcs)</p><p> -31% 0FF </p><p>$6.19</p><a href="https://www.amazon.com/dp/B0BZYSSWY8?tag=eloabder-20&linkCode=osi&th=1&psc=1">View Product</a></div><div class="product"><a href="https://www.amazon.com/dp/B0BFJMK5QW?tag=eloabder-20&linkCode=osi&th=1&psc=1"><img src="https://m.media-amazon.com/images/I/51D9Ij56zKL._SL500_.jpg" alt="Product Image"></a><p>Fender Washers for Screws ‚Äî 225Pcs Washers Assortment, Washers for Bolts in 15 Different Sizes (M2 M2.5 M3 M4 M5 M6 M8 M10 M12)‚ÄîStainless Steel Washers for Home & Industrial Usage</p><p> -9% 0FF </p><p>$20.87 ($0.09 / Count)</p><a href="https://www.amazon.com/dp/B0BFJMK5QW?tag=eloabder-20&linkCode=osi&th=1&psc=1">View Product</a></div><div class="product"><a href="https://www.amazon.com/dp/B07K8W71N1?tag=eloabder-20&linkCode=osi&th=1&psc=1"><img src="https://m.media-amazon.com/images/I/412HYFMiQBL._SL500_.jpg" alt="Product Image"></a><p>100 Qty #8 Stainless Steel Countersunk Finish Washers | 304 SS Finishing Cup (BCP574)</p><p> -30% 0FF </p><p>$7.49 ($0.07 / Count)</p><a href="https://www.amazon.com/dp/B07K8W71N1?tag=eloabder-20&linkCode=osi&th=1&psc=1">View Product</a></div>
<div class="product"><a href="https://www.amazon.com/dp/B09V32CKNJ?tag=eloabder-20&linkCode=osi&th=1&psc=1"><img src="https://m.media-amazon.com/images/I/41MtaPf4TNL._SL500_.jpg" alt="Product Image"></a><p>KURUI 28Pcs Heavy Duty Hollow Wall Anchors for Drywall Ceiling, Toggle Bolts and Wing Nut Kit, Metal Drywall Anchors and Screws Assortment Set, 3 Sizes Butterfly Anchors (1/8in, 3/16in, 1/4in)</p><p> -23% 0FF </p><p>$9.99</p><a href="https://www.amazon.com/dp/B09V32CKNJ?tag=eloabder-20&linkCode=osi&th=1&psc=1">View Product</a></div><div class="product"><a href="https://www.amazon.com/dp/B07VS5QKBC?tag=eloabder-20&linkCode=osi&th=1&psc=1"><img src="https://m.media-amazon.com/images/I/41MIrlAQ6nL._SL500_.jpg" alt="Product Image"></a><p>HongWay 370pcs Plastic Drywall Wall Anchors Kit with Screws, Includes 5 Different Assorted Size Anchors and Screws</p><p> -17% 0FF </p><p>$14.99</p><a href="https://www.amazon.com/dp/B07VS5QKBC?tag=eloabder-20&linkCode=osi&th=1&psc=1">View Product</a></div>
<div class="product"><a href="https://www.amazon.com/dp/B0CY2YK7ZG?tag=eloabder-20&linkCode=osi&th=1&psc=1"><img src="https://m.media-amazon.com/images/I/51kBI181CNL._SL500_.jpg" alt="Product Image"></a><p>Linkup 600pcs 15 Sizes Pop Rivets Assortment Kit,Aluminum Rivets, Silver pop rivet set including 3/32" 1/8" 5/32" 3/16" 1/4" blind rivets for metal Dome Head rivet kit</p><p> -31% 0FF </p><p>$21.99</p><a href="https://www.amazon.com/dp/B0CY2YK7ZG?tag=eloabder-20&linkCode=osi&th=1&psc=1">View Product</a></div><div class="product"><a href="https://www.amazon.com/dp/B08J2NZK4D?tag=eloabder-20&linkCode=osi&th=1&psc=1"><img src="https://m.media-amazon.com/images/I/51iH27ON2BL._SL500_.jpg" alt="Product Image"></a><p>ISPINNER 385pcs 8 Sizes Aluminum Blind Rivets, Pop Rivets Assortment Kit (Silver)</p><p> -21% 0FF </p><p>$13.59</p><a href="https://www.amazon.com/dp/B08J2NZK4D?tag=eloabder-20&linkCode=osi&th=1&psc=1">View Product</a></div><div class="product"><a href="https://www.amazon.com/dp/B0BZ7WKC3V?tag=eloabder-20&linkCode=osi&th=1&psc=1"><img src="https://m.media-amazon.com/images/I/51fSy2j6lSL._SL500_.jpg" alt="Product Image"></a><p>SATANTECH 200PCS Black Rivets Pop Rivets Assortment Kit, Large flange Aluminum Rivets(1/8" 3/16" 1/4") Assorted Blind Rivets with Case</p><p> -16% 0FF </p><p>$21.77</p><a href="https://www.amazon.com/dp/B0BZ7WKC3V?tag=eloabder-20&linkCode=osi&th=1&psc=1">View Product</a></div><div class="product"><a href="https://www.amazon.com/dp/B0CWR7K9P2?tag=eloabder-20&linkCode=osi&th=1&psc=1"><img src="https://m.media-amazon.com/images/I/512Gp89+ScL._SL500_.jpg" alt="Product Image"></a><p>Zuorery 500pcs Pop Rivets Assortment Kit, 14 Sizes Aluminum Blind Rivets (3/32" 1/8" 5/32" 3/16") Assorted Blind Rivets</p><p> -6% 0FF </p><p>$12.99</p><a href="https://www.amazon.com/dp/B0CWR7K9P2?tag=eloabder-20&linkCode=osi&th=1&psc=1">View Product</a></div>
<div class="product"><a href="https://www.amazon.com/dp/B0CNC3WJ58?tag=eloabder-20&linkCode=osi&th=1&psc=1"><img src="https://m.media-amazon.com/images/I/41MDnQ+2C5L._SL500_.jpg" alt="Product Image"></a><p>Eujqo Nails for Hanging Pictures Small Nails Picture Hanging Nails 700Pcs Finishing Nails Hardware Nails for Wall Wood Nails</p><p> -50% 0FF </p><p>$3.99</p><a href="https://www.amazon.com/dp/B0CNC3WJ58?tag=eloabder-20&linkCode=osi&th=1&psc=1">View Product</a></div><div class="product"><a href="https://www.amazon.com/dp/B08BJC6MJC?tag=eloabder-20&linkCode=osi&th=1&psc=1"><img src="https://m.media-amazon.com/images/I/414ssEUuJRL._SL500_.jpg" alt="Product Image"></a><p>Mr. Pen- Nail Assortment Kit, 600 Pcs, 4 Sizes, Silver, Small Nails for Hanging Pictures, Finishing Nails, Gold Wall Nails for Hanging, Pin Nails, Hardware Nails, Assorted Nails, Galvanized Nails</p><p> -54% 0FF </p><p>$5.99</p><a href="https://www.amazon.com/dp/B08BJC6MJC?tag=eloabder-20&linkCode=osi&th=1&psc=1">View Product</a></div><div class="product"><a href="https://www.amazon.com/dp/B0BSH3P97Y?tag=eloabder-20&linkCode=osi&th=1&psc=1"><img src="https://m.media-amazon.com/images/I/515eMwXqY0L._SL500_.jpg" alt="Product Image"></a><p>KURUI 700pcs Hardware Nails for Hanging Pictures Assorted Kit, Up to 2"-Long Picture Hanging Nails for Wall Drywall Wood, Finish Nails Assortment Kit, 640 Frame Nails and 60 Small Finishing Nails</p><p> -36% 0FF </p><p>$6.38</p><a href="https://www.amazon.com/dp/B0BSH3P97Y?tag=eloabder-20&linkCode=osi&th=1&psc=1">View Product</a></div><div class="product"><a href="https://www.amazon.com/dp/B089FLMFPB?tag=eloabder-20&linkCode=osi&th=1&psc=1"><img src="https://m.media-amazon.com/images/I/51p5T9Cef4L._SL500_.jpg" alt="Product Image"></a><p>376pcs Premium Hardware Nails Assortment Kit, Maximum Length 2 Inches Galvanized Nails, Picture Hanging Nails, Wood Nails, Wall Nails with Storage Box | 6 Sizes</p><p> -30% 0FF </p><p>$6.99</p><a href="https://www.amazon.com/dp/B089FLMFPB?tag=eloabder-20&linkCode=osi&th=1&psc=1">View Product</a></div><div class="product"><a href="https://www.amazon.com/dp/B0B3CFCZGW?tag=eloabder-20&linkCode=osi&th=1&psc=1"><img src="https://m.media-amazon.com/images/I/51rr+Y77q0L._SL500_.jpg" alt="Product Image"></a><p>6 Sizes Gold Hardware Nails Assortment Kit, 358pcs, Brass Plated, Nails for Hanging Pictures, Finishing Nails, Wood Nails, Wall Nails for Hanging (3‚Äù, 2‚Äù, 1-1/2‚Äù, 1-1/4", 1‚Äù, 3/4")</p><p> -25% 0FF </p><p>$8.98</p><a href="https://www.amazon.com/dp/B0B3CFCZGW?tag=eloabder-20&linkCode=osi&th=1&psc=1">View Product</a></div>
<div class="product"><a href="https://www.amazon.com/dp/B0BDBJJQJR?tag=eloabder-20&linkCode=osi&th=1&psc=1"><img src="https://m.media-amazon.com/images/I/41iMq4y4RWL._SL500_.jpg" alt="Product Image"></a><p>Standard Chisel Point Staples, 0.25" Leg, 0.5" Crown, Steel, 5,000/Box, 5 Boxes/Pack, 25,000/Pack</p><p> -18% 0FF </p><p>$11.80</p><a href="https://www.amazon.com/dp/B0BDBJJQJR?tag=eloabder-20&linkCode=osi&th=1&psc=1">View Product</a></div><div class="product"><a href="https://www.amazon.com/dp/B0052ECDD6?tag=eloabder-20&linkCode=osi&th=1&psc=1"><img src="https://m.media-amazon.com/images/I/41miIfkguxL._SL500_.jpg" alt="Product Image"></a><p>BOSTITCH BTA706-5C Heavy Duty Construction Staples, 3/8 x 2/5-Inch, 5000-Pack</p><p> -21% 0FF </p><p>$10.48 ($0.00 / Count)</p><a href="https://www.amazon.com/dp/B0052ECDD6?tag=eloabder-20&linkCode=osi&th=1&psc=1">View Product</a></div><div class="product"><a href="https://www.amazon.com/dp/B00004Z2HC?tag=eloabder-20&linkCode=osi&th=1&psc=1"><img src="https://m.media-amazon.com/images/I/51vaslx65UL._SL500_.jpg" alt="Product Image"></a><p>Arrow 215 JT21 Thin Wire Staples for Staple Guns and Staplers, Use for Upholstery, Crafts, General Repairs, 5/16-Inch Leg Length, 7/16-Inch Crown Width, 1000-Pack</p><p> -35% 0FF </p><p>$4.97</p><a href="https://www.amazon.com/dp/B00004Z2HC?tag=eloabder-20&linkCode=osi&th=1&psc=1">View Product</a></div><div class="product"><a href="https://www.amazon.com/dp/B09VP4YTPQ?tag=eloabder-20&linkCode=osi&th=1&psc=1"><img src="https://m.media-amazon.com/images/I/41WvD-VnynL._SL500_.jpg" alt="Product Image"></a><p>OMOTOOL Steel Wire Fencing Staples (200 pcs), Galvanized U-shaped fasteners Nails for Wire Mesh and Woven Fencing</p><p> -30% 0FF </p><p>$6.98</p><a href="https://www.amazon.com/dp/B09VP4YTPQ?tag=eloabder-20&linkCode=osi&th=1&psc=1">View Product</a></div>
<div class="product"><a href="https://www.amazon.com/dp/B08N6DYNKQ?tag=eloabder-20&linkCode=osi&th=1&psc=1"><img src="https://m.media-amazon.com/images/I/51oGt2PvPLL._SL500_.jpg" alt="Product Image"></a><p>Mixiflor 20 Pcs 5 Sizes 60/80/120/240 Grits Abrasive Flap Wheel Sander, 1/4 Inch Shank Flap Wheels for Drill, Die Grinder Flap Wheel,Flap Wheel Sander for Drill</p><p> -15% 0FF </p><p>$22.99</p><a href="https://www.amazon.com/dp/B08N6DYNKQ?tag=eloabder-20&linkCode=osi&th=1&psc=1">View Product</a></div>
<div class="product"><a href="https://www.amazon.com/dp/B0B5GHT937?tag=eloabder-20&linkCode=osi&th=1&psc=1"><img src="https://m.media-amazon.com/images/I/51LBYzTtFqL._SL500_.jpg" alt="Product Image"></a><p>SALI 25 Pack 4-1/2 Inch Grinding Wheels for General Purpose Metal & Stainless Steel, Aluminum Oxide Grinding Disc for Angle Grinder, Depressed Center 4.5" * 1/4" * 7/8"(115 * 6.0 * 22.2 mm)</p><p> -9% 0FF </p><p>$26.49</p><a href="https://www.amazon.com/dp/B0B5GHT937?tag=eloabder-20&linkCode=osi&th=1&psc=1">View Product</a></div><div class="product"><a href="https://www.amazon.com/dp/B00002246K?tag=eloabder-20&linkCode=osi&th=1&psc=1"><img src="https://m.media-amazon.com/images/I/51cqvp+fIGL._SL500_.jpg" alt="Product Image"></a><p>DEWALT DW4514 1/4" Thick Grinding Wheel with 4-1/2" Diameter and 7/8" Arbor</p><p> -46% 0FF </p><p>$1.65</p><a href="https://www.amazon.com/dp/B00002246K?tag=eloabder-20&linkCode=osi&th=1&psc=1">View Product</a></div><div class="product"><a href="https://www.amazon.com/dp/B07SQP8JGR?tag=eloabder-20&linkCode=osi&th=1&psc=1"><img src="https://m.media-amazon.com/images/I/51M3TdMS3OL._SL500_.jpg" alt="Product Image"></a><p>KSEIBI 651006 Grinding Wheels 25-Pack, Aluminum Oxide Discs for Metal & Stainless Steel, 4-1/2" x 1/4" x 7/8", Aggressive Grinding for Angle Grinders, Depressed Center Design</p><p> -6% 0FF </p><p>$26.99</p><a href="https://www.amazon.com/dp/B07SQP8JGR?tag=eloabder-20&linkCode=osi&th=1&psc=1">View Product</a></div><div class="product"><a href="https://www.amazon.com/dp/B00004RH8I?tag=eloabder-20&linkCode=osi&th=1&psc=1"><img src="https://m.media-amazon.com/images/I/6113QduJyJL._SL500_.jpg" alt="Product Image"></a><p>DEWALT Grinding Wheel, General Purpose for Metal, 4-1/2-Inch x 1/4-Inch x 5/8-Inch (DW4523)</p><p> -40% 0FF </p><p>$2.92</p><a href="https://www.amazon.com/dp/B00004RH8I?tag=eloabder-20&linkCode=osi&th=1&psc=1">View Product</a></div><div class="product"><a href="https://www.amazon.com/dp/B0791MGN72?tag=eloabder-20&linkCode=osi&th=1&psc=1"><img src="https://m.media-amazon.com/images/I/51LQaKOgppL._SL500_.jpg" alt="Product Image"></a><p>BHA Depressed Center Metal Grinding Wheels for Angle Grinders, 4.5‚Äù x 1/4‚Äù x 7/8‚Äù - 5 Pack</p><p> -15% 0FF </p><p>$16.99</p><a href="https://www.amazon.com/dp/B0791MGN72?tag=eloabder-20&linkCode=osi&th=1&psc=1">View Product</a></div><div class="product"><a href="https://www.amazon.com/dp/B09TSV5SP9?tag=eloabder-20&linkCode=osi&th=1&psc=1"><img src="https://m.media-amazon.com/images/I/61w4UIIWQdL._SL500_.jpg" alt="Product Image"></a><p>PRETEC 26 Packs Angle Grinder Cutting Flap Grinding Disc Wheel 4 1/2in Inches - 20 Packs 4.5"x1/4"x7/8" Cut off Wheels,3 Packs 4.5"x7/8" 60 Grit Flap Discs, 3 Packs 4.5"x1/25"x7/8" Grinding Wheels</p><p> -8% 0FF </p><p>$22.99</p><a href="https://www.amazon.com/dp/B09TSV5SP9?tag=eloabder-20&linkCode=osi&th=1&psc=1">View Product</a></div><div class="product"><a href="https://www.amazon.com/dp/B07FT71TLC?tag=eloabder-20&linkCode=osi&th=1&psc=1"><img src="https://m.media-amazon.com/images/I/51-wpozOUIL._SL500_.jpg" alt="Product Image"></a><p>NEIKO 11142A 10 Pack Zirconia Flap Discs 4-1/2 for Angle Grinder, 40 Grit Flapper Wheel, Angled T29 Grinding Wheel 4.5 Inch Flap Disc, 7/8" Arbor Grinding Disc, Flap Wheel for Wood & Metal Sanding</p><p> -19% 0FF </p><p>$17.07</p><a href="https://www.amazon.com/dp/B07FT71TLC?tag=eloabder-20&linkCode=osi&th=1&psc=1">View Product</a></div>
<div class="product"><a href="https://www.amazon.com/dp/B0956S39GC?tag=eloabder-20&linkCode=osi&th=1&psc=1"><img src="https://m.media-amazon.com/images/I/51mP1FW0pIL._SL500_.jpg" alt="Product Image"></a><p>Truswe Cut Off Wheels 52 Pack,4 1/2 Inch,0.45 USD/Pack,Metal and Stainless Steel Cutting Wheel for Angle Grinder,Ultra Thin Cut-Off Wheel Cutting Disc (52 PCS 4-1/2 x .045 x 7/8 inch Cut Off Wheels)</p><p> -26% 0FF </p><p>$24.29</p><a href="https://www.amazon.com/dp/B0956S39GC?tag=eloabder-20&linkCode=osi&th=1&psc=1">View Product</a></div><div class="product"><a href="https://www.amazon.com/dp/B07WGSK4V7?tag=eloabder-20&linkCode=osi&th=1&psc=1"><img src="https://m.media-amazon.com/images/I/510MTzQR9sL._SL500_.jpg" alt="Product Image"></a><p>WORKPRO 20-Pack Cut-Off Wheels, 4-1/2 x 7/8-inch Metal&Stainless Steel Cutting Wheel, Thin Metal Cutting Disc for Angle Grinder</p><p> -6% 0FF </p><p>$15.99</p><a href="https://www.amazon.com/dp/B07WGSK4V7?tag=eloabder-20&linkCode=osi&th=1&psc=1">View Product</a></div><div class="product"><a href="https://www.amazon.com/dp/B08C7F9CVS?tag=eloabder-20&linkCode=osi&th=1&psc=1"><img src="https://m.media-amazon.com/images/I/51KoNeHcHyL._SL500_.jpg" alt="Product Image"></a><p>EZARC Diamond Cutting Wheel 4 1/2 x 7/8 Inch for Metal, Cut Off Wheel with 5000+ Cuts on Rebar, Steel, Iron and INOX</p><p> -11% 0FF </p><p>$16.97</p><a href="https://www.amazon.com/dp/B08C7F9CVS?tag=eloabder-20&linkCode=osi&th=1&psc=1">View Product</a></div><div class="product"><a href="https://www.amazon.com/dp/B08FR63K33?tag=eloabder-20&linkCode=osi&th=1&psc=1"><img src="https://m.media-amazon.com/images/I/51Js3m5R8aL._SL500_.jpg" alt="Product Image"></a><p>50 Pack Cut Off Wheels 4 1/2 inch Thin Metal & Stainless Steel Cutting Wheel, Professional Fast Cutting Disc for Angle Grinder</p><p> -20% 0FF </p><p>$26.49</p><a href="https://www.amazon.com/dp/B08FR63K33?tag=eloabder-20&linkCode=osi&th=1&psc=1">View Product</a></div>
<div class="product"><a href="https://www.amazon.com/dp/B01K22Q9R8?tag=eloabder-20&linkCode=osi&th=1&psc=1"><img src="https://m.media-amazon.com/images/I/41VcU0uPlLL._SL500_.jpg" alt="Product Image"></a><p>42 Pcs Wet Dry Sandpaper 120 to 3000 Grit Assortment 9 * 3.6 Inches Abrasive Paper Sheets for Automotive Sanding Wood Furniture Finishing</p><p> -11% 0FF </p><p>$7.99 ($0.19 / Count)</p><a href="https://www.amazon.com/dp/B01K22Q9R8?tag=eloabder-20&linkCode=osi&th=1&psc=1">View Product</a></div><div class="product"><a href="https://www.amazon.com/dp/B0894N7QT2?tag=eloabder-20&linkCode=osi&th=1&psc=1"><img src="https://m.media-amazon.com/images/I/51Rfp3gQTWL._SL500_.jpg" alt="Product Image"></a><p>100PCS 5 Inch 8 Holes Sanding Discs 60 120 240 400 600 800 1000 1200 1500 2000 Grit Sandpaper Sander Round Sand Paper (100pcs 60-2000 grit)</p><p> -24% 0FF </p><p>$12.99</p><a href="https://www.amazon.com/dp/B0894N7QT2?tag=eloabder-20&linkCode=osi&th=1&psc=1">View Product</a></div><div class="product"><a href="https://www.amazon.com/dp/B07HHY6MKY?tag=eloabder-20&linkCode=osi&th=1&psc=1"><img src="https://m.media-amazon.com/images/I/41QDuvYCQlL._SL500_.jpg" alt="Product Image"></a><p>WORKPRO 150-piece Sanding Discs Set - 5-Inch 8-Hole Sandpaper 10 Grades Include 60, 80, 100, 120, 150,180, 240, 320, 400, 600 Grits for Random Orbital Sander(Not for Oscillating Tools or Mouse Sander)</p><p> -20% 0FF </p><p>$19.99 ($0.13 / Count)</p><a href="https://www.amazon.com/dp/B07HHY6MKY?tag=eloabder-20&linkCode=osi&th=1&psc=1">View Product</a></div><div class="product"><a href="https://www.amazon.com/dp/B09X6DY6RW?tag=eloabder-20&linkCode=osi&th=1&psc=1"><img src="https://m.media-amazon.com/images/I/41rifda9wbL._SL500_.jpg" alt="Product Image"></a><p>Afruxy 4 Pack Extra Fine Sanding Block, Washable and Reusable Sanding Sponge for Wood Drywall Metal Glasses Coarse/Medium/Fine/Superfine in 60/80/120/220 Grit Sandpaper Block Sand Paper Brick</p><p> -25% 0FF </p><p>$8.99 ($2.25 / Count)</p><a href="https://www.amazon.com/dp/B09X6DY6RW?tag=eloabder-20&linkCode=osi&th=1&psc=1">View Product</a></div>
<div class="product"><a href="https://www.amazon.com/dp/B07CH6QNCV?tag=eloabder-20&linkCode=osi&th=1&psc=1"><img src="https://m.media-amazon.com/images/I/413Vmyc4FPL._SL500_.jpg" alt="Product Image"></a><p>VASTOOLS Welding Chipping Hammer with Coil Spring Handle,10.5",Cone and Vertical Chisel/ 10" Wire Brush(Free), Black</p><p> -18% 0FF </p><p>$13.99</p><a href="https://www.amazon.com/dp/B07CH6QNCV?tag=eloabder-20&linkCode=osi&th=1&psc=1">View Product</a></div><div class="product"><a href="https://www.amazon.com/dp/B0D6QRJJ4R?tag=eloabder-20&linkCode=osi&th=1&psc=1"><img src="https://m.media-amazon.com/images/I/41KF4m4nNfL._SL500_.jpg" alt="Product Image"></a><p>120A MIG Welding Machine, 110V/220V Flux Core Welder/Lift TIG/Stick Welder 3 in 1, Portable Gasless Welder with IGBT Inverter, Welding Gun & Welding Wire, Weld Kit for Aluminum, Metal</p><p> -56% 0FF </p><p>$69.99</p><a href="https://www.amazon.com/dp/B0D6QRJJ4R?tag=eloabder-20&linkCode=osi&th=1&psc=1">View Product</a></div>
<div class="product"><a href="https://www.amazon.com/dp/B09YGXKZC1?tag=eloabder-20&linkCode=osi&th=1&psc=1"><img src="https://m.media-amazon.com/images/I/417vPDmhw0L._SL500_.jpg" alt="Product Image"></a><p>ARCCAPTAIN Stick Welder, [Large LED Display] 200A ARC/Lift TIG Welding Machine with Synergic Control, IGBT Inverter 110V/220V Portable MMA Welder Machine with Hot Start, Arc force and Anti-Stick</p><p> -31% 0FF </p><p>$116.63</p><a href="https://www.amazon.com/dp/B09YGXKZC1?tag=eloabder-20&linkCode=osi&th=1&psc=1">View Product</a></div><div class="product"><a href="https://www.amazon.com/dp/B0D9LDRJV7?tag=eloabder-20&linkCode=osi&th=1&psc=1"><img src="https://m.media-amazon.com/images/I/51o3VwWmuzL._SL500_.jpg" alt="Product Image"></a><p>AwxryoX Portable Handheld Welding Machine, 110V 140Amp Upgraded Maquina de Soldar with IGBT Inverter 6 Variable Current, Soldadora Welding Tool Set with 3/32"-1/8" Welding Rod & Protective Gloves</p><p> -25% 0FF </p><p>$89.99</p><a href="https://www.amazon.com/dp/B0D9LDRJV7?tag=eloabder-20&linkCode=osi&th=1&psc=1">View Product</a></div><div class="product"><a href="https://www.amazon.com/dp/B09WDGL3GQ?tag=eloabder-20&linkCode=osi&th=1&psc=1"><img src="https://m.media-amazon.com/images/I/518jYZZcNhL._SL500_.jpg" alt="Product Image"></a><p>Welding Machine, Upgraded MMA-250A 110V Welder Machine,Portable Stick Welder IGBT Digital Display LCD,Home DIY Arc Welder,Hot Start Arc Force Anti-stick Mini Welder</p><p> -14% 0FF </p><p>$67.79</p><a href="https://www.amazon.com/dp/B09WDGL3GQ?tag=eloabder-20&linkCode=osi&th=1&psc=1">View Product</a></div><div class="product"><a href="https://www.amazon.com/dp/B0BR8TS34Y?tag=eloabder-20&linkCode=osi&th=1&psc=1"><img src="https://m.media-amazon.com/images/I/51NzsbTpmyL._SL500_.jpg" alt="Product Image"></a><p>Welding machine handheld | 110V IGBT Digital Stick WelderÔºåPortable welder machine with Complete Accessory Set & Carrying Case</p><p> -50% 0FF </p><p>$49.99</p><a href="https://www.amazon.com/dp/B0BR8TS34Y?tag=eloabder-20&linkCode=osi&th=1&psc=1">View Product</a></div><div class="product"><a href="https://www.amazon.com/dp/B0BN81636G?tag=eloabder-20&linkCode=osi&th=1&psc=1"><img src="https://m.media-amazon.com/images/I/41q0oXAoP1L._SL500_.jpg" alt="Product Image"></a><p>AZZUNO MIG Welder,Flux Core Welder Machine 110V 130Amp, Gasless MIG Welding Machine IGBT Inverter Welder Portable Wire Feed Welder (110V)</p><p> -21% 0FF </p><p>$85.99</p><a href="https://www.amazon.com/dp/B0BN81636G?tag=eloabder-20&linkCode=osi&th=1&psc=1">View Product</a></div>
<div class="product"><a href="https://www.amazon.com/dp/B07MKRYWMD?tag=eloabder-20&linkCode=osi&th=1&psc=1"><img src="https://m.media-amazon.com/images/I/31nmFb6CayL._SL500_.jpg" alt="Product Image"></a><p>Hobart 770890 Auto-Darkening Welding Helmet, Large, Black</p><p> -10% 0FF </p><p>$98.99</p><a href="https://www.amazon.com/dp/B07MKRYWMD?tag=eloabder-20&linkCode=osi&th=1&psc=1">View Product</a></div><div class="product"><a href="https://www.amazon.com/dp/B07V9G94NK?tag=eloabder-20&linkCode=osi&th=1&psc=1"><img src="https://m.media-amazon.com/images/I/31SAUhqpDZL._SL500_.jpg" alt="Product Image"></a><p>Lincoln Electric K3034-4 VIKING 3350 Auto Darkening Welding Helmet with 4C Lens Technology, Matte Black, extra large</p><p> -29% 0FF </p><p>$357.99</p><a href="https://www.amazon.com/dp/B07V9G94NK?tag=eloabder-20&linkCode=osi&th=1&psc=1">View Product</a></div><div class="product"><a href="https://www.amazon.com/dp/B0BYXPR9F3?tag=eloabder-20&linkCode=osi&th=1&psc=1"><img src="https://m.media-amazon.com/images/I/51ggHp1dC3L._SL500_.jpg" alt="Product Image"></a><p>TOOLIOM Welding Helmet Solar Power Auto Darkening Welding Helmet Adjustable Shade Range for MIG TIG Stick Welder Mask Blue Eagle</p><p> -13% 0FF </p><p>$27.99</p><a href="https://www.amazon.com/dp/B0BYXPR9F3?tag=eloabder-20&linkCode=osi&th=1&psc=1">View Product</a></div><div class="product"><a href="https://www.amazon.com/dp/B0BV6RYWV9?tag=eloabder-20&linkCode=osi&th=1&psc=1"><img src="https://m.media-amazon.com/images/I/41HBwMbwbaL._SL500_.jpg" alt="Product Image"></a><p>ARCCAPTAIN Welding Helmet Auto Darkening, 3.94"X3.66" Large Viewing Screen True Color Welding Hood with 4 Arc Sensor Solar Powered, Wide Shade 4-5/5-9/9-13 for ARC TIG MIG Welding Helmets for Men</p><p> -17% 0FF </p><p>$59.99</p><a href="https://www.amazon.com/dp/B0BV6RYWV9?tag=eloabder-20&linkCode=osi&th=1&psc=1">View Product</a></div>
<div class="product"><a href="https://www.amazon.com/dp/B07RX7TNBY?tag=eloabder-20&linkCode=osi&th=1&psc=1"><img src="https://m.media-amazon.com/images/I/417ep0UH1cL._SL500_.jpg" alt="Product Image"></a><p>WZQH 16 Inches,932‚Ñâ,Leather Forge Welding Gloves, Heat/Fire Resistant,Mitts for BBQ,Oven,Grill,Fireplace,Tig,Mig,Baking,Furnace,Stove,Pot Holder,Animal Handling Glove.Black-gray</p><p> -32% 0FF </p><p>$19.74 ($19.74 / Count)</p><a href="https://www.amazon.com/dp/B07RX7TNBY?tag=eloabder-20&linkCode=osi&th=1&psc=1">View Product</a></div><div class="product"><a href="https://www.amazon.com/dp/B00IYX04YC?tag=eloabder-20&linkCode=osi&th=1&psc=1"><img src="https://m.media-amazon.com/images/I/51vjm0ZOsgL._SL500_.jpg" alt="Product Image"></a><p>Lincoln Electric Leather Welding Gloves KH641, Premium Hand Protection from Welder and Cutting Torch Heat, Commercial Quality, Cotton Lined, Gauntlet Cuff, Unisex, Grey, One Size</p><p> -5% 0FF </p><p>$18.98</p><a href="https://www.amazon.com/dp/B00IYX04YC?tag=eloabder-20&linkCode=osi&th=1&psc=1">View Product</a></div><div class="product"><a href="https://www.amazon.com/dp/B078FMLJSW?tag=eloabder-20&linkCode=osi&th=1&psc=1"><img src="https://m.media-amazon.com/images/I/41cO-Y-5sjL._SL500_.jpg" alt="Product Image"></a><p>Revco GM1611 Top Grain Leather Cowhide MIG Welding Gloves with Reinforced Palm & Thumb & Index Finger, Seamless Forefinger, 5" Cuff for Extra Protection (Medium)</p><p> -7% 0FF </p><p>$27.99</p><a href="https://www.amazon.com/dp/B078FMLJSW?tag=eloabder-20&linkCode=osi&th=1&psc=1">View Product</a></div>
<div class="product"><a href="https://www.amazon.com/dp/B07W41G6P3?tag=eloabder-20&linkCode=osi&th=1&psc=1"><img src="https://m.media-amazon.com/images/I/51FnU0Vr4ZL._SL500_.jpg" alt="Product Image"></a><p>YESWELDER Flux Core Gasless Mig Wire, Mild Steel E71TGS .030-Diameter, 2-Pound Strong ABS Plastic Spool</p><p> -30% 0FF </p><p>$15.99</p><a href="https://www.amazon.com/dp/B07W41G6P3?tag=eloabder-20&linkCode=osi&th=1&psc=1">View Product</a></div><div class="product"><a href="https://www.amazon.com/dp/B0BRCT2NLM?tag=eloabder-20&linkCode=osi&th=1&psc=1"><img src="https://m.media-amazon.com/images/I/412YtbTwWWL._SL500_.jpg" alt="Product Image"></a><p>0.035 flux core welding wire, 3 Spools E71T-GS Low Splatter gasless Carbon Steel Mig Welding Wire Compatible With HF Fourney Harbor Welder(3 PACK)</p><p> -9% 0FF </p><p>$29.99</p><a href="https://www.amazon.com/dp/B0BRCT2NLM?tag=eloabder-20&linkCode=osi&th=1&psc=1">View Product</a></div><div class="product"><a href="https://www.amazon.com/dp/B003XKH71O?tag=eloabder-20&linkCode=osi&th=1&psc=1"><img src="https://m.media-amazon.com/images/I/51aO46a0SrL._SL500_.jpg" alt="Product Image"></a><p>INEFIL ER70S-6 .030-Inch on 10-Pound Spool Carbon Steel Mig Solid Welding Wire</p><p> -24% 0FF </p><p>$25.05 ($0.16 / Ounce)</p><a href="https://www.amazon.com/dp/B003XKH71O?tag=eloabder-20&linkCode=osi&th=1&psc=1">View Product</a></div><div class="product"><a href="https://www.amazon.com/dp/B00F429SZM?tag=eloabder-20&linkCode=osi&th=1&psc=1"><img src="https://m.media-amazon.com/images/I/41BHKwqBRIL._SL500_.jpg" alt="Product Image"></a><p>Blue Demon E71TGS X .035‚Äù X 2 LB MIG/GMAW Gasless Flux Core Carbon Steel Welding Wire, All Position, Easy Slag Removal, Formulated To Provide Porosity-Free, X-Ray Quality Welds</p><p> -30% 0FF </p><p>$11.91</p><a href="https://www.amazon.com/dp/B00F429SZM?tag=eloabder-20&linkCode=osi&th=1&psc=1">View Product</a></div><div class="product"><a href="https://www.amazon.com/dp/B01I82OSC2?tag=eloabder-20&linkCode=osi&th=1&psc=1"><img src="https://m.media-amazon.com/images/I/41QrzqdrCEL._SL500_.jpg" alt="Product Image"></a><p>Lincoln Electric MIG Welding Wire, NR-211-MP, .035, Spool, Model: ED030584 (Pack of 3)</p><p> -6% 0FF </p><p>$46.99 ($15.66 / Count)</p><a href="https://www.amazon.com/dp/B01I82OSC2?tag=eloabder-20&linkCode=osi&th=1&psc=1">View Product</a></div><div class="product"><a href="https://www.amazon.com/dp/B09YYCRKR2?tag=eloabder-20&linkCode=osi&th=1&psc=1"><img src="https://m.media-amazon.com/images/I/51DpQ1PI8pL._SL500_.jpg" alt="Product Image"></a><p>ARCCAPTAIN Flux Core Welding Wire .030, E71T-GS Mig Welding Wire 2-Pound Spool Gasless Mild Carbon Steel Compatible With Lincoln Miller Forney Harbor Welder</p><p> -8% 0FF </p><p>$16.99</p><a href="https://www.amazon.com/dp/B09YYCRKR2?tag=eloabder-20&linkCode=osi&th=1&psc=1">View Product</a></div><div class="product"><a href="https://www.amazon.com/dp/B09DYCK78H?tag=eloabder-20&linkCode=osi&th=1&psc=1"><img src="https://m.media-amazon.com/images/I/41umOmMUkzL._SL500_.jpg" alt="Product Image"></a><p>TOOLIOM ER70S-6 .030"(0.8 mm) Mild Steel Mig Solid Welding Wire on 10-Pound Spool for TL-200M TL-250M Pro</p><p> -7% 0FF </p><p>$27.99</p><a href="https://www.amazon.com/dp/B09DYCK78H?tag=eloabder-20&linkCode=osi&th=1&psc=1">View Product</a></div>
<div class="product"><a href="https://www.amazon.com/dp/B0B3D96MN6?tag=eloabder-20&linkCode=osi&th=1&psc=1"><img src="https://m.media-amazon.com/images/I/51k0bP+5e6L._SL500_.jpg" alt="Product Image"></a><p>Soldering Iron Premium Kit, 60W Soldering Gun with Ceramic Heater, 12-in-1 Soldering Tool, Adjustable Temperature 200 to 450¬∞C, Includes Soldering Iron Tip, Solder Wire, Pump and Paste</p><p> -20% 0FF </p><p>$23.99</p><a href="https://www.amazon.com/dp/B0B3D96MN6?tag=eloabder-20&linkCode=osi&th=1&psc=1">View Product</a></div><div class="product"><a href="https://www.amazon.com/dp/B087767KNW?tag=eloabder-20&linkCode=osi&th=1&psc=1"><img src="https://m.media-amazon.com/images/I/41rapiHruXL._SL500_.jpg" alt="Product Image"></a><p>Soldering Iron Kit, 60W Soldering Iron with Interchangeable Iron Tips, 10-in-1 Adjustable Temperature Soldering Welding Iron Kit for any Hobby Enthusiast 110V US Plug</p><p> -13% 0FF </p><p>$12.99</p><a href="https://www.amazon.com/dp/B087767KNW?tag=eloabder-20&linkCode=osi&th=1&psc=1">View Product</a></div><div class="product"><a href="https://www.amazon.com/dp/B082F1WKP9?tag=eloabder-20&linkCode=osi&th=1&psc=1"><img src="https://m.media-amazon.com/images/I/518z061SWZL._SL500_.jpg" alt="Product Image"></a><p>YIHUA 926 III 60W Digital Display Soldering Iron Station Kit w 2 Helping Hands, 6 Extra Iron Tips, Lead-Free Solder, Solder Sucker, S/S Tweezers, ¬∞C/¬∫F Conversion, Auto Sleep & Calibration Support</p><p> -17% 0FF </p><p>$49.99</p><a href="https://www.amazon.com/dp/B082F1WKP9?tag=eloabder-20&linkCode=osi&th=1&psc=1">View Product</a></div><div class="product"><a href="https://www.amazon.com/dp/B002PIA6Z4?tag=eloabder-20&linkCode=osi&th=1&psc=1"><img src="https://m.media-amazon.com/images/I/41hE8aKpakL._SL500_.jpg" alt="Product Image"></a><p>Pro'sKit 900-015 Helping Hands Soldering Aid</p><p> -35% 0FF </p><p>$7.59</p><a href="https://www.amazon.com/dp/B002PIA6Z4?tag=eloabder-20&linkCode=osi&th=1&psc=1">View Product</a></div><div class="product"><a href="https://www.amazon.com/dp/B094GZ6CPZ?tag=eloabder-20&linkCode=osi&th=1&psc=1"><img src="https://m.media-amazon.com/images/I/510vFCSfPqL._SL500_.jpg" alt="Product Image"></a><p>Lesnow solder wick braid 10ft Length Desoldering Wick Braid Remover Tool Solder Sucker 1 piece No-Clean soldering Wick Wire Roll and Disassemble Electrical Components</p><p> -20% 0FF </p><p>$7.99</p><a href="https://www.amazon.com/dp/B094GZ6CPZ?tag=eloabder-20&linkCode=osi&th=1&psc=1">View Product</a></div><div class="product"><a href="https://www.amazon.com/dp/B0CZ9KB3PS?tag=eloabder-20&linkCode=osi&th=1&psc=1"><img src="https://m.media-amazon.com/images/I/41i90xEV7CL._SL500_.jpg" alt="Product Image"></a><p>60W Digital Soldering Station Fast Heating Precision Temperature Control Soldering Iron Station with Stable Base Auto Sleep 10 Soldering Iron Tips Soldering Station Kit for Beginners DIY hobbyist</p><p> -15% 0FF </p><p>$39.88</p><a href="https://www.amazon.com/dp/B0CZ9KB3PS?tag=eloabder-20&linkCode=osi&th=1&psc=1">View Product</a></div><div class="product"><a href="https://www.amazon.com/dp/B00NS4J6BY?tag=eloabder-20&linkCode=osi&th=1&psc=1"><img src="https://m.media-amazon.com/images/I/51zuuNWwBjL._SL500_.jpg" alt="Product Image"></a><p>Thermaltronics TMT-TC-2 Tip Tinner (20g) in 0.8oz Container</p><p> -21% 0FF </p><p>$6.35 ($7.94 / Ounce)</p><a href="https://www.amazon.com/dp/B00NS4J6BY?tag=eloabder-20&linkCode=osi&th=1&psc=1">View Product</a></div>
<div class="product"><a href="https://www.amazon.com/dp/B097T8CG94?tag=eloabder-20&linkCode=osi&th=1&psc=1"><img src="https://m.media-amazon.com/images/I/51ciNJ1DuTL._SL500_.jpg" alt="Product Image"></a><p>Soldering Iron Kit,Electric 60W Soldering Gun Welding Tools with ON/OFF Swicth,5 Soldering Iron Tips,Tweezers,solder wire,for soldering Kit and Repairing,DIY</p><p> -50% 0FF </p><p>$5.99</p><a href="https://www.amazon.com/dp/B097T8CG94?tag=eloabder-20&linkCode=osi&th=1&psc=1">View Product</a></div><div class="product"><a href="https://www.amazon.com/dp/B08R3515SF?tag=eloabder-20&linkCode=osi&th=1&psc=1"><img src="https://m.media-amazon.com/images/I/41-UwHjbdpL._SL500_.jpg" alt="Product Image"></a><p>Soldering Iron Kit, 80W 110V LCD Digital Soldering Welding Iron Kit with Ceramic Heater, Portable Soldering Kit with 5pcs Tips, Stand, Solder Tube, Sponge, Solder Paste,for Metal,Electric, DIY</p><p> -23% 0FF </p><p>$9.95</p><a href="https://www.amazon.com/dp/B08R3515SF?tag=eloabder-20&linkCode=osi&th=1&psc=1">View Product</a></div><div class="product"><a href="https://www.amazon.com/dp/B0BW4HMXJ3?tag=eloabder-20&linkCode=osi&th=1&psc=1"><img src="https://m.media-amazon.com/images/I/516tKeqajpL._SL500_.jpg" alt="Product Image"></a><p>Soldering Iron Kit 80W LCD Adjustable Temperature 180-520‚ÑÉ Solder Kit Electronics 13 in 1 Welding Tools with ON/OFF Switch, Solder Wire, Flux, 5 Soldering Tips, Desoldering Pump, Stand, Tweezers</p><p> -27% 0FF </p><p>$18.98</p><a href="https://www.amazon.com/dp/B0BW4HMXJ3?tag=eloabder-20&linkCode=osi&th=1&psc=1">View Product</a></div>
<div class="product"><a href="https://www.amazon.com/dp/B077JDGY1J?tag=eloabder-20&linkCode=osi&th=1&psc=1"><img src="https://m.media-amazon.com/images/I/41yRK+nzODL._SL500_.jpg" alt="Product Image"></a><p>Weller 70 Watt Digital Soldering Station | WE1010NA</p><p> -25% 0FF </p><p>$115.00</p><a href="https://www.amazon.com/dp/B077JDGY1J?tag=eloabder-20&linkCode=osi&th=1&psc=1">View Product</a></div><div class="product"><a href="https://www.amazon.com/dp/B09TXP1KDV?tag=eloabder-20&linkCode=osi&th=1&psc=1"><img src="https://m.media-amazon.com/images/I/51-97nkYLSL._SL500_.jpg" alt="Product Image"></a><p>WEP 927-IV Soldering Station Kit High-Power 110W with 3 Preset Channels, Sleep Mode, LED Magnifier, 5 Extra Iron Tips, Tip Cleaner, 2 Helping Hands, Tip Storage Slots, Lead-free Solder Wire, Tweezers</p><p> -25% 0FF </p><p>$59.99</p><a href="https://www.amazon.com/dp/B09TXP1KDV?tag=eloabder-20&linkCode=osi&th=1&psc=1">View Product</a></div><div class="product"><a href="https://www.amazon.com/dp/B07RVMZNYR?tag=eloabder-20&linkCode=osi&th=1&psc=1"><img src="https://m.media-amazon.com/images/I/51MK9AVKTeL._SL500_.jpg" alt="Product Image"></a><p>YIHUA 939D+ Digital Soldering Station, 75W Equivalent with Precision Heat Control (392¬∞F to 896¬∞F) and Built-in Transformer. ESD Safe, Lead Free with ¬∞C/¬∞F display (Black)</p><p> -17% 0FF </p><p>$59.99</p><a href="https://www.amazon.com/dp/B07RVMZNYR?tag=eloabder-20&linkCode=osi&th=1&psc=1">View Product</a></div><div class="product"><a href="https://www.amazon.com/dp/B0BX5KXBPD?tag=eloabder-20&linkCode=osi&th=1&psc=1"><img src="https://m.media-amazon.com/images/I/51kzeXwC0sL._SL500_.jpg" alt="Product Image"></a><p>WEP 882D Soldering Iron Station 2-IN-1 SMD Hot Air Rework Station with 2 Spools of Solder Wire, 5 Soldering Tips, 3 Hot Air Nozzles, Brass Wool Tip Cleaner, Tweezers, Desoldering pump</p><p> -12% 0FF </p><p>$48.44</p><a href="https://www.amazon.com/dp/B0BX5KXBPD?tag=eloabder-20&linkCode=osi&th=1&psc=1">View Product</a></div><div class="product"><a href="https://www.amazon.com/dp/B07S4GPM66?tag=eloabder-20&linkCode=osi&th=1&psc=1"><img src="https://m.media-amazon.com/images/I/51Z2ti7tGQL._SL500_.jpg" alt="Product Image"></a><p>YIHUA 853D 2A USB SMD Hot Air Rework Soldering Iron Station, DC Power Supply 0-15V 0-2A with 5V USB Charging Port and 35 Volt DC Voltage Test Meter</p><p> -12% 0FF </p><p>$149.99</p><a href="https://www.amazon.com/dp/B07S4GPM66?tag=eloabder-20&linkCode=osi&th=1&psc=1">View Product</a></div><div class="product"><a href="https://www.amazon.com/dp/B07RY5XWVG?tag=eloabder-20&linkCode=osi&th=1&psc=1"><img src="https://m.media-amazon.com/images/I/51C2g+FzzUL._SL500_.jpg" alt="Product Image"></a><p>YIHUA 862BD+ SMD ESD Safe 2 in 1 Soldering Iron Hot Air Rework Station ¬∞F /¬∞C with Multiple Functions</p><p> -27% 0FF </p><p>$101.95</p><a href="https://www.amazon.com/dp/B07RY5XWVG?tag=eloabder-20&linkCode=osi&th=1&psc=1">View Product</a></div>
<div class="product"><a href="https://www.amazon.com/dp/B008ZIV85A?tag=eloabder-20&linkCode=osi&th=1&psc=1"><img src="https://m.media-amazon.com/images/I/41CWW+v4uOL._SL500_.jpg" alt="Product Image"></a><p>SRA Solder 135 Rosin Paste Soldering Flux For Electronics, No Clean Flux Made for Lead and Lead-Free Solder Circuit Boards and Copper Electrical Wire - Safe Clean Residues with No Goopy Mess (2oz Jar)</p><p> -23% 0FF </p><p>$8.49</p><a href="https://www.amazon.com/dp/B008ZIV85A?tag=eloabder-20&linkCode=osi&th=1&psc=1">View Product</a></div><div class="product"><a href="https://www.amazon.com/dp/B08MVXW4RY?tag=eloabder-20&linkCode=osi&th=1&psc=1"><img src="https://m.media-amazon.com/images/I/51ACPA4yj1L._SL500_.jpg" alt="Product Image"></a><p>2 Jar Solder Flux, Flux for Soldering, Rosin Soldering Flux Paste for Lead-Free Electronics Soldering and Soldering DIY (1.2oz/35g in a Jar)</p><p> -30% 0FF </p><p>$6.98</p><a href="https://www.amazon.com/dp/B08MVXW4RY?tag=eloabder-20&linkCode=osi&th=1&psc=1">View Product</a></div>
<div class="product"><a href="https://www.amazon.com/dp/B07PX44JQM?tag=eloabder-20&linkCode=osi&th=1&psc=1"><img src="https://m.media-amazon.com/images/I/41MRmHNswpL._SL500_.jpg" alt="Product Image"></a><p>Metabo HPT Compound Miter Saw, 10" Miter Saw with Large Table Saw for woodworking, Power saw with 15-Amp Motor, Accurate Miter Angles, 0-45¬∞ Bevel, 24T TCT Miter Saw Blade, Positive Stops, C10FCGS</p><p> -25% 0FF </p><p>$119.00</p><a href="https://www.amazon.com/dp/B07PX44JQM?tag=eloabder-20&linkCode=osi&th=1&psc=1">View Product</a></div><div class="product"><a href="https://www.amazon.com/dp/B0CCNY7798?tag=eloabder-20&linkCode=osi&th=1&psc=1"><img src="https://m.media-amazon.com/images/I/51Wb7rA81NL._SL500_.jpg" alt="Product Image"></a><p>DEKOPRO Drill Set: Tool Set with 8V Blue Cordless Drill, Home Tool Kit with Drill, Hand Tool Kits for Women 126 Piece</p><p> -33% 0FF </p><p>$59.99</p><a href="https://www.amazon.com/dp/B0CCNY7798?tag=eloabder-20&linkCode=osi&th=1&psc=1">View Product</a></div><div class="product"><a href="https://www.amazon.com/dp/B07JPFHQKG?tag=eloabder-20&linkCode=osi&th=1&psc=1"><img src="https://m.media-amazon.com/images/I/413RBSqCVzL._SL500_.jpg" alt="Product Image"></a><p>DEWALT 20V MAX XR Jig Saw, 3,200 Blade Speed, Cordless, Brushless Motor, LED Light, Bare Tool Only (DCS334B)</p><p> -46% 0FF </p><p>$129.00</p><a href="https://www.amazon.com/dp/B07JPFHQKG?tag=eloabder-20&linkCode=osi&th=1&psc=1">View Product</a></div><div class="product"><a href="https://www.amazon.com/dp/B01IR1SXVQ?tag=eloabder-20&linkCode=osi&th=1&psc=1"><img src="https://m.media-amazon.com/images/I/41ryU1i4DeL._SL500_.jpg" alt="Product Image"></a><p>BLACK+DECKER 20V MAX Power Tool Combo Kit, 4-Tool Cordless Power Tool Set with 2 Batteries and Charger (BD4KITCDCRL)</p><p> -29% 0FF </p><p>$141.83</p><a href="https://www.amazon.com/dp/B01IR1SXVQ?tag=eloabder-20&linkCode=osi&th=1&psc=1">View Product</a></div>
<div class="product"><a href="https://www.amazon.com/dp/B0C4L88ZFW?tag=eloabder-20&linkCode=osi&th=1&psc=1"><img src="https://m.media-amazon.com/images/I/51SJoHf6mJL._SL500_.jpg" alt="Product Image"></a><p>FADAKWALT Cordless Drill Set,12V Power Drill Set with Battery and Charger, Electric Driver/Drill Bits, 3/8'' Keyless Chuck,21+1 Torque Setting, 180 inch-lbs, with LED Electric Drill Set (Green)</p><p> -20% 0FF </p><p>$23.98</p><a href="https://www.amazon.com/dp/B0C4L88ZFW?tag=eloabder-20&linkCode=osi&th=1&psc=1">View Product</a></div><div class="product"><a href="https://www.amazon.com/dp/B07CR1GPBQ?tag=eloabder-20&linkCode=osi&th=1&psc=1"><img src="https://m.media-amazon.com/images/I/51Py58xkv6L._SL500_.jpg" alt="Product Image"></a><p>AVID POWER 20V MAX Lithium lon Cordless Drill Set, Power Drill Kit with Battery and Charger, 3/8-Inch Keyless Chuck, Variable Speed, 16 Position and 22pcs Drill Bits (Red)</p><p> -12% 0FF </p><p>$43.99</p><a href="https://www.amazon.com/dp/B07CR1GPBQ?tag=eloabder-20&linkCode=osi&th=1&psc=1">View Product</a></div><div class="product"><a href="https://www.amazon.com/dp/B09Y8BWFZB?tag=eloabder-20&linkCode=osi&th=1&psc=1"><img src="https://m.media-amazon.com/images/I/51Ixq-DjI3L._SL500_.jpg" alt="Product Image"></a><p>DEKOPRO 8V Cordless Drill, Drill Set with 3/8"Keyless Chuck, 42pcs Acessories, Built-in LED, Type-C Charge Cable, Pink Power Drill for Drilling and Tightening/Loosening Screws</p><p> -17% 0FF </p><p>$29.99</p><a href="https://www.amazon.com/dp/B09Y8BWFZB?tag=eloabder-20&linkCode=osi&th=1&psc=1">View Product</a></div>
<div class="product"><a href="https://www.amazon.com/dp/B01KJJQ1MC?tag=eloabder-20&linkCode=osi&th=1&psc=1"><img src="https://m.media-amazon.com/images/I/51zT9DcQquL._SL500_.jpg" alt="Product Image"></a><p>Skil 5080-01 13-Amp 7-1/4" Circular Saw, Red</p><p> -33% 0FF </p><p>$39.99</p><a href="https://www.amazon.com/dp/B01KJJQ1MC?tag=eloabder-20&linkCode=osi&th=1&psc=1">View Product</a></div><div class="product"><a href="https://www.amazon.com/dp/B076HPKK19?tag=eloabder-20&linkCode=osi&th=1&psc=1"><img src="https://m.media-amazon.com/images/I/41b2h45bkSS._SL500_.jpg" alt="Product Image"></a><p>BLACK+DECKER 20V MAX* Cordless Reciprocating Saw Kit (BDCR20C)</p><p> -21% 0FF </p><p>$54.99</p><a href="https://www.amazon.com/dp/B076HPKK19?tag=eloabder-20&linkCode=osi&th=1&psc=1">View Product</a></div><div class="product"><a href="https://www.amazon.com/dp/B07WP376TG?tag=eloabder-20&linkCode=osi&th=1&psc=1"><img src="https://m.media-amazon.com/images/I/51PemucX5WL._SL500_.jpg" alt="Product Image"></a><p>GALAX PRO Circular Saw and Reciprocating Saw Combo Kit with 1pcs 4.0Ah Lithium Battery and One Charger, 7 Saw Blades and Tool Bag</p><p> -21% 0FF </p><p>$109.99</p><a href="https://www.amazon.com/dp/B07WP376TG?tag=eloabder-20&linkCode=osi&th=1&psc=1">View Product</a></div><div class="product"><a href="https://www.amazon.com/dp/B00F2CGXGG?tag=eloabder-20&linkCode=osi&th=1&psc=1"><img src="https://m.media-amazon.com/images/I/41gldz3g2lS._SL500_.jpg" alt="Product Image"></a><p>DEWALT (DWE7491RS) 10-Inch Table Saw, 32-1/2-Inch Rip Capacity, Yellow/Black/Silver</p><p> -18% 0FF </p><p>$549.00</p><a href="https://www.amazon.com/dp/B00F2CGXGG?tag=eloabder-20&linkCode=osi&th=1&psc=1">View Product</a></div><div class="product"><a href="https://www.amazon.com/dp/B086SRQVVM?tag=eloabder-20&linkCode=osi&th=1&psc=1"><img src="https://m.media-amazon.com/images/I/41dsapo-W7L._SL500_.jpg" alt="Product Image"></a><p>Electric Circular Saw, HYCHIKA 6.2A Mini Circular Saw with 3 Blades(4-1/2‚Äù), Compact Hand Saw Max Cutting Depth 1-7/8'' (90¬∞), Rubber Handle, 10 Feet Cord, Fit for Wood Soft Metal Plastic Cuts</p><p> -22% 0FF </p><p>$54.38</p><a href="https://www.amazon.com/dp/B086SRQVVM?tag=eloabder-20&linkCode=osi&th=1&psc=1">View Product</a></div>
<div class="product"><a href="https://www.amazon.com/dp/B00RVZ7DNO?tag=eloabder-20&linkCode=osi&th=1&psc=1"><img src="https://m.media-amazon.com/images/I/41WHxI6Z+bL._SL500_.jpg" alt="Product Image"></a><p>DEWALT Angle Grinder, 4.5 Inch, 11 Amp, With Paddle Switch (DWE402)</p><p> -19% 0FF </p><p>$88.82</p><a href="https://www.amazon.com/dp/B00RVZ7DNO?tag=eloabder-20&linkCode=osi&th=1&psc=1">View Product</a></div><div class="product"><a href="https://www.amazon.com/dp/B07L21GNHL?tag=eloabder-20&linkCode=osi&th=1&psc=1"><img src="https://m.media-amazon.com/images/I/5199mmz0eBS._SL500_.jpg" alt="Product Image"></a><p>Metabo HPT 4-1/2-Inch Angle Grinder, Includes 5 Grinding Wheels & Hard Case, 6.2-Amp Motor, Compact & Lightweight, G12SR4</p><p> -20% 0FF </p><p>$39.00</p><a href="https://www.amazon.com/dp/B07L21GNHL?tag=eloabder-20&linkCode=osi&th=1&psc=1">View Product</a></div><div class="product"><a href="https://www.amazon.com/dp/B009ELXH1K?tag=eloabder-20&linkCode=osi&th=1&psc=1"><img src="https://m.media-amazon.com/images/I/41xbd2K1xkL._SL500_.jpg" alt="Product Image"></a><p>DEWALT Angle Grinder, One-Touch Guard, 4-1/2 -Inch (DWE4011)</p><p> -11% 0FF </p><p>$79.00</p><a href="https://www.amazon.com/dp/B009ELXH1K?tag=eloabder-20&linkCode=osi&th=1&psc=1">View Product</a></div><div class="product"><a href="https://www.amazon.com/dp/B06WW85XHR?tag=eloabder-20&linkCode=osi&th=1&psc=1"><img src="https://m.media-amazon.com/images/I/41IyxzFrgQL._SL500_.jpg" alt="Product Image"></a><p>DEWALT Angle Grinder Tool, 4-1/2-Inch to 5-Inch, Trigger Switch (DWE43116)</p><p> -20% 0FF </p><p>$134.93</p><a href="https://www.amazon.com/dp/B06WW85XHR?tag=eloabder-20&linkCode=osi&th=1&psc=1">View Product</a></div><div class="product"><a href="https://www.amazon.com/dp/B0002SRK6M?tag=eloabder-20&linkCode=osi&th=1&psc=1"><img src="https://m.media-amazon.com/images/I/31rUdEYHfiL._SL500_.jpg" alt="Product Image"></a><p>DEWALT Angle Grinder, 7-Inch, 13-Amp, 8,000 RPM, With Dust Ejection System, Corded (DW840)</p><p> -18% 0FF </p><p>$122.13</p><a href="https://www.amazon.com/dp/B0002SRK6M?tag=eloabder-20&linkCode=osi&th=1&psc=1">View Product</a></div><div class="product"><a href="https://www.amazon.com/dp/B01HD4EH4A?tag=eloabder-20&linkCode=osi&th=1&psc=1"><img src="https://m.media-amazon.com/images/I/31bCbZzbjxL._SL500_.jpg" alt="Product Image"></a><p>BOSCH GWS8-45 4-1/2 Inch 7.5 Amp Angle Grinder</p><p> -15% 0FF </p><p>$58.98</p><a href="https://www.amazon.com/dp/B01HD4EH4A?tag=eloabder-20&linkCode=osi&th=1&psc=1">View Product</a></div><div class="product"><a href="https://www.amazon.com/dp/B09MCMN9SJ?tag=eloabder-20&linkCode=osi&th=1&psc=1"><img src="https://m.media-amazon.com/images/I/51bilvYEN5L._SL500_.jpg" alt="Product Image"></a><p>7.5Amp 4-1/2 Inch 12000 RPM Angle Grinder with 2 Guards, 3 Cutting Wheels, 3 Discs, Non-Slip Handle and Carbon Brush for Metal and Wood</p><p> -13% 0FF </p><p>$39.99</p><a href="https://www.amazon.com/dp/B09MCMN9SJ?tag=eloabder-20&linkCode=osi&th=1&psc=1">View Product</a></div><div class="product"><a href="https://www.amazon.com/dp/B01FJLKS1K?tag=eloabder-20&linkCode=osi&th=1&psc=1"><img src="https://m.media-amazon.com/images/I/41OMZZp7LWL._SL500_.jpg" alt="Product Image"></a><p>WEN 944 7-Amp Angle Grinder, 4-1/2", Grey,black,orange</p><p> -30% 0FF </p><p>$24.35</p><a href="https://www.amazon.com/dp/B01FJLKS1K?tag=eloabder-20&linkCode=osi&th=1&psc=1">View Product</a></div>
<div class="product"><a href="https://www.amazon.com/dp/B07FDL1TW5?tag=eloabder-20&linkCode=osi&th=1&psc=1"><img src="https://m.media-amazon.com/images/I/51OYzHg15RL._SL500_.jpg" alt="Product Image"></a><p>SKIL Corded Multi-Function Detail Sander with Micro-Filter Dust Box 3 Additional Attachments & 12pc Sanding Sheet- SR232301</p><p> -27% 0FF </p><p>$29.00</p><a href="https://www.amazon.com/dp/B07FDL1TW5?tag=eloabder-20&linkCode=osi&th=1&psc=1">View Product</a></div><div class="product"><a href="https://www.amazon.com/dp/B0858C7X3M?tag=eloabder-20&linkCode=osi&th=1&psc=1"><img src="https://m.media-amazon.com/images/I/41-u+iAaY0L._SL500_.jpg" alt="Product Image"></a><p>DEWALT Random Orbit Sander, Variable Speed, 5-Inch (DWE6423)</p><p> -29% 0FF </p><p>$69.99</p><a href="https://www.amazon.com/dp/B0858C7X3M?tag=eloabder-20&linkCode=osi&th=1&psc=1">View Product</a></div><div class="product"><a href="https://www.amazon.com/dp/B01ALMMJH8?tag=eloabder-20&linkCode=osi&th=1&psc=1"><img src="https://m.media-amazon.com/images/I/41c+p-fOD8L._SL500_.jpg" alt="Product Image"></a><p>DEWALT Electric Sander, 1/4-Inch Sheet, (DWE6411)</p><p> -17% 0FF </p><p>$53.64</p><a href="https://www.amazon.com/dp/B01ALMMJH8?tag=eloabder-20&linkCode=osi&th=1&psc=1">View Product</a></div><div class="product"><a href="https://www.amazon.com/dp/B07JQM7C28?tag=eloabder-20&linkCode=osi&th=1&psc=1"><img src="https://m.media-amazon.com/images/I/41dKlVcpqTL._SL500_.jpg" alt="Product Image"></a><p>DEWALT 20V MAX Orbital Sander, Tool Only (DCW210B)</p><p> -41% 0FF </p><p>$105.00</p><a href="https://www.amazon.com/dp/B07JQM7C28?tag=eloabder-20&linkCode=osi&th=1&psc=1">View Product</a></div><div class="product"><a href="https://www.amazon.com/dp/B07KL4QGSQ?tag=eloabder-20&linkCode=osi&th=1&psc=1"><img src="https://m.media-amazon.com/images/I/41Ucr142bJL._SL500_.jpg" alt="Product Image"></a><p>WEN Benchtop Belt and Disc Sander with 4 x 36 in. Belt, 6 in. Disc and Cast Iron Base (6502T)</p><p> -27% 0FF </p><p>$98.80</p><a href="https://www.amazon.com/dp/B07KL4QGSQ?tag=eloabder-20&linkCode=osi&th=1&psc=1">View Product</a></div><div class="product"><a href="https://www.amazon.com/dp/B00OJWLVM6?tag=eloabder-20&linkCode=osi&th=1&psc=1"><img src="https://m.media-amazon.com/images/I/41uzJE+Q03L._SL500_.jpg" alt="Product Image"></a><p>BLACK+DECKER 2.0 Amp Electric 1/4 Sheet Orbit Sander (BDEQS300)</p><p> -29% 0FF </p><p>$28.41</p><a href="https://www.amazon.com/dp/B00OJWLVM6?tag=eloabder-20&linkCode=osi&th=1&psc=1">View Product</a></div>
<div class="product"><a href="https://www.amazon.com/dp/B0DC68CKKH?tag=eloabder-20&linkCode=osi&th=1&psc=1"><img src="https://m.media-amazon.com/images/I/41gqGPLD28L._SL500_.jpg" alt="Product Image"></a><p>VEVOR Air Compressor 80 Gallon, 6.5HP 15.5SCFM@90 PSI, 2-Stage 145PSI Oil Free Stationary Air Compressor Tank, 86dB Quiet Compressor for Industrial Manufacturing, Construction Sites (3-Phase Power)</p><p> -6% 0FF </p><p>$1,141.99</p><a href="https://www.amazon.com/dp/B0DC68CKKH?tag=eloabder-20&linkCode=osi&th=1&psc=1">View Product</a></div><div class="product"><a href="https://www.amazon.com/dp/B0CSZ1NVW4?tag=eloabder-20&linkCode=osi&th=1&psc=1"><img src="https://m.media-amazon.com/images/I/41RAQPUKmVL._SL500_.jpg" alt="Product Image"></a><p>FYPower Air Compressor Whip Hose 3/8 Inch x 10 Feet Lead in Hybrid Hose with Fittings, Flexible and Kink Resistant, 1/4" Industrial Quick Coupler and Plug Kit - Red</p><p> -50% 0FF </p><p>$9.49</p><a href="https://www.amazon.com/dp/B0CSZ1NVW4?tag=eloabder-20&linkCode=osi&th=1&psc=1">View Product</a></div><div class="product"><a href="https://www.amazon.com/dp/B0D1QK5ZKD?tag=eloabder-20&linkCode=osi&th=1&psc=1"><img src="https://m.media-amazon.com/images/I/41lJM5B8d2L._SL500_.jpg" alt="Product Image"></a><p>Uharbour Air Compressor Hose 1/4" x 50 Feet, 1/4 Air Hose PVC/Rubber Hybrid, Air Hose for Compressor with 1/4" MNPT Brass Fitting, Air Hose 50 ft for Air Compressor</p><p> -50% 0FF </p><p>$11.49 ($0.23 / Foot)</p><a href="https://www.amazon.com/dp/B0D1QK5ZKD?tag=eloabder-20&linkCode=osi&th=1&psc=1">View Product</a></div><div class="product"><a href="https://www.amazon.com/dp/B0CQ1ZXN5N?tag=eloabder-20&linkCode=osi&th=1&psc=1"><img src="https://m.media-amazon.com/images/I/413MD4U9LOL._SL500_.jpg" alt="Product Image"></a><p>DEWENWILS 3/8 Inch x 50FT Hybrid Air Hose 300 PSI, Heavy Duty Air Compressor Hose with 1/4" Industrial Quick Coupler Fittings, Flexible and Kink Resistant Air Hose (Red)</p><p> -50% 0FF </p><p>$16.24 ($0.32 / Foot)</p><a href="https://www.amazon.com/dp/B0CQ1ZXN5N?tag=eloabder-20&linkCode=osi&th=1&psc=1">View Product</a></div><div class="product"><a href="https://www.amazon.com/dp/B0CHB3GDSV?tag=eloabder-20&linkCode=osi&th=1&psc=1"><img src="https://m.media-amazon.com/images/I/41TgWdqGdPL._SL500_.jpg" alt="Product Image"></a><p>Giraffe Tools TA15BPLUS Retractable Air Hose Reel with Swivel Bracket 3/8" x 50 ft Hybrid Hose, Ceiling/Wall Mounted Heavy Duty Industrial Air Compressor Hose Reel, 300PSI, 50ft</p><p> -9% 0FF </p><p>$99.99</p><a href="https://www.amazon.com/dp/B0CHB3GDSV?tag=eloabder-20&linkCode=osi&th=1&psc=1">View Product</a></div><div class="product"><a href="https://www.amazon.com/dp/B08PDT69XS?tag=eloabder-20&linkCode=osi&th=1&psc=1"><img src="https://m.media-amazon.com/images/I/41a6Z-s1uhL._SL500_.jpg" alt="Product Image"></a><p>Craftsman 20-piece Air Accessory Kit</p><p> -24% 0FF </p><p>$33.28</p><a href="https://www.amazon.com/dp/B08PDT69XS?tag=eloabder-20&linkCode=osi&th=1&psc=1">View Product</a></div><div class="product"><a href="https://www.amazon.com/dp/B07MBY35K6?tag=eloabder-20&linkCode=osi&th=1&psc=1"><img src="https://m.media-amazon.com/images/I/41wG+631zAL._SL500_.jpg" alt="Product Image"></a><p>AZUNO Digital Tire Inflator with Pressure Gauge, 200 PSI (0.1 Res) w/LED Flashlight, Heavy Duty Air Compressor Accessories 7pcs Set, w/Lock on Air Dual Head Chuck and 90¬∞ Tire Valve</p><p> -6% 0FF </p><p>$25.99</p><a href="https://www.amazon.com/dp/B07MBY35K6?tag=eloabder-20&linkCode=osi&th=1&psc=1">View Product</a></div>
<div class="product"><a href="https://www.amazon.com/dp/B0918CSK8N?tag=eloabder-20&linkCode=osi&th=1&psc=1"><img src="https://m.media-amazon.com/images/I/51PHon751vL._SL500_.jpg" alt="Product Image"></a><p>TOOLPEAK 1/4 inch angle air die grinder with 22 pcs 2-inch roll lock sanding discs, polished color angle pneumatic die grinder, air die grinder kit</p><p> -5% 0FF </p><p>$38.57</p><a href="https://www.amazon.com/dp/B0918CSK8N?tag=eloabder-20&linkCode=osi&th=1&psc=1">View Product</a></div><div class="product"><a href="https://www.amazon.com/dp/B000VZAENC?tag=eloabder-20&linkCode=osi&th=1&psc=1"><img src="https://m.media-amazon.com/images/I/21onsePfIFL._SL500_.jpg" alt="Product Image"></a><p>Ingersoll Rand 114GQC Quick Change Air Hammer 3-Piece Chisel Set, 3500 BPM, 2-5/8" Stroke, .401 Shank</p><p> -13% 0FF </p><p>$64.99</p><a href="https://www.amazon.com/dp/B000VZAENC?tag=eloabder-20&linkCode=osi&th=1&psc=1">View Product</a></div><div class="product"><a href="https://www.amazon.com/dp/B079FCZT4N?tag=eloabder-20&linkCode=osi&th=1&psc=1"><img src="https://m.media-amazon.com/images/I/41MB8jWnISS._SL500_.jpg" alt="Product Image"></a><p>WEN 61721 18-Gauge 3/8-Inch to 2-Inch Pneumatic Brad Nailer</p><p> -38% 0FF </p><p>$27.99</p><a href="https://www.amazon.com/dp/B079FCZT4N?tag=eloabder-20&linkCode=osi&th=1&psc=1">View Product</a></div><div class="product"><a href="https://www.amazon.com/dp/B00OK3TWUW?tag=eloabder-20&linkCode=osi&th=1&psc=1"><img src="https://m.media-amazon.com/images/I/314nu+8-0xL._SL500_.jpg" alt="Product Image"></a><p>DEWALT Grinder Tool, Self-locking Touch Control, 3-Inch (DWMT70784)</p><p> -66% 0FF </p><p>$42.84</p><a href="https://www.amazon.com/dp/B00OK3TWUW?tag=eloabder-20&linkCode=osi&th=1&psc=1">View Product</a></div><div class="product"><a href="https://www.amazon.com/dp/B008JYRDEU?tag=eloabder-20&linkCode=osi&th=1&psc=1"><img src="https://m.media-amazon.com/images/I/316BGYzWEtL._SL500_.jpg" alt="Product Image"></a><p>Ingersoll Rand 301B 1/4-Inch Right-Angle Air Die Grinder</p><p> -17% 0FF </p><p>$66.55</p><a href="https://www.amazon.com/dp/B008JYRDEU?tag=eloabder-20&linkCode=osi&th=1&psc=1">View Product</a></div><div class="product"><a href="https://www.amazon.com/dp/B07MSL5X4W?tag=eloabder-20&linkCode=osi&th=1&psc=1"><img src="https://m.media-amazon.com/images/I/41Q7jIwxfQS._SL500_.jpg" alt="Product Image"></a><p>Metabo HPT Palm Nailer | Pro Preferred Brand of Pneumatic Nailers | Over-molded Rubber Grip | 360 Degree Swivel Fitting | Magnetic Nose | Ideal For Tight Spaces | 5-Year Warranty | NH90AB</p><p> -20% 0FF </p><p>$39.00</p><a href="https://www.amazon.com/dp/B07MSL5X4W?tag=eloabder-20&linkCode=osi&th=1&psc=1">View Product</a></div><div class="product"><a href="https://www.amazon.com/dp/B09XQ9Z1B9?tag=eloabder-20&linkCode=osi&th=1&psc=1"><img src="https://m.media-amazon.com/images/I/61exAD7KuDL._SL500_.jpg" alt="Product Image"></a><p>Air Cut Off Tool with 5Pcs 3-inch Die Grinder Cut-Off Wheels, Pneumatic Metal Sheet Cutting Tool, Heavy Duty Air Cutter Cut off Tool</p><p> -9% 0FF </p><p>$31.99</p><a href="https://www.amazon.com/dp/B09XQ9Z1B9?tag=eloabder-20&linkCode=osi&th=1&psc=1">View Product</a></div><div class="product"><a href="https://www.amazon.com/dp/B0CWV1M883?tag=eloabder-20&linkCode=osi&th=1&psc=1"><img src="https://m.media-amazon.com/images/I/415GvPJJSYL._SL500_.jpg" alt="Product Image"></a><p>Pneumatic Chamfering Tool Handheld, Mini Air-Powered Chamfering Machine Trimming, 45¬∞ Arc Corner with 1/4 Inch Air Inlet for Metal Wood Beveling Deburring (C&R Angle Blades)</p><p> -7% 0FF </p><p>$51.99</p><a href="https://www.amazon.com/dp/B0CWV1M883?tag=eloabder-20&linkCode=osi&th=1&psc=1">View Product</a></div>
<div class="product"><a href="https://www.amazon.com/dp/B0BZNPPBBN?tag=eloabder-20&linkCode=osi&th=1&psc=1"><img src="https://m.media-amazon.com/images/I/51U1TjcJAVL._SL500_.jpg" alt="Product Image"></a><p>6 Pack Hydraulic Seal Installation Tools, Hydraulic Cylinder Piston Repair Rebuild Seal Kit, U-Cup Rod Seal Installation Tool Kits Upgraded Super Strong Seal Twistor Install Tool Set</p><p> -5% 0FF </p><p>$38.99</p><a href="https://www.amazon.com/dp/B0BZNPPBBN?tag=eloabder-20&linkCode=osi&th=1&psc=1">View Product</a></div>
<div class="product"><a href="https://www.amazon.com/dp/B008ASBLJI?tag=eloabder-20&linkCode=osi&th=1&psc=1"><img src="https://m.media-amazon.com/images/I/4191b6i6byL._SL500_.jpg" alt="Product Image"></a><p>Forearm Forklift 2-Person Lifting and Moving Straps; Lift, Move and Carry Furniture, Appliances, Mattresses or Any Item up to 800 lbs. Safely and Easily Like a Pro, Orange</p><p> -33% 0FF </p><p>$19.99</p><a href="https://www.amazon.com/dp/B008ASBLJI?tag=eloabder-20&linkCode=osi&th=1&psc=1">View Product</a></div><div class="product"><a href="https://www.amazon.com/dp/B01G6C1R8O?tag=eloabder-20&linkCode=osi&th=1&psc=1"><img src="https://m.media-amazon.com/images/I/41BBAL4ekvS._SL500_.jpg" alt="Product Image"></a><p>Gymreapers Knee Sleeves (1 Pair) With Gym Bag - IPF Approved - Knee Sleeve & Compression Brace for Squats, Fitness, Weightlifting, and Powerlifting 7MM Sleeve Pair - For Men & Women (Large)</p><p> -14% 0FF </p><p>$59.99</p><a href="https://www.amazon.com/dp/B01G6C1R8O?tag=eloabder-20&linkCode=osi&th=1&psc=1">View Product</a></div><div class="product"><a href="https://www.amazon.com/dp/B0CB8NRQNJ?tag=eloabder-20&linkCode=osi&th=1&psc=1"><img src="https://m.media-amazon.com/images/I/41TGm-OVXtL._SL500_.jpg" alt="Product Image"></a><p>HOLKIE Retractable Casters Heavy Duty Casters with Lifting and Lowering Function Maximum Load of 700 lbs (4 casters) for Workbenches or Other Equipment</p><p> -13% 0FF </p><p>$25.99 ($6.50 / Count)</p><a href="https://www.amazon.com/dp/B0CB8NRQNJ?tag=eloabder-20&linkCode=osi&th=1&psc=1">View Product</a></div>
<div class="product"><a href="https://www.amazon.com/dp/B08669YYV7?tag=eloabder-20&linkCode=osi&th=1&psc=1"><img src="https://m.media-amazon.com/images/I/51UV5G4XfgL._SL500_.jpg" alt="Product Image"></a><p>RoMech 660lb Digital Hanging Scale with Cast Aluminum Case, Handheld 300Kg Mini Crane Scale with Hooks for Farm Hunting Fishing Outdoor (Orange)</p><p> -25% 0FF </p><p>$29.99</p><a href="https://www.amazon.com/dp/B08669YYV7?tag=eloabder-20&linkCode=osi&th=1&psc=1">View Product</a></div><div class="product"><a href="https://www.amazon.com/dp/B0CMHX7Q2X?tag=eloabder-20&linkCode=osi&th=1&psc=1"><img src="https://m.media-amazon.com/images/I/31NOuexL2YL._SL500_.jpg" alt="Product Image"></a><p>VEVOR Crane Scale, Hanging Scale Industrial Heavy Duty, Digital Crane Scale with Remote Control, Cast Aluminum Case & LED Screen, 2200 lbs/1000 kg,High Precision for Construction, Factory, Farm</p><p> -10% 0FF </p><p>$66.59</p><a href="https://www.amazon.com/dp/B0CMHX7Q2X?tag=eloabder-20&linkCode=osi&th=1&psc=1">View Product</a></div>
<div class="product"><a href="https://www.amazon.com/dp/B0CQCDVKJ1?tag=eloabder-20&linkCode=osi&th=1&psc=1"><img src="https://m.media-amazon.com/images/I/41GQHYTm0VL._SL500_.jpg" alt="Product Image"></a><p>VEVOR 2-in-1 Electric Hoist Winch, 1100 lbs Lift Capacity, 1500W Portable Power Winch Crane, 22.9 ft Lifting Height, 13 ft/min with Wired Remote Control, for Garage, Warehouse, Factory Lifting Towing</p><p> -17% 0FF </p><p>$107.99</p><a href="https://www.amazon.com/dp/B0CQCDVKJ1?tag=eloabder-20&linkCode=osi&th=1&psc=1">View Product</a></div><div class="product"><a href="https://www.amazon.com/dp/B0CT2LSGSD?tag=eloabder-20&linkCode=osi&th=1&psc=1"><img src="https://m.media-amazon.com/images/I/41-pWD30jmL._SL500_.jpg" alt="Product Image"></a><p>3 in 1 Electric Hoist Winch,2200LBS Wired and Wireless Remote Control,110/120V-Portable Power Electric Hoist,41ft Lifting Garage Lift Hoist& Pure Copper Motor,forGarage,Factories,Warehouses,Verandahs</p><p> -6% 0FF </p><p>$146.56</p><a href="https://www.amazon.com/dp/B0CT2LSGSD?tag=eloabder-20&linkCode=osi&th=1&psc=1">View Product</a></div><div class="product"><a href="https://www.amazon.com/dp/B09TW27PBZ?tag=eloabder-20&linkCode=osi&th=1&psc=1"><img src="https://m.media-amazon.com/images/I/411FSmkLWEL._SL500_.jpg" alt="Product Image"></a><p>VEVOR Electric Hoist, 440LBS Attic Hoist, Ladder Hoist, 110V Electric Hoist with 14ft Remote Control & Single/Double Slings for Lifting in Factories, Warehouses, Construction Site, Attic</p><p> -15% 0FF </p><p>$82.44</p><a href="https://www.amazon.com/dp/B09TW27PBZ?tag=eloabder-20&linkCode=osi&th=1&psc=1">View Product</a></div><div class="product"><a href="https://www.amazon.com/dp/B0C4DSHF17?tag=eloabder-20&linkCode=osi&th=1&psc=1"><img src="https://m.media-amazon.com/images/I/51EnChC+cEL._SL500_.jpg" alt="Product Image"></a><p>VEVOR 1320lbs Electric Hoist with Wireless Remote Control,110v Electric Hoist with Remote Control, 40ft/20ft Lifting Height & Pure Copper Motor, for Garage Warehouse Factory</p><p> -12% 0FF </p><p>$112.49</p><a href="https://www.amazon.com/dp/B0C4DSHF17?tag=eloabder-20&linkCode=osi&th=1&psc=1">View Product</a></div>
<div class="product"><a href="https://www.amazon.com/dp/B08GQ9VXKK?tag=eloabder-20&linkCode=osi&th=1&psc=1"><img src="https://m.media-amazon.com/images/I/51D47aU7KVL._SL500_.jpg" alt="Product Image"></a><p>Sidasu Forklift Safety Cage 36x36 Inches Forklift Work Platform 1200LBS Capacity with 4 Wheels Aerial Platform Collapsible Lift Basket Aerial Rails for Lifting Loader</p><p> -11% 0FF </p><p>$159.99</p><a href="https://www.amazon.com/dp/B08GQ9VXKK?tag=eloabder-20&linkCode=osi&th=1&psc=1">View Product</a></div><div class="product"><a href="https://www.amazon.com/dp/B0CRYQTYPQ?tag=eloabder-20&linkCode=osi&th=1&psc=1"><img src="https://m.media-amazon.com/images/I/51wrhc6U5NL._SL500_.jpg" alt="Product Image"></a><p>Santiano Forklift Cover,All-Weather Use, Multi-Functional, No Disassembly, Waterproof, Dustproof, Wind & Snow Protection,600D Oxford&EVA Eco-Friendly Material - Work Year-Round!Up to 6000 Lbs</p><p> -10% 0FF </p><p>$89.99</p><a href="https://www.amazon.com/dp/B0CRYQTYPQ?tag=eloabder-20&linkCode=osi&th=1&psc=1">View Product</a></div>
<div class="product"><a href="https://www.amazon.com/dp/B0D3LGSK5H?tag=eloabder-20&linkCode=osi&th=1&psc=1"><img src="https://m.media-amazon.com/images/I/41Stu0GX-WL._SL500_.jpg" alt="Product Image"></a><p>VEVOR Belt Conveyor, 47 x 7.8 inch Conveyor Table, Heavy Duty Stainless Steel Motorized Belt Conveyor for Inkjet Coding Applications Powered PVC Belt Anti-Static Adjustable Speed (Double Guardrail)</p><p> -30% 0FF </p><p>$168.99</p><a href="https://www.amazon.com/dp/B0D3LGSK5H?tag=eloabder-20&linkCode=osi&th=1&psc=1">View Product</a></div><div class="product"><a href="https://www.amazon.com/dp/B0D7Q3GX1Q?tag=eloabder-20&linkCode=osi&th=1&psc=1"><img src="https://m.media-amazon.com/images/I/41FysGv+h2L._SL500_.jpg" alt="Product Image"></a><p>biosp Adjustable Conveyor Roller Stand with Wheels, Conveyor System Table Height Adjusts between 23'' and 36'', Infeed/Outfeed Support Expandable Gravity Conveyor Belt 300 lbs Load Weight Capacity</p><p> -27% 0FF </p><p>$134.99</p><a href="https://www.amazon.com/dp/B0D7Q3GX1Q?tag=eloabder-20&linkCode=osi&th=1&psc=1">View Product</a></div>
<div class="product"><a href="https://www.amazon.com/dp/B085X1KRSY?tag=eloabder-20&linkCode=osi&th=1&psc=1"><img src="https://m.media-amazon.com/images/I/31zzyc8v40L._SL500_.jpg" alt="Product Image"></a><p>Rhino Cart All Terrain Mover - All Terrain Moving Dolly for Heavy Appliance, Furniture, and Building Material Handling with 2,000lb Load Rating</p><p> -11% 0FF </p><p>$141.86</p><a href="https://www.amazon.com/dp/B085X1KRSY?tag=eloabder-20&linkCode=osi&th=1&psc=1">View Product</a></div><div class="product"><a href="https://www.amazon.com/dp/B097K7JG56?tag=eloabder-20&linkCode=osi&th=1&psc=1"><img src="https://m.media-amazon.com/images/I/51L7oLmBU6L._SL500_.jpg" alt="Product Image"></a><p>XClifes Labor-Saving Handle 2 Pack, 12 in Construction Jack, Wall Tile Locator, Multi-Function Height Adjustment Lifting Device, Door Panel Lifting Cabinet Jack, Raised by 6.69 in,Dynamic Load 450 LB</p><p> -70% 0FF </p><p>$41.99</p><a href="https://www.amazon.com/dp/B097K7JG56?tag=eloabder-20&linkCode=osi&th=1&psc=1">View Product</a></div>
<div class="product"><a href="https://www.amazon.com/dp/B0C73SXNLS?tag=eloabder-20&linkCode=osi&th=1&psc=1"><img src="https://m.media-amazon.com/images/I/51wYIKHX3sL._SL500_.jpg" alt="Product Image"></a><p>Space Saving Hangers, 10PCS Magic Hangers, 5 Holes Sturdy Plastic Hanger Clothes Organizer, Closet Organizers and Storage, Space Saver Hangers Organization, College Dorm Room Essentials (Gray)</p><p> -60% 0FF </p><p>$7.97</p><a href="https://www.amazon.com/dp/B0C73SXNLS?tag=eloabder-20&linkCode=osi&th=1&psc=1">View Product</a></div><div class="product"><a href="https://www.amazon.com/dp/B0BS3JQFBN?tag=eloabder-20&linkCode=osi&th=1&psc=1"><img src="https://m.media-amazon.com/images/I/51B12NhX-VL._SL500_.jpg" alt="Product Image"></a><p>HUITEM Space Saving 6 Tier Pant Hangers, Anti-Slip, Stainless Steel, 2 Pack, Black</p><p> -37% 0FF </p><p>$16.99 ($8.50 / Count)</p><a href="https://www.amazon.com/dp/B0BS3JQFBN?tag=eloabder-20&linkCode=osi&th=1&psc=1">View Product</a></div><div class="product"><a href="https://www.amazon.com/dp/B091KFT7WN?tag=eloabder-20&linkCode=osi&th=1&psc=1"><img src="https://m.media-amazon.com/images/I/415blLO8QrS._SL500_.jpg" alt="Product Image"></a><p>Magic Pants Hangers Space Saving - 2 Pack for Closet Multiple Layers Multifunctional Uses Rack Organizer for Trousers Scarves Slack (2 Pack with 10 Metal Clips)</p><p> -32% 0FF </p><p>$17.59 ($8.80 / Count)</p><a href="https://www.amazon.com/dp/B091KFT7WN?tag=eloabder-20&linkCode=osi&th=1&psc=1">View Product</a></div><div class="product"><a href="https://www.amazon.com/dp/B0CX56DY6R?tag=eloabder-20&linkCode=osi&th=1&psc=1"><img src="https://m.media-amazon.com/images/I/41lm5CT5cBL._SL500_.jpg" alt="Product Image"></a><p>ZEDODIER Tank Top Hanger, Rotatable Bra Organzier for Closet, Max 24 Storage Capacity Sport Bra Holder, Metal Space Saving Closet Organizers and Storage, Silver</p><p> -20% 0FF </p><p>$7.99</p><a href="https://www.amazon.com/dp/B0CX56DY6R?tag=eloabder-20&linkCode=osi&th=1&psc=1">View Product</a></div><div class="product"><a href="https://www.amazon.com/dp/B0CPPHDVDJ?tag=eloabder-20&linkCode=osi&th=1&psc=1"><img src="https://m.media-amazon.com/images/I/51sbXFj+BoL._SL500_.jpg" alt="Product Image"></a><p>2 Pack Closet-Organizers-and-Storage,6 Tier Mens-Shorts Pants-Hangers-Space-Saving,Skirt-Hangers with Clips for Closet Organizer,College-Dorm-Room-Essentials,Closet Storage Jean Yoga Legging Hanger</p><p> -8% 0FF </p><p>$11.99</p><a href="https://www.amazon.com/dp/B0CPPHDVDJ?tag=eloabder-20&linkCode=osi&th=1&psc=1">View Product</a></div>
<div class="product"><a href="https://www.amazon.com/dp/B0B7KTX5LC?tag=eloabder-20&linkCode=osi&th=1&psc=1"><img src="https://m.media-amazon.com/images/I/51JTXlpt4rL._SL500_.jpg" alt="Product Image"></a><p>Bezuny 72" H|36" W All-Metal Garage Shelving Unit and Storage-Easy Assembly Shelves 5-Tier Rack|Heavy-Duty Adjustable Shelf|Steel Waterproof Rust-Resistant Shelves for Industrial,Warehouse,Basement</p><p> -30% 0FF </p><p>$69.99</p><a href="https://www.amazon.com/dp/B0B7KTX5LC?tag=eloabder-20&linkCode=osi&th=1&psc=1">View Product</a></div><div class="product"><a href="https://www.amazon.com/dp/B0B5S3PH6P?tag=eloabder-20&linkCode=osi&th=1&psc=1"><img src="https://m.media-amazon.com/images/I/51jO-STn4XL._SL500_.jpg" alt="Product Image"></a><p>REIBII Garage Shelving, 72" Garage Storage Shelves Heavy Duty Shelving Units and Storage Loads 2500LBS, Adjustable 5 Tier Metal Shelving for Garage Shelves, Utility Shelf Rack, 72" H*35.5" W*16" D</p><p> -20% 0FF </p><p>$79.85</p><a href="https://www.amazon.com/dp/B0B5S3PH6P?tag=eloabder-20&linkCode=osi&th=1&psc=1">View Product</a></div><div class="product"><a href="https://www.amazon.com/dp/B0B6BDKTLB?tag=eloabder-20&linkCode=osi&th=1&psc=1"><img src="https://m.media-amazon.com/images/I/51ku-TmYb3L._SL500_.jpg" alt="Product Image"></a><p>REIBII 36" W x 16" D x 72" H Garage Shelving 2500LBS Capacity Adjustable 5-Tier Heavy Duty Metal Shelving Rack Shelf for Garage,Shed, Pantry, Basement,2 Pack</p><p> -40% 0FF </p><p>$117.99</p><a href="https://www.amazon.com/dp/B0B6BDKTLB?tag=eloabder-20&linkCode=osi&th=1&psc=1">View Product</a></div>
<div class="product"><a href="https://www.amazon.com/dp/B0BV5K3K6V?tag=eloabder-20&linkCode=osi&th=1&psc=1"><img src="https://m.media-amazon.com/images/I/41lZ9MOqYgL._SL500_.jpg" alt="Product Image"></a><p>Pro-Lift Garage Storage Shelves - Heavy Duty 4-Tier Adjustable Metal Wire Shelving Units with 8000 lbs Total Capacity for Garage Basement Racking Organization - 72" H X 77" W X 24" D</p><p> -10% 0FF </p><p>$404.99</p><a href="https://www.amazon.com/dp/B0BV5K3K6V?tag=eloabder-20&linkCode=osi&th=1&psc=1">View Product</a></div><div class="product"><a href="https://www.amazon.com/dp/B0BV6P81V5?tag=eloabder-20&linkCode=osi&th=1&psc=1"><img src="https://m.media-amazon.com/images/I/41cJ52D8IXL._SL500_.jpg" alt="Product Image"></a><p>Pro-LifT Garage Storage Shelves - Heavy Duty 3-Tier Adjustable Metal Wire Shelving Units with 3000 lbs Total Capacity for Garage Basement Racking Organization - 48" H X 48" W X 24" D</p><p> -10% 0FF </p><p>$269.99</p><a href="https://www.amazon.com/dp/B0BV6P81V5?tag=eloabder-20&linkCode=osi&th=1&psc=1">View Product</a></div><div class="product"><a href="https://www.amazon.com/dp/B099RT478T?tag=eloabder-20&linkCode=osi&th=1&psc=1"><img src="https://m.media-amazon.com/images/I/51qH610h91L._SL500_.jpg" alt="Product Image"></a><p>FLEXIMOUNTS Garage Shelving, 3-Tier Heavy Duty Adjustable Shelf, 4650 lbs Weight Capacity Storage Rack, 4 Feet Tall Industrial Metal Shelving</p><p> -20% 0FF </p><p>$159.99</p><a href="https://www.amazon.com/dp/B099RT478T?tag=eloabder-20&linkCode=osi&th=1&psc=1">View Product</a></div><div class="product"><a href="https://www.amazon.com/dp/B0BVB3KSF8?tag=eloabder-20&linkCode=osi&th=1&psc=1"><img src="https://m.media-amazon.com/images/I/41OiNKSrE9L._SL500_.jpg" alt="Product Image"></a><p>Pro-LifT Garage Storage Shelves - Heavy Duty 5-Tier Adjustable Metal Wire Shelving Units with 4000 lbs Total Capacity for Garage Basement Racking Organization - 72" H X 48" W X 18" D</p><p> -21% 0FF </p><p>$172.90</p><a href="https://www.amazon.com/dp/B0BVB3KSF8?tag=eloabder-20&linkCode=osi&th=1&psc=1">View Product</a></div><div class="product"><a href="https://www.amazon.com/dp/B00EZEN2KW?tag=eloabder-20&linkCode=osi&th=1&psc=1"><img src="https://m.media-amazon.com/images/I/41NZ6KW-NBL._SL500_.jpg" alt="Product Image"></a><p>BestOffice 18x48x72 Storage Shelves Commercial Heavy Duty Metal Shelves Garage Organizer Wire Rack Shelving Storage Unit Shelf Adjustable Utility 6000 LBS Capacity,Chrome</p><p> -32% 0FF </p><p>$88.99</p><a href="https://www.amazon.com/dp/B00EZEN2KW?tag=eloabder-20&linkCode=osi&th=1&psc=1">View Product</a></div>
<div class="product"><a href="https://www.amazon.com/dp/B0052PPNQO?tag=eloabder-20&linkCode=osi&th=1&psc=1"><img src="https://m.media-amazon.com/images/I/41wsX9EmOEL._SL500_.jpg" alt="Product Image"></a><p>Vestil PLP2-4840-GREEN Polyethylene Pallet with 4 Way Entry 8000 lbs Capacity 40 In Length 48 In Width 6 In Height</p><p> -11% 0FF </p><p>$178.00</p><a href="https://www.amazon.com/dp/B0052PPNQO?tag=eloabder-20&linkCode=osi&th=1&psc=1">View Product</a></div>
<div class="product"><a href="https://www.amazon.com/dp/B0D3HYC8H1?tag=eloabder-20&linkCode=osi&th=1&psc=1"><img src="https://m.media-amazon.com/images/I/51g1Q8n8fvL._SL500_.jpg" alt="Product Image"></a><p>Dealusy 50 Pack (100-Piece) 24 oz Meal Prep Containers Reusable with Lids, Sturdy Leakproof & Food Safe, Microwave, Freezer, Dishwasher Safe Food Prep Containers, To Go Take Out Plastic Food Storage</p><p> -38% 0FF </p><p>$19.99 ($0.40 / Count)</p><a href="https://www.amazon.com/dp/B0D3HYC8H1?tag=eloabder-20&linkCode=osi&th=1&psc=1">View Product</a></div><div class="product"><a href="https://www.amazon.com/dp/B0BJ8DLPZ2?tag=eloabder-20&linkCode=osi&th=1&psc=1"><img src="https://m.media-amazon.com/images/I/51uDVTFjr8L._SL500_.jpg" alt="Product Image"></a><p>Axe Sickle 200 Count Clear Plastic Hinged Take Out Containers Clamshell Takeout Tray Food Clamshell Containers Outside Diameter 5.3 x 4.7 inch for Dessert, Snacksetc, Cakes, Cookies, Salads</p><p> -8% 0FF </p><p>$23.99 ($0.12 / Count)</p><a href="https://www.amazon.com/dp/B0BJ8DLPZ2?tag=eloabder-20&linkCode=osi&th=1&psc=1">View Product</a></div>
<div class="product"><a href="https://www.amazon.com/dp/B01A12J3GI?tag=eloabder-20&linkCode=osi&th=1&psc=1"><img src="https://m.media-amazon.com/images/I/51OnLlU2IyL._SL500_.jpg" alt="Product Image"></a><p>DEWALT DPG82-11 Concealer Clear Anti-Fog Dual Mold Safety Goggle, Clear Lens, 1 Pair</p><p> -6% 0FF </p><p>$12.24</p><a href="https://www.amazon.com/dp/B01A12J3GI?tag=eloabder-20&linkCode=osi&th=1&psc=1">View Product</a></div><div class="product"><a href="https://www.amazon.com/dp/B0BGSFQJF6?tag=eloabder-20&linkCode=osi&th=1&psc=1"><img src="https://m.media-amazon.com/images/I/510nceKxovL._SL500_.jpg" alt="Product Image"></a><p>TICONN 12 Clear Safety Glasses for Men, Safety Goggles with Scratch Impact Resistant Meets ANSI Z87.1 Standard (12 Pack)</p><p> -13% 0FF </p><p>$12.99</p><a href="https://www.amazon.com/dp/B0BGSFQJF6?tag=eloabder-20&linkCode=osi&th=1&psc=1">View Product</a></div>
<div class="product"><a href="https://www.amazon.com/dp/B093FJWP7J?tag=eloabder-20&linkCode=osi&th=1&psc=1"><img src="https://m.media-amazon.com/images/I/51YRhBJ7CiL._SL500_.jpg" alt="Product Image"></a><p>Personal Protective Equipment (PPE) Isolation Door Caddy, Nylon Oxford NFPA-701 Large Scale Flame Retardant Coating 18.5 X 31 Inch, Included 2 Hooks - Royal Blue (with Back Pockets)</p><p> -13% 0FF </p><p>$84.97</p><a href="https://www.amazon.com/dp/B093FJWP7J?tag=eloabder-20&linkCode=osi&th=1&psc=1">View Product</a></div>
<div class="product"><a href="https://www.amazon.com/dp/B01AWK1XAS?tag=eloabder-20&linkCode=osi&th=1&psc=1"><img src="https://m.media-amazon.com/images/I/41Oax+1e+4L._SL500_.jpg" alt="Product Image"></a><p>NoCry Clear Safety Glasses for Men and Women with Anti-Fog and Scratch Resistant Wrap Around Lenses, Adjustable Temples and Nose Pads ‚Äî Certified ANSI Z87 Safety Glasses ‚Äî 100% UV Protective Eyewear</p><p> -18% 0FF </p><p>$13.99</p><a href="https://www.amazon.com/dp/B01AWK1XAS?tag=eloabder-20&linkCode=osi&th=1&psc=1">View Product</a></div><div class="product"><a href="https://www.amazon.com/dp/B0BNHKWR6W?tag=eloabder-20&linkCode=osi&th=1&psc=1"><img src="https://m.media-amazon.com/images/I/41yahLzQNGL._SL500_.jpg" alt="Product Image"></a><p>HPYNPES Safety GlassesClear Anti-Fog Goggles Over-Spec Glasses Protective Eye Wear Industrial Approved Wide-VisionÔºà4 PACKÔºâ</p><p> -50% 0FF </p><p>$9.99</p><a href="https://www.amazon.com/dp/B0BNHKWR6W?tag=eloabder-20&linkCode=osi&th=1&psc=1">View Product</a></div><div class="product"><a href="https://www.amazon.com/dp/B08S35C88L?tag=eloabder-20&linkCode=osi&th=1&psc=1"><img src="https://m.media-amazon.com/images/I/31X6+YNSuzS._SL500_.jpg" alt="Product Image"></a><p>SolidWork Safety Glasses Clear Lens with Side Shields, Anti Fog, Anti Scratch, Anti-Glare, Protective Eyewear for Men & Women</p><p> -15% 0FF </p><p>$16.99</p><a href="https://www.amazon.com/dp/B08S35C88L?tag=eloabder-20&linkCode=osi&th=1&psc=1">View Product</a></div><div class="product"><a href="https://www.amazon.com/dp/B016KZ2APQ?tag=eloabder-20&linkCode=osi&th=1&psc=1"><img src="https://m.media-amazon.com/images/I/311+k1qPWOL._SL500_.jpg" alt="Product Image"></a><p>3M Safety Glasses Solus 1000 Series ANSI Z87 Scotchgard Anti-Fog Clear Lens Low Profile Blue/Black Frame</p><p> -12% 0FF </p><p>$15.86</p><a href="https://www.amazon.com/dp/B016KZ2APQ?tag=eloabder-20&linkCode=osi&th=1&psc=1">View Product</a></div>
<div class="product"><a href="https://www.amazon.com/dp/B001FPCUHA?tag=eloabder-20&linkCode=osi&th=1&psc=1"><img src="https://m.media-amazon.com/images/I/31F0QDXn4KL._SL500_.jpg" alt="Product Image"></a><p>Flents Foam Ear Plugs, 10 Pair with Case for Sleeping, Snoring, Loud Noise, Traveling, Concerts, Construction, & Studying, NRR 33, Purple, Made in the USA,10 Count (Pack of 1)</p><p> -51% 0FF </p><p>$3.46 ($0.35 / Count)</p><a href="https://www.amazon.com/dp/B001FPCUHA?tag=eloabder-20&linkCode=osi&th=1&psc=1">View Product</a></div><div class="product"><a href="https://www.amazon.com/dp/B004CZYJLA?tag=eloabder-20&linkCode=osi&th=1&psc=1"><img src="https://m.media-amazon.com/images/I/31N8m8qA-yL._SL500_.jpg" alt="Product Image"></a><p>Flents Foam Ear Plugs, 10 Pair with Case for Sleeping, Snoring, Loud Noise, Traveling, Concerts, Construction, & Studying, NRR 33, Green, Made in the USA</p><p> -39% 0FF </p><p>$4.26 ($0.43 / Count)</p><a href="https://www.amazon.com/dp/B004CZYJLA?tag=eloabder-20&linkCode=osi&th=1&psc=1">View Product</a></div><div class="product"><a href="https://www.amazon.com/dp/B0DCZBPB4B?tag=eloabder-20&linkCode=osi&th=1&psc=1"><img src="https://m.media-amazon.com/images/I/41YdD7Ib+fL._SL500_.jpg" alt="Product Image"></a><p>Ear plugs for Sleeping 45dB Noise Cancelling Ear plugs for Concert, Work, Travel, Focus & Noise Sensitivity Silicone Hearing Protection Earplugs with 8 Ear Tips Reusable Noise Reduction Ear plug Black</p><p> -33% 0FF </p><p>$19.99</p><a href="https://www.amazon.com/dp/B0DCZBPB4B?tag=eloabder-20&linkCode=osi&th=1&psc=1">View Product</a></div><div class="product"><a href="https://www.amazon.com/dp/B085VNX9RT?tag=eloabder-20&linkCode=osi&th=1&psc=1"><img src="https://m.media-amazon.com/images/I/51-GbKB7ecL._SL500_.jpg" alt="Product Image"></a><p>Ear Plugs for Sleeping,16 Pairs Noise Canceling Soft Reusable Silicone Earplugs Waterproof Noise Reduction Earplugs for Concert,Swimming,Study,Loud Noise,Snoring</p><p> -34% 0FF </p><p>$8.59</p><a href="https://www.amazon.com/dp/B085VNX9RT?tag=eloabder-20&linkCode=osi&th=1&psc=1">View Product</a></div><div class="product"><a href="https://www.amazon.com/dp/B07G1MWHNR?tag=eloabder-20&linkCode=osi&th=1&psc=1"><img src="https://m.media-amazon.com/images/I/51xb3+YIUzL._SL500_.jpg" alt="Product Image"></a><p>Mack's Pillow Soft Silicone Earplugs, 12 Pair ‚Äì The Original Moldable Silicone Putty Ear Plugs for Sleeping, Snoring, Swimming, Travel, Concerts and Studying | Made in USA</p><p> -15% 0FF </p><p>$10.98 ($0.92 / Count)</p><a href="https://www.amazon.com/dp/B07G1MWHNR?tag=eloabder-20&linkCode=osi&th=1&psc=1">View Product</a></div><div class="product"><a href="https://www.amazon.com/dp/B0C852XHM7?tag=eloabder-20&linkCode=osi&th=1&psc=1"><img src="https://m.media-amazon.com/images/I/41cVUZQHT1L._SL500_.jpg" alt="Product Image"></a><p>Lenicany 30Pair Soft Foam EarPlugs, 32dB Disposable Sound Blocking Noise Cancelling Ear Plugs for Sleeping/Concerts Loud Music/Shooting Guns/Work Construction, Hearing Safety Protection (Blue)</p><p> -10% 0FF </p><p>$5.39 ($0.18 / Count)</p><a href="https://www.amazon.com/dp/B0C852XHM7?tag=eloabder-20&linkCode=osi&th=1&psc=1">View Product</a></div>
<div class="product"><a href="https://www.amazon.com/dp/B007JZ1N00?tag=eloabder-20&linkCode=osi&th=1&psc=1"><img src="https://m.media-amazon.com/images/I/41xRp2ZPBML._SL500_.jpg" alt="Product Image"></a><p>3M Half Facepiece Reusable Respirator 6200, NIOSH, Four-Point Harness, Comfortable Fit, Dual Airline Supplied Air Compatible, Bayonet Connections, Painting, Sanding, Cleaning, Medium</p><p> -28% 0FF </p><p>$14.75</p><a href="https://www.amazon.com/dp/B007JZ1N00?tag=eloabder-20&linkCode=osi&th=1&psc=1">View Product</a></div><div class="product"><a href="https://www.amazon.com/dp/B00004Z4EB?tag=eloabder-20&linkCode=osi&th=1&psc=1"><img src="https://m.media-amazon.com/images/I/51AYNvsO9wL._SL500_.jpg" alt="Product Image"></a><p>3M P95/OV Paint Project Reusable Respirator 6211, Medium Size, NIOSH-APPROVED Organic Vapor Cartridge & P95 Rated Filters, Lightweight, Flexible, Thermoplastic Faceseal For Comfort (6211P1-DC)</p><p> -14% 0FF </p><p>$34.20</p><a href="https://www.amazon.com/dp/B00004Z4EB?tag=eloabder-20&linkCode=osi&th=1&psc=1">View Product</a></div><div class="product"><a href="https://www.amazon.com/dp/B00IF7RCU6?tag=eloabder-20&linkCode=osi&th=1&psc=1"><img src="https://m.media-amazon.com/images/I/41AYgABL6KL._SL500_.jpg" alt="Product Image"></a><p>3M Rugged Comfort Quick Latch Half Facepiece Reusable Respirator 6503QL, NIOSH, Cool Flow Exhalation Valve, Bayonet Connection, Silicone Face Seal, for Gases, Vapors, Dust, Maintenance, Construction,L</p><p> -23% 0FF </p><p>$28.11</p><a href="https://www.amazon.com/dp/B00IF7RCU6?tag=eloabder-20&linkCode=osi&th=1&psc=1">View Product</a></div><div class="product"><a href="https://www.amazon.com/dp/B087FCW79Y?tag=eloabder-20&linkCode=osi&th=1&psc=1"><img src="https://m.media-amazon.com/images/I/41C6rOloEmL._SL500_.jpg" alt="Product Image"></a><p>RANKSING Reusable Respirator Gas Mask Half Facepiece Shield 6200 Face Cover with Filters for Dust, Fumes, Asbestos, Chemicals and Other Airborne Particles while Painting, Spraying, Polishing and More</p><p> -40% 0FF </p><p>$17.99</p><a href="https://www.amazon.com/dp/B087FCW79Y?tag=eloabder-20&linkCode=osi&th=1&psc=1">View Product</a></div><div class="product"><a href="https://www.amazon.com/dp/B007JZ1LG6?tag=eloabder-20&linkCode=osi&th=1&psc=1"><img src="https://m.media-amazon.com/images/I/41PsiHhcy1L._SL500_.jpg" alt="Product Image"></a><p>3M Full Facepiece Reusable Respirator 6800, NIOSH, Large Lens, ANSI High Impact Eye Protection, Silicone Face Seal, Four-Point Harness, Comfortable Fit, Painting, Dust, Chemicals, Medium</p><p> -56% 0FF </p><p>$93.00</p><a href="https://www.amazon.com/dp/B007JZ1LG6?tag=eloabder-20&linkCode=osi&th=1&psc=1">View Product</a></div>
<div class="product"><a href="https://www.amazon.com/dp/B08SYM9K52?tag=eloabder-20&linkCode=osi&th=1&psc=1"><img src="https://m.media-amazon.com/images/I/41bReMzs8sL._SL500_.jpg" alt="Product Image"></a><p>Klein Tools 60347 Hard Hat, Vented Full Brim, Class C, Premium KARBN Pattern, Rechargeable Lamp, Padded Sweat-Wicking Sweatband, Top Pad</p><p> -32% 0FF </p><p>$79.99</p><a href="https://www.amazon.com/dp/B08SYM9K52?tag=eloabder-20&linkCode=osi&th=1&psc=1">View Product</a></div><div class="product"><a href="https://www.amazon.com/dp/B07FQTCYTW?tag=eloabder-20&linkCode=osi&th=1&psc=1"><img src="https://m.media-amazon.com/images/I/41xEGl20DeL._SL500_.jpg" alt="Product Image"></a><p>Pyramex HP24110 Full Brim Hard Hat 4 Point Ratchet Suspension - White, 12 Count</p><p> -6% 0FF </p><p>$109.53</p><a href="https://www.amazon.com/dp/B07FQTCYTW?tag=eloabder-20&linkCode=osi&th=1&psc=1">View Product</a></div><div class="product"><a href="https://www.amazon.com/dp/B07L6QMYGG?tag=eloabder-20&linkCode=osi&th=1&psc=1"><img src="https://m.media-amazon.com/images/I/31xNCnPSZXL._SL500_.jpg" alt="Product Image"></a><p>Pyramex Ridgeline Full Brim Hard Hat 4 Point Ratchet Vented Matte Black Graphite Pattern</p><p> -15% 0FF </p><p>$28.00</p><a href="https://www.amazon.com/dp/B07L6QMYGG?tag=eloabder-20&linkCode=osi&th=1&psc=1">View Product</a></div><div class="product"><a href="https://www.amazon.com/dp/B078B9QD55?tag=eloabder-20&linkCode=osi&th=1&psc=1"><img src="https://m.media-amazon.com/images/I/41zmuOz7-DL._SL500_.jpg" alt="Product Image"></a><p>Pyramex Ridgeline Cap Style Hard Hat 4 Point Ratchet Vented Matte Black Graphite Pattern</p><p> -21% 0FF </p><p>$27.00</p><a href="https://www.amazon.com/dp/B078B9QD55?tag=eloabder-20&linkCode=osi&th=1&psc=1">View Product</a></div>
<div class="product"><a href="https://www.amazon.com/dp/B0BW9185XF?tag=eloabder-20&linkCode=osi&th=1&psc=1"><img src="https://m.media-amazon.com/images/I/51lDE-LgnFL._SL500_.jpg" alt="Product Image"></a><p>NEOTRIL Safety Work Gloves MicroFoam Nitrile Coated-3 Pairs, Seamless Knit Nylon Bulk Pack Working Gloves with Grip for Men Women Light Duty Work,Automotive,Warehouse (Gray,L)</p><p> -31% 0FF </p><p>$9.99</p><a href="https://www.amazon.com/dp/B0BW9185XF?tag=eloabder-20&linkCode=osi&th=1&psc=1">View Product</a></div><div class="product"><a href="https://www.amazon.com/dp/B00004XOH8?tag=eloabder-20&linkCode=osi&th=1&psc=1"><img src="https://m.media-amazon.com/images/I/41vrr-XI8HL._SL500_.jpg" alt="Product Image"></a><p>Ironclad General Utility Work Gloves GUG, All-Purpose, Performance Fit, Durable, Machine Washable, (1 Pair), Large - GUG-04-L , Black</p><p> -34% 0FF </p><p>$14.83</p><a href="https://www.amazon.com/dp/B00004XOH8?tag=eloabder-20&linkCode=osi&th=1&psc=1">View Product</a></div><div class="product"><a href="https://www.amazon.com/dp/B0797N2YW1?tag=eloabder-20&linkCode=osi&th=1&psc=1"><img src="https://m.media-amazon.com/images/I/41JMMfokSfL._SL500_.jpg" alt="Product Image"></a><p>HANDLANDY Mens Work Gloves Touch screen, Synthetic Leather Utility Gloves, Flexible Breathable Fit- Padded Knuckles & Palm (Large)</p><p> -19% 0FF </p><p>$12.80 ($12.80 / Count)</p><a href="https://www.amazon.com/dp/B0797N2YW1?tag=eloabder-20&linkCode=osi&th=1&psc=1">View Product</a></div>
<div class="product"><a href="https://www.amazon.com/dp/B01N5L2JG7?tag=eloabder-20&linkCode=osi&th=1&psc=1"><img src="https://m.media-amazon.com/images/I/41TB3tRdI3L._SL500_.jpg" alt="Product Image"></a><p>Skechers Men's Flex Advantage Bendon Work Shoe, Black, 9</p><p> -17% 0FF </p><p>$70.83</p><a href="https://www.amazon.com/dp/B01N5L2JG7?tag=eloabder-20&linkCode=osi&th=1&psc=1">View Product</a></div><div class="product"><a href="https://www.amazon.com/dp/B00QX3UKXA?tag=eloabder-20&linkCode=osi&th=1&psc=1"><img src="https://m.media-amazon.com/images/I/41y-VMqnzVL._SL500_.jpg" alt="Product Image"></a><p>Skechers womens Sure Track Trickel-w health care and food service shoes, Black, 9 X-Wide US</p><p> -38% 0FF </p><p>$58.63</p><a href="https://www.amazon.com/dp/B00QX3UKXA?tag=eloabder-20&linkCode=osi&th=1&psc=1">View Product</a></div><div class="product"><a href="https://www.amazon.com/dp/B08XLM93P7?tag=eloabder-20&linkCode=osi&th=1&psc=1"><img src="https://m.media-amazon.com/images/I/41VlYm6BhQL._SL500_.jpg" alt="Product Image"></a><p>Shoes for Crews Everlight Mens Non Slip Work Shoes - Men's Work & Safety Footwear, Lace-Up Breathable Work Shoes for Men, Zapato de Trabajo para Hombre, Size 11.5 Black</p><p> -14% 0FF </p><p>$59.98</p><a href="https://www.amazon.com/dp/B08XLM93P7?tag=eloabder-20&linkCode=osi&th=1&psc=1">View Product</a></div><div class="product"><a href="https://www.amazon.com/dp/B01KXSD3Q6?tag=eloabder-20&linkCode=osi&th=1&psc=1"><img src="https://m.media-amazon.com/images/I/41KIVA8d16L._SL500_.jpg" alt="Product Image"></a><p>Skechers Men's Dighton Athletic Work Food Service Shoe, Black, 10.5</p><p> -19% 0FF </p><p>$40.35</p><a href="https://www.amazon.com/dp/B01KXSD3Q6?tag=eloabder-20&linkCode=osi&th=1&psc=1">View Product</a></div><div class="product"><a href="https://www.amazon.com/dp/B0CRB5HDWQ?tag=eloabder-20&linkCode=osi&th=1&psc=1"><img src="https://m.media-amazon.com/images/I/410N9FwQahL._SL500_.jpg" alt="Product Image"></a><p>Non Slip Waterproof Shoes for Men Work Slip Resistant Oil Slip On Loafers Chef Kitchen Restaurant Food Service Zapatos de Trabajo para Hombres antideslizante para cocina Black</p><p> -20% 0FF </p><p>$39.89</p><a href="https://www.amazon.com/dp/B0CRB5HDWQ?tag=eloabder-20&linkCode=osi&th=1&psc=1">View Product</a></div><div class="product"><a href="https://www.amazon.com/dp/B0777Z16G2?tag=eloabder-20&linkCode=osi&th=1&psc=1"><img src="https://m.media-amazon.com/images/I/41ZjAWKjD1L._SL500_.jpg" alt="Product Image"></a><p>Skechers Men's Nampa Food Service Shoe, Black, 14 Wide</p><p> -28% 0FF </p><p>$40.34</p><a href="https://www.amazon.com/dp/B0777Z16G2?tag=eloabder-20&linkCode=osi&th=1&psc=1">View Product</a></div>
<div class="product"><a href="https://www.amazon.com/dp/B0032U3JXA?tag=eloabder-20&linkCode=osi&th=1&psc=1"><img src="https://m.media-amazon.com/images/I/51fQWw+gCYL._SL500_.jpg" alt="Product Image"></a><p>Guardian Fall Protection 00815 BOS-T50 Bucket of Safe-Tie - 5 Gallon Bucket, 50 ft. Vertical Lifeline Assembly, 5 Temper Reusable Anchor, Safety Harness Kit, Yellow</p><p> -20% 0FF </p><p>$87.92</p><a href="https://www.amazon.com/dp/B0032U3JXA?tag=eloabder-20&linkCode=osi&th=1&psc=1">View Product</a></div><div class="product"><a href="https://www.amazon.com/dp/B004A7XV50?tag=eloabder-20&linkCode=osi&th=1&psc=1"><img src="https://m.media-amazon.com/images/I/41Cmyb7QFkL._SL500_.jpg" alt="Product Image"></a><p>Guardian Fall Protection 10785 Premium 3-Foot Cross-Arm Straps with Large and Small D-Rings</p><p> -21% 0FF </p><p>$26.13</p><a href="https://www.amazon.com/dp/B004A7XV50?tag=eloabder-20&linkCode=osi&th=1&psc=1">View Product</a></div>
<div class="product"><a href="https://www.amazon.com/dp/B00HSJCS06?tag=eloabder-20&linkCode=osi&th=1&psc=1"><img src="https://m.media-amazon.com/images/I/51FCdQhuNVL._SL500_.jpg" alt="Product Image"></a><p>Accuform Lockout Tags, Pack of 25, Bilingual Danger Do Not Operation Equipment Lock Out, US Made OSHA Compliant Tags, Tear & Water Resistant PF-Cardstock, 5.75"x 3.25", TSP105CTP</p><p> -11% 0FF </p><p>$17.86 ($0.71 / Count)</p><a href="https://www.amazon.com/dp/B00HSJCS06?tag=eloabder-20&linkCode=osi&th=1&psc=1">View Product</a></div>
<div class="product"><a href="https://www.amazon.com/dp/B0C5M773VW?tag=eloabder-20&linkCode=osi&th=1&psc=1"><img src="https://m.media-amazon.com/images/I/51uxbEonuhL._SL500_.jpg" alt="Product Image"></a><p>SecuCaptain Emergency Fire Blanket for Home and Kitchen - 2 Pack 40"x40" Flame Suppression Fiberglass Fire Blankets for House Camping Car Office Warehouse Emergency Survival Safety</p><p> -43% 0FF </p><p>$16.99</p><a href="https://www.amazon.com/dp/B0C5M773VW?tag=eloabder-20&linkCode=osi&th=1&psc=1">View Product</a></div><div class="product"><a href="https://www.amazon.com/dp/B001229JCU?tag=eloabder-20&linkCode=osi&th=1&psc=1"><img src="https://m.media-amazon.com/images/I/31W6FuKPMcL._SL500_.jpg" alt="Product Image"></a><p>First Alert EZ Fire Spray, Extinguishing Aerosol Spray, AF400 Red 18 Ounce (Pack of 1)</p><p> -55% 0FF </p><p>$12.49</p><a href="https://www.amazon.com/dp/B001229JCU?tag=eloabder-20&linkCode=osi&th=1&psc=1">View Product</a></div><div class="product"><a href="https://www.amazon.com/dp/B00002ND64?tag=eloabder-20&linkCode=osi&th=1&psc=1"><img src="https://m.media-amazon.com/images/I/41r+PeZkpJL._SL500_.jpg" alt="Product Image"></a><p>Kidde FA110 Multi Purpose Fire Extinguisher 1A10BC, 1 Pack, red</p><p> -31% 0FF </p><p>$25.49</p><a href="https://www.amazon.com/dp/B00002ND64?tag=eloabder-20&linkCode=osi&th=1&psc=1">View Product</a></div><div class="product"><a href="https://www.amazon.com/dp/B07CQJCD6G?tag=eloabder-20&linkCode=osi&th=1&psc=1"><img src="https://m.media-amazon.com/images/I/31EmoFZ3KTL._SL500_.jpg" alt="Product Image"></a><p>Sellstrom Odyssey II Wildland Fire Safety Goggles - Anti-Fog, Anti-Scratch Eye Protection Goggles for Men & Women - FR Strap, fits over Glasses, ANSI Z87.1</p><p> -28% 0FF </p><p>$16.78</p><a href="https://www.amazon.com/dp/B07CQJCD6G?tag=eloabder-20&linkCode=osi&th=1&psc=1">View Product</a></div><div class="product"><a href="https://www.amazon.com/dp/B00005OU7B?tag=eloabder-20&linkCode=osi&th=1&psc=1"><img src="https://m.media-amazon.com/images/I/51O8BtvNfSL._SL500_.jpg" alt="Product Image"></a><p>Kidde Fire Escape Ladder, 2-Story Rope Ladder, Extends to 13-Feet, Anti-Slip Rungs</p><p> -36% 0FF </p><p>$40.99</p><a href="https://www.amazon.com/dp/B00005OU7B?tag=eloabder-20&linkCode=osi&th=1&psc=1">View Product</a></div><div class="product"><a href="https://www.amazon.com/dp/B08Z61XL6V?tag=eloabder-20&linkCode=osi&th=1&psc=1"><img src="https://m.media-amazon.com/images/I/519EzZgGD6L._SL500_.jpg" alt="Product Image"></a><p>Mart Cobra Emergency Fire Blanket for Home and Kitchen - 2 Pack - Fire Blankets Emergency for Home 40‚Äù x 40‚Äù - Fire Suppression Blanket - Home Safety</p><p> -25% 0FF </p><p>$29.87</p><a href="https://www.amazon.com/dp/B08Z61XL6V?tag=eloabder-20&linkCode=osi&th=1&psc=1">View Product</a></div>
<div class="product"><a href="https://www.amazon.com/dp/B07D6QGQYB?tag=eloabder-20&linkCode=osi&th=1&psc=1"><img src="https://m.media-amazon.com/images/I/41y18ggm8GL._SL500_.jpg" alt="Product Image"></a><p>Kidde Fire Extinguisher for Home, 1-A:10-B:C, Dry Chemical Extinguisher, Red, Mounting Bracket Included, 2 Pack</p><p> -41% 0FF </p><p>$32.98</p><a href="https://www.amazon.com/dp/B07D6QGQYB?tag=eloabder-20&linkCode=osi&th=1&psc=1">View Product</a></div><div class="product"><a href="https://www.amazon.com/dp/B07B9BNN24?tag=eloabder-20&linkCode=osi&th=1&psc=1"><img src="https://m.media-amazon.com/images/I/41SbuH+cdQL._SL500_.jpg" alt="Product Image"></a><p>FIRST ALERT HOME2PRO Rechargeable Compliance Fire Extinguisher, UL RATED 2-A:10-B:C, Red, 1-Pack</p><p> -27% 0FF </p><p>$36.48</p><a href="https://www.amazon.com/dp/B07B9BNN24?tag=eloabder-20&linkCode=osi&th=1&psc=1">View Product</a></div><div class="product"><a href="https://www.amazon.com/dp/B0C63914WK?tag=eloabder-20&linkCode=osi&th=1&psc=1"><img src="https://m.media-amazon.com/images/I/51IS9bq94IL._SL500_.jpg" alt="Product Image"></a><p>Kidde Kitchen Fire Extinguishers for Home & Office Use, 2 Pack: One 1-A:10-B:C and One Specialty Kitchen Extinguisher, Wall Mount & Strap Brackets Included</p><p> -7% 0FF </p><p>$34.99</p><a href="https://www.amazon.com/dp/B0C63914WK?tag=eloabder-20&linkCode=osi&th=1&psc=1">View Product</a></div><div class="product"><a href="https://www.amazon.com/dp/B0CB9GFZ9M?tag=eloabder-20&linkCode=osi&th=1&psc=1"><img src="https://m.media-amazon.com/images/I/41VJGkO+jDL._SL500_.jpg" alt="Product Image"></a><p>Kidde Fire Extinguisher for Home & Office Use, 5-B:C, 3.2 Lbs., USCG Approved with Strap Bracket (Included)</p><p> -23% 0FF </p><p>$23.10</p><a href="https://www.amazon.com/dp/B0CB9GFZ9M?tag=eloabder-20&linkCode=osi&th=1&psc=1">View Product</a></div><div class="product"><a href="https://www.amazon.com/dp/B0030ZZAR0?tag=eloabder-20&linkCode=osi&th=1&psc=1"><img src="https://m.media-amazon.com/images/I/41R9Nqadh4L._SL500_.jpg" alt="Product Image"></a><p>BUCKEYE Fire Extinguisher, 4A:80B:C, 10 lb., 21in.H, Red</p><p> -13% 0FF </p><p>$77.99</p><a href="https://www.amazon.com/dp/B0030ZZAR0?tag=eloabder-20&linkCode=osi&th=1&psc=1">View Product</a></div>
<div class="product"><a href="https://www.amazon.com/dp/B08LL1HRKW?tag=eloabder-20&linkCode=osi&th=1&psc=1"><img src="https://m.media-amazon.com/images/I/41OyhHgXG4S._SL500_.jpg" alt="Product Image"></a><p>X-Sense Smoke Alarm, 10-Year Battery Fire Alarm Smoke Detector with LED Indicator & Silence Button, SD2J0AX</p><p> -10% 0FF </p><p>$16.99</p><a href="https://www.amazon.com/dp/B08LL1HRKW?tag=eloabder-20&linkCode=osi&th=1&psc=1">View Product</a></div><div class="product"><a href="https://www.amazon.com/dp/B086S4XM47?tag=eloabder-20&linkCode=osi&th=1&psc=1"><img src="https://m.media-amazon.com/images/I/41vM6F1FfTL._SL500_.jpg" alt="Product Image"></a><p>Kidde Smoke Detector, Hardwired Smoke Alarm with Battery Backup, Test-Silence Button</p><p> -29% 0FF </p><p>$18.19</p><a href="https://www.amazon.com/dp/B086S4XM47?tag=eloabder-20&linkCode=osi&th=1&psc=1">View Product</a></div><div class="product"><a href="https://www.amazon.com/dp/B09YQZV62R?tag=eloabder-20&linkCode=osi&th=1&psc=1"><img src="https://m.media-amazon.com/images/I/31JFQcHDfWL._SL500_.jpg" alt="Product Image"></a><p>AEGISLINK Smoke Detector 10-Year Battery with Test/Silence Button, Fire Alarm with Photoelectric Sensor, Low Battery Warning, S500 (Independent, 1-Pack)</p><p> -33% 0FF </p><p>$9.99</p><a href="https://www.amazon.com/dp/B09YQZV62R?tag=eloabder-20&linkCode=osi&th=1&psc=1">View Product</a></div><div class="product"><a href="https://www.amazon.com/dp/B0CJC73MBZ?tag=eloabder-20&linkCode=osi&th=1&psc=1"><img src="https://m.media-amazon.com/images/I/51jYYKlO4+L._SL500_.jpg" alt="Product Image"></a><p>2 in 1 CO & Smoke Alarm,Carbon Monoxide Detectors, with Battery, Smoke Detector,85dB in Alarm,for Home and Kitchen,LCD Screen,Easy to Install</p><p> -20% 0FF </p><p>$15.98</p><a href="https://www.amazon.com/dp/B0CJC73MBZ?tag=eloabder-20&linkCode=osi&th=1&psc=1">View Product</a></div>
<div class="product"><a href="https://www.amazon.com/dp/B0B9YTGGJ3?tag=eloabder-20&linkCode=osi&th=1&psc=1"><img src="https://m.media-amazon.com/images/I/41WR-3ndQgL._SL500_.jpg" alt="Product Image"></a><p>Light and small automatic fire extinguisher, environmentally friendly and clean, car fire extinguisher, automatic fire extinguisher, suitable for electric box, ship cabin, car, ABCEF fire extinguisher</p><p> -13% 0FF </p><p>$34.99</p><a href="https://www.amazon.com/dp/B0B9YTGGJ3?tag=eloabder-20&linkCode=osi&th=1&psc=1">View Product</a></div>



<div class="product"><a href="https://www.amazon.com/dp/B01G1Y42H0?tag=eloabder-20&linkCode=osi&th=1&psc=1"><img src="https://m.media-amazon.com/images/I/41ml0ECvMBL._SL500_.jpg" alt="Product Image"></a><p>Command Broom and Mop Grippers Wall Hook, Damage Free Hanging Wall Mount Broom and Mop Holder, No Tools Household Cleaning Organizer for Living Spaces, 2 Hangers and 4 Command Strips</p><p> -20% 0FF </p><p>$13.58 ($6.79 / Count)</p><a href="https://www.amazon.com/dp/B01G1Y42H0?tag=eloabder-20&linkCode=osi&th=1&psc=1">View Product</a></div><div class="product"><a href="https://www.amazon.com/dp/B0D7S3CS9X?tag=eloabder-20&linkCode=osi&th=1&psc=1"><img src="https://m.media-amazon.com/images/I/51XG4DL1apL._SL500_.jpg" alt="Product Image"></a><p>NEOACT 4 Pack Scrapbook Tape,Double Sided Tape Roller Scrapbook Supplies,0.31In x 26 Ft Glue Tape Runner for Scrapbooking Envelopes Crafts Gift Wrapping Journaling School Office Supplies</p><p> -8% 0FF </p><p>$5.99</p><a href="https://www.amazon.com/dp/B0D7S3CS9X?tag=eloabder-20&linkCode=osi&th=1&psc=1">View Product</a></div><div class="product"><a href="https://www.amazon.com/dp/B07FM4PRY8?tag=eloabder-20&linkCode=osi&th=1&psc=1"><img src="https://m.media-amazon.com/images/I/51HHqS5jGIL._SL500_.jpg" alt="Product Image"></a><p>SUNEE 30 Packs Oversized Reusable Dry Erase Pocket Sleeves with 2 Rings, 10 Assorted Colors 10x14 Ticket Holders, Clear Plastic Sheet Protectors, Teacher School Classroom Supplies</p><p> -33% 0FF </p><p>$19.99</p><a href="https://www.amazon.com/dp/B07FM4PRY8?tag=eloabder-20&linkCode=osi&th=1&psc=1">View Product</a></div><div class="product"><a href="https://www.amazon.com/dp/B07GLCYR5S?tag=eloabder-20&linkCode=osi&th=1&psc=1"><img src="https://m.media-amazon.com/images/I/51BtNdNrdfL._SL500_.jpg" alt="Product Image"></a><p>QIO CHUANG Emergency Mylar Thermal Blankets -Space Blanket Survival kit Camping Blanket (4-Pack). Perfect for Outdoors, Hiking, Survival, Bug Out Bag ÔºåMarathons or First Aid 1</p><p> -46% 0FF </p><p>$6.98 ($1.74 / Count)</p><a href="https://www.amazon.com/dp/B07GLCYR5S?tag=eloabder-20&linkCode=osi&th=1&psc=1">View Product</a></div>
<div class="product"><a href="https://www.amazon.com/dp/B01M7VD07W?tag=eloabder-20&linkCode=osi&th=1&psc=1"><img src="https://m.media-amazon.com/images/I/51fA5JtXB9L._SL500_.jpg" alt="Product Image"></a><p>Gorilla 2 Part Epoxy, 5 Minute Set, Incredibly Strong Bonding, .85 Ounce Syringe, Clear, (Pack of 2)</p><p> -27% 0FF </p><p>$10.90 ($6.41 / Fl Oz)</p><a href="https://www.amazon.com/dp/B01M7VD07W?tag=eloabder-20&linkCode=osi&th=1&psc=1">View Product</a></div><div class="product"><a href="https://www.amazon.com/dp/B0B6HK51C3?tag=eloabder-20&linkCode=osi&th=1&psc=1"><img src="https://m.media-amazon.com/images/I/31uXWAEungL._SL500_.jpg" alt="Product Image"></a><p>Rumba Replacement Side Brush Parts for iRobot Roomba 600 700 800 900 Series 675 692 694 677 671 614 980 960 985 981 880 860 850 861 866 870 890 Vacuum Cleaner Accessories Kit,6 Side Brush,Screw Driver</p><p> -9% 0FF </p><p>$9.99</p><a href="https://www.amazon.com/dp/B0B6HK51C3?tag=eloabder-20&linkCode=osi&th=1&psc=1">View Product</a></div><div class="product"><a href="https://www.amazon.com/dp/B0BZMMR5XW?tag=eloabder-20&linkCode=osi&th=1&psc=1"><img src="https://m.media-amazon.com/images/I/41mpThblwIL._SL500_.jpg" alt="Product Image"></a><p>1614244 Foot Window Replacement for Bissell Crosswave Pet Pro Dry/Vac Vacuums Fits Models: 2328, 2305, 2305K, 2303, 2306A, 2306, 23062, 23068, 2551 Series</p><p> -10% 0FF </p><p>$26.83</p><a href="https://www.amazon.com/dp/B0BZMMR5XW?tag=eloabder-20&linkCode=osi&th=1&psc=1">View Product</a></div><div class="product"><a href="https://www.amazon.com/dp/B0CZLK6QMF?tag=eloabder-20&linkCode=osi&th=1&psc=1"><img src="https://m.media-amazon.com/images/I/311BgZOYsCL._SL500_.jpg" alt="Product Image"></a><p>Generic 7413197 Inlet Deflector Part Replacement, Vaccuum Accessory</p><p> -10% 0FF </p><p>$8.99</p><a href="https://www.amazon.com/dp/B0CZLK6QMF?tag=eloabder-20&linkCode=osi&th=1&psc=1">View Product</a></div><div class="product"><a href="https://www.amazon.com/dp/B0D1K3XHSP?tag=eloabder-20&linkCode=osi&th=1&psc=1"><img src="https://m.media-amazon.com/images/I/41UOnU2oiqL._SL500_.jpg" alt="Product Image"></a><p>RUKHOOL Dust Bin Replacement for Dyson V11 V15 SV14 SV15 SV22 Vacuum Cleaner Canister Bin Bucket Container Replacement Parts for Dyson V11 Large Bin Part No. 970050-01 and 965443-01</p><p> -11% 0FF </p><p>$33.99</p><a href="https://www.amazon.com/dp/B0D1K3XHSP?tag=eloabder-20&linkCode=osi&th=1&psc=1">View Product</a></div>

<div class="product"><a href="https://www.amazon.com/dp/B0BHGT88KF?tag=eloabder-20&linkCode=osi&th=1&psc=1"><img src="https://m.media-amazon.com/images/I/51Wy2vWqMnL._SL500_.jpg" alt="Product Image"></a><p>Fit Geno Back Brace Posture Corrector for Women, Shoulder Straightener, Adjustable Full Back Support, Upper and Lower Back Pain Relief - Scoliosis, Hunchback, Hump, Thoracic, Spine Corrector (Small)</p><p> -10% 0FF </p><p>$35.99</p><a href="https://www.amazon.com/dp/B0BHGT88KF?tag=eloabder-20&linkCode=osi&th=1&psc=1">View Product</a></div><div class="product"><a href="https://www.amazon.com/dp/B003N2DXPG?tag=eloabder-20&linkCode=osi&th=1&psc=1"><img src="https://m.media-amazon.com/images/I/41scKHD+h0L._SL500_.jpg" alt="Product Image"></a><p>Plackers Twin-Line Dental Flossers, Cool Mint Flavor, Dual Action Flossing System, Easy Storage, Super Tuffloss, 2X The Clean, 75 Count</p><p> -31% 0FF </p><p>$2.74 ($0.04 / Foot)</p><a href="https://www.amazon.com/dp/B003N2DXPG?tag=eloabder-20&linkCode=osi&th=1&psc=1">View Product</a></div>


<div class="product"><a href="https://www.amazon.com/dp/B0CGR3R8M2?tag=eloabder-20&linkCode=osi&th=1&psc=1"><img src="https://m.media-amazon.com/images/I/31dJH244FqL._SL500_.jpg" alt="Product Image"></a><p>Stainless Steel Lung Remover, Rubber Handle, Comfortable Grip, Efficient, Reliable Tool Head with Great Grip, Chicken Slaughter Equipment That Improves Efficiency, Easy to Clean</p><p> -7% 0FF </p><p>$12.98</p><a href="https://www.amazon.com/dp/B0CGR3R8M2?tag=eloabder-20&linkCode=osi&th=1&psc=1">View Product</a></div><div class="product"><a href="https://www.amazon.com/dp/B000R8ETKW?tag=eloabder-20&linkCode=osi&th=1&psc=1"><img src="https://m.media-amazon.com/images/I/41rNYbbsqpL._SL500_.jpg" alt="Product Image"></a><p>Fluke 789 ProcessMeter, Includes Standard DMM Capabilities, Measure, Source, Simulate 4-20 mA signals, and Built-In 24 V Loop Supply</p><p> -21% 0FF </p><p>$1,048.39</p><a href="https://www.amazon.com/dp/B000R8ETKW?tag=eloabder-20&linkCode=osi&th=1&psc=1">View Product</a></div><div class="product"><a href="https://www.amazon.com/dp/B0CHYSJBGR?tag=eloabder-20&linkCode=osi&th=1&psc=1"><img src="https://m.media-amazon.com/images/I/31MHdOP3u7L._SL500_.jpg" alt="Product Image"></a><p>SUS 304 Stainless Steel Lung Remover, Food Grade Chicken Processing Equipment with Super Strong Working Head and Ergonomic Handle to Remove Poultry Lungs, Essential Kitchen Tool Easy to Clean</p><p> -17% 0FF </p><p>$9.99</p><a href="https://www.amazon.com/dp/B0CHYSJBGR?tag=eloabder-20&linkCode=osi&th=1&psc=1">View Product</a></div><div class="product"><a href="https://www.amazon.com/dp/B0CR37JVN4?tag=eloabder-20&linkCode=osi&th=1&psc=1"><img src="https://m.media-amazon.com/images/I/41DwoJmzWmL._SL500_.jpg" alt="Product Image"></a><p>TIVOLI Professional Butcher Knife Set for Meat Processing, 7Pcs High Carbon Steel Hand Forged BBQ Knife Set, Serbian Chef Knife Set with Ergonomic Handles for Kitchen Outdoor Cooking Father's Day Gift</p><p> -5% 0FF </p><p>$69.99</p><a href="https://www.amazon.com/dp/B0CR37JVN4?tag=eloabder-20&linkCode=osi&th=1&psc=1">View Product</a></div><div class="product"><a href="https://www.amazon.com/dp/B01HPT0XFU?tag=eloabder-20&linkCode=osi&th=1&psc=1"><img src="https://m.media-amazon.com/images/I/51F+BRGdU+L._SL500_.jpg" alt="Product Image"></a><p>NoCry Premium Cut Resistant Gloves Food Grade ‚Äî Level 5 Protection; Ambidextrous; Machine Washable; Superior Comfort and Dexterity; Lightweight Protective Gloves; Complimentary eBook</p><p> -14% 0FF </p><p>$13.79 ($13.79 / Count)</p><a href="https://www.amazon.com/dp/B01HPT0XFU?tag=eloabder-20&linkCode=osi&th=1&psc=1">View Product</a></div><div class="product"><a href="https://www.amazon.com/dp/B071ZPSQ88?tag=eloabder-20&linkCode=osi&th=1&psc=1"><img src="https://m.media-amazon.com/images/I/31FiGEAJ9VL._SL500_.jpg" alt="Product Image"></a><p>Fluke 787B ProcessMeter</p><p> -15% 0FF </p><p>$1,020.84</p><a href="https://www.amazon.com/dp/B071ZPSQ88?tag=eloabder-20&linkCode=osi&th=1&psc=1">View Product</a></div>
<div class="product"><a href="https://www.amazon.com/dp/B0D8YPW46Y?tag=eloabder-20&linkCode=osi&th=1&psc=1"><img src="https://m.media-amazon.com/images/I/51sr1XVXPoL._SL500_.jpg" alt="Product Image"></a><p>Shelly 1 Gen3 | WiFi & Bluetooth Smart Relay Switch with Dry Contacts, 1-Channel 16A | Home Automation | Alexa, SmartThings & Google Home Compatible | No Hub | DIY Remote Control | Garage Door Opener</p><p> -8% 0FF </p><p>$16.99</p><a href="https://www.amazon.com/dp/B0D8YPW46Y?tag=eloabder-20&linkCode=osi&th=1&psc=1">View Product</a></div><div class="product"><a href="https://www.amazon.com/dp/B0D5XSGYB4?tag=eloabder-20&linkCode=osi&th=1&psc=1"><img src="https://m.media-amazon.com/images/I/31pj-zqLcYL._SL500_.jpg" alt="Product Image"></a><p>OUVOPO Zigbee Contact Sensor 2 Pack, Mini Smart Door Sensor, Home Automation, Kid Safety, Burglar Alert, Work with Alexa, SmartThings, Home Assistant, Aeotec, Homey, Hubitat with Build-in Zigbee Hub</p><p> -11% 0FF </p><p>$24.99</p><a href="https://www.amazon.com/dp/B0D5XSGYB4?tag=eloabder-20&linkCode=osi&th=1&psc=1">View Product</a></div><div class="product"><a href="https://www.amazon.com/dp/B0CXN2B9RS?tag=eloabder-20&linkCode=osi&th=1&psc=1"><img src="https://m.media-amazon.com/images/I/51NXNRAdSxL._SL500_.jpg" alt="Product Image"></a><p>Shelly Plus RGBW PM | WiFi & Bluetooth Smart Remote Control for RGBW with Power Metering | Home Automation | No Hub | Compatible with Alexa & Google Home | iOS Android App</p><p> -8% 0FF </p><p>$24.99</p><a href="https://www.amazon.com/dp/B0CXN2B9RS?tag=eloabder-20&linkCode=osi&th=1&psc=1">View Product</a></div><div class="product"><a href="https://www.amazon.com/dp/B006P591RW?tag=eloabder-20&linkCode=osi&th=1&psc=1"><img src="https://m.media-amazon.com/images/I/41EwZRzPrJL._SL500_.jpg" alt="Product Image"></a><p>Progressive Automations Mounting Bracket BRK-14 for Linear actuators PA-14, PA-14P, PA-08</p><p> -16% 0FF </p><p>$11.69</p><a href="https://www.amazon.com/dp/B006P591RW?tag=eloabder-20&linkCode=osi&th=1&psc=1">View Product</a></div>
<div class="product"><a href="https://www.amazon.com/dp/B08CZ4MG5P?tag=eloabder-20&linkCode=osi&th=1&psc=1"><img src="https://m.media-amazon.com/images/I/61lF1Z1BQ1L._SL500_.jpg" alt="Product Image"></a><p>ELEGOO Conqueror Robot Tank Kit with UNO R3 for Arduino Robotics for Kids Ages 8-12 12-16 STEM Science Kits Coding Robots Toys for 8+ Year Old Boys Girls Teens Circuits Engineering Building Project</p><p> -23% 0FF </p><p>$99.98</p><a href="https://www.amazon.com/dp/B08CZ4MG5P?tag=eloabder-20&linkCode=osi&th=1&psc=1">View Product</a></div><div class="product"><a href="https://www.amazon.com/dp/B0CYPVS3FF?tag=eloabder-20&linkCode=osi&th=1&psc=1"><img src="https://m.media-amazon.com/images/I/41tiE6fqJOL._SL500_.jpg" alt="Product Image"></a><p>Lefant M210 Pro Robot Vacuum Cleaner, 2200Pa Suction,120 Mins Runtime, Self-Charging Slim Robotic Vacuums, APP/Voice/Remote Control, Works with Alexa, Ideal for Pet Hair,Low-Pile Carpet, Hard Floor</p><p> -52% 0FF </p><p>$99.99</p><a href="https://www.amazon.com/dp/B0CYPVS3FF?tag=eloabder-20&linkCode=osi&th=1&psc=1">View Product</a></div><div class="product"><a href="https://www.amazon.com/dp/B09NNF5RHN?tag=eloabder-20&linkCode=osi&th=1&psc=1"><img src="https://m.media-amazon.com/images/I/41yl24NcAYL._SL500_.jpg" alt="Product Image"></a><p>roborock Q7 Max+ Robot Vacuum Cleaner, Hands-Free Cleaning for up to 7 Weeks, Robotic Vacuum with APP-Controlled Mopping, 4200Pa Suction, No-Mop&No-Go Zones, 180mins Runtime</p><p> -37% 0FF </p><p>$549.99</p><a href="https://www.amazon.com/dp/B09NNF5RHN?tag=eloabder-20&linkCode=osi&th=1&psc=1">View Product</a></div><div class="product"><a href="https://www.amazon.com/dp/B07GNDY96N?tag=eloabder-20&linkCode=osi&th=1&psc=1"><img src="https://m.media-amazon.com/images/I/41WDVdRkesL._SL500_.jpg" alt="Product Image"></a><p>ELEGOO Penguin Bot Biped Robot Kit Robotics for Kids Adults Coding for Kids 8-12 STEM Kits for Kids Ages 12-14 14-16 Boys Toys Teens Circuits Engineering Kits Compatible with Arduino</p><p> -8% 0FF </p><p>$45.99</p><a href="https://www.amazon.com/dp/B07GNDY96N?tag=eloabder-20&linkCode=osi&th=1&psc=1">View Product</a></div>
<div class="product"><a href="https://www.amazon.com/dp/B0C8GZJRMF?tag=eloabder-20&linkCode=osi&th=1&psc=1"><img src="https://m.media-amazon.com/images/I/6156CbXZ8ZL._SL500_.jpg" alt="Product Image"></a><p>Jevuta Engineer Gifts, Mechanical Engineering Gifts, Gifts For Engineers, Future Engineer Gifts, Aerospace Engineering Gifts, Graduation Gifts For Engineers, Retirement Gift For Engineer Tumbler 20oz</p><p> -12% 0FF </p><p>$21.99</p><a href="https://www.amazon.com/dp/B0C8GZJRMF?tag=eloabder-20&linkCode=osi&th=1&psc=1">View Product</a></div><div class="product"><a href="https://www.amazon.com/dp/B06XXZ19HX?tag=eloabder-20&linkCode=osi&th=1&psc=1"><img src="https://m.media-amazon.com/images/I/41QRwC6XcmL._SL500_.jpg" alt="Product Image"></a><p>Komelon 52425IE; 25' x 1.06" Powerblade II" Engineer Tape Measure; Yellow/Black</p><p> -10% 0FF </p><p>$13.51</p><a href="https://www.amazon.com/dp/B06XXZ19HX?tag=eloabder-20&linkCode=osi&th=1&psc=1">View Product</a></div><div class="product"><a href="https://www.amazon.com/dp/B00002N5LW?tag=eloabder-20&linkCode=osi&th=1&psc=1"><img src="https://m.media-amazon.com/images/I/41S2-EUZhgL._SL500_.jpg" alt="Product Image"></a><p>Crescent Lufkin 5/8" X 6' Red End¬Æ Engineer's Scale Wood Rule - 1066DN , White</p><p> -40% 0FF </p><p>$14.50</p><a href="https://www.amazon.com/dp/B00002N5LW?tag=eloabder-20&linkCode=osi&th=1&psc=1">View Product</a></div><div class="product"><a href="https://www.amazon.com/dp/B002MJMXD4?tag=eloabder-20&linkCode=osi&th=1&psc=1"><img src="https://m.media-amazon.com/images/I/31ZLLX+aOwL._SL500_.jpg" alt="Product Image"></a><p>ENGINEER Engineer Solder Suction Device SS-02</p><p> -25% 0FF </p><p>$19.56</p><a href="https://www.amazon.com/dp/B002MJMXD4?tag=eloabder-20&linkCode=osi&th=1&psc=1">View Product</a></div><div class="product"><a href="https://www.amazon.com/dp/B0BYD7H5PZ?tag=eloabder-20&linkCode=osi&th=1&psc=1"><img src="https://m.media-amazon.com/images/I/513DsoLDRFL._SL500_.jpg" alt="Product Image"></a><p>JERIO Engineer Gifts for Men,Engineer Coffee Tumbler Nutrition Facts - Funny Birthday,Graduation,Fathers Day,Christmas Gift Idea for Mechanical, Electrical, Civil, Science, Computer Programmer</p><p> -50% 0FF </p><p>$10.99</p><a href="https://www.amazon.com/dp/B0BYD7H5PZ?tag=eloabder-20&linkCode=osi&th=1&psc=1">View Product</a></div>
<div class="product"><a href="https://www.amazon.com/dp/B0D8HQJDT5?tag=eloabder-20&linkCode=osi&th=1&psc=1"><img src="https://m.media-amazon.com/images/I/41vCRs7ecqL._SL500_.jpg" alt="Product Image"></a><p>Amzany Bed Vacuum Cleaner - 5-in-1 Cordless Mattress Vacuum Cleaner, Powered by UV-C Light & Ultrasonic Technology, 16Kpa Strong Suction,Low Noise,Suitable for Dust, Pet Hair, Etc - Grey</p><p> -38% 0FF </p><p>$79.99</p><a href="https://www.amazon.com/dp/B0D8HQJDT5?tag=eloabder-20&linkCode=osi&th=1&psc=1">View Product</a></div><div class="product"><a href="https://www.amazon.com/dp/B081RJ8DW1?tag=eloabder-20&linkCode=osi&th=1&psc=1"><img src="https://m.media-amazon.com/images/I/41XdbpXmFvL._SL500_.jpg" alt="Product Image"></a><p>Gskyer Telescope, 70mm Aperture 400mm AZ Mount Astronomical Refracting Telescope for Kids Beginners - Travel Telescope with Carry Bag, Phone Adapter and Wireless Remote.</p><p> -33% 0FF </p><p>$86.99</p><a href="https://www.amazon.com/dp/B081RJ8DW1?tag=eloabder-20&linkCode=osi&th=1&psc=1">View Product</a></div><div class="product"><a href="https://www.amazon.com/dp/B008HOSQQQ?tag=eloabder-20&linkCode=osi&th=1&psc=1"><img src="https://m.media-amazon.com/images/I/31eIm02e4iL._SL500_.jpg" alt="Product Image"></a><p>Refrigeration Technologies RT201B Nylog Gasket/Thread Sealant, 30 ml (1 Pack)</p><p> -55% 0FF </p><p>$8.99</p><a href="https://www.amazon.com/dp/B008HOSQQQ?tag=eloabder-20&linkCode=osi&th=1&psc=1">View Product</a></div><div class="product"><a href="https://www.amazon.com/dp/B00UZ1WWUK?tag=eloabder-20&linkCode=osi&th=1&psc=1"><img src="https://m.media-amazon.com/images/I/318bhhXmhBL._SL500_.jpg" alt="Product Image"></a><p>BW Technologies Corded Electric BWC2-H BW Clip Single Gas H2S Monitor, 10/15 (1 Pack)</p><p> -34% 0FF </p><p>$91.14</p><a href="https://www.amazon.com/dp/B00UZ1WWUK?tag=eloabder-20&linkCode=osi&th=1&psc=1">View Product</a></div><div class="product"><a href="https://www.amazon.com/dp/B007885Y3K?tag=eloabder-20&linkCode=osi&th=1&psc=1"><img src="https://m.media-amazon.com/images/I/41Uh4TbGoGL._SL500_.jpg" alt="Product Image"></a><p>Safety Technology International, Inc. STI-13010FR Universal Stopper¬Æ, Flush Mount and Fire label, Indoor/Outdoor Protective Polycarbonate Cover for Pull Stations or Call Points, Red</p><p> -32% 0FF </p><p>$40.29</p><a href="https://www.amazon.com/dp/B007885Y3K?tag=eloabder-20&linkCode=osi&th=1&psc=1">View Product</a></div><div class="product"><a href="https://www.amazon.com/dp/B000FTADX0?tag=eloabder-20&linkCode=osi&th=1&psc=1"><img src="https://m.media-amazon.com/images/I/31HT3jGR4YL._SL500_.jpg" alt="Product Image"></a><p>Fluke Networks 26000900 Pro3000 Tone Generator and Probe Kit with SmartTone Technology, Blue</p><p> -37% 0FF </p><p>$88.48</p><a href="https://www.amazon.com/dp/B000FTADX0?tag=eloabder-20&linkCode=osi&th=1&psc=1">View Product</a></div>
<div class="product"><a href="https://www.amazon.com/dp/B0CN6F2GBN?tag=eloabder-20&linkCode=osi&th=1&psc=1"><img src="https://m.media-amazon.com/images/I/314BZ1QOH0L._SL500_.jpg" alt="Product Image"></a><p>Listerine Clinical Solutions Gum Health Antiseptic Mouthwash, Antigingivitis & Antiplaque Oral Rinse Helps Prevent Buildup & Immediately Kills Germs for Healthier Gums, ICY Mint, 1 L</p><p> -11% 0FF </p><p>$11.97 ($0.35 / Fl Oz)</p><a href="https://www.amazon.com/dp/B0CN6F2GBN?tag=eloabder-20&linkCode=osi&th=1&psc=1">View Product</a></div><div class="product"><a href="https://www.amazon.com/dp/B00WIMUVU2?tag=eloabder-20&linkCode=osi&th=1&psc=1"><img src="https://m.media-amazon.com/images/I/41ZdoGErSaL._SL500_.jpg" alt="Product Image"></a><p>Carpet Miracle - Carpet Cleaner Shampoo Solution for Machine Use, Deep Stain Remover and Odor Deodorizing Formula, Use On Rug Car Upholstery and Carpets (32FL OZ)</p><p> -23% 0FF </p><p>$19.99 ($0.62 / Fl Oz)</p><a href="https://www.amazon.com/dp/B00WIMUVU2?tag=eloabder-20&linkCode=osi&th=1&psc=1">View Product</a></div><div class="product"><a href="https://www.amazon.com/dp/B002C2O5EQ?tag=eloabder-20&linkCode=osi&th=1&psc=1"><img src="https://m.media-amazon.com/images/I/412RaKelAmL._SL500_.jpg" alt="Product Image"></a><p>Betadine Antiseptic Liquid First Aid Solution, Povidone-iodine 10%, Infection Protection, Kills Germs In Minor Cuts Scrapes And Burns, No Sting Promise, No Alcohol or Hydrogen Peroxide, 8 FL OZ</p><p> -24% 0FF </p><p>$13.29 ($1.66 / Fl Oz)</p><a href="https://www.amazon.com/dp/B002C2O5EQ?tag=eloabder-20&linkCode=osi&th=1&psc=1">View Product</a></div>

<div class="product"><a href="https://www.amazon.com/dp/B005LJ8EXU?tag=eloabder-20&linkCode=osi&th=1&psc=1"><img src="https://m.media-amazon.com/images/I/51y1lIaCqZL._SL500_.jpg" alt="Product Image"></a><p>iSpring RCC7AK, NSF Certified 75 GPD, Alkaline 6-Stage Reverse Osmosis System, pH+ Remineralization RO Water Filter System Under Sink, Superb Taste Drinking Water Filter</p><p> -33% 0FF </p><p>$186.14</p><a href="https://www.amazon.com/dp/B005LJ8EXU?tag=eloabder-20&linkCode=osi&th=1&psc=1">View Product</a></div><div class="product"><a href="https://www.amazon.com/dp/B00I0ZGOZM?tag=eloabder-20&linkCode=osi&th=1&psc=1"><img src="https://m.media-amazon.com/images/I/419oT125q0L._SL500_.jpg" alt="Product Image"></a><p>APEC Water Systems ROES-50 Essence Series Top Tier 5-Stage WQA Certified Ultra Safe Reverse Osmosis Drinking Water Filter System</p><p> -7% 0FF </p><p>$185.00</p><a href="https://www.amazon.com/dp/B00I0ZGOZM?tag=eloabder-20&linkCode=osi&th=1&psc=1">View Product</a></div><div class="product"><a href="https://www.amazon.com/dp/B00J2DGTD8?tag=eloabder-20&linkCode=osi&th=1&psc=1"><img src="https://m.media-amazon.com/images/I/51a5ku-MyBL._SL500_.jpg" alt="Product Image"></a><p>Express Water RO5DX Reverse Osmosis Filtration NSF Certified 5 Stage RO System with Faucet and Tank ‚Äì Under Sink Water Plus 4 Filters ‚Äì 50 GPD, 14 x 17 x 5, White</p><p> -21% 0FF </p><p>$157.48</p><a href="https://www.amazon.com/dp/B00J2DGTD8?tag=eloabder-20&linkCode=osi&th=1&psc=1">View Product</a></div><div class="product"><a href="https://www.amazon.com/dp/B01F9A4UVU?tag=eloabder-20&linkCode=osi&th=1&psc=1"><img src="https://m.media-amazon.com/images/I/41UItWTKFsS._SL500_.jpg" alt="Product Image"></a><p>iSpring WGB21B 2-Stage Whole House Water Filtration System, with 10" x 4.5" Sediment CTO(Chlorine, Taste, and Odor) Filter, 1" Inlet/Outlet</p><p> -30% 0FF </p><p>$127.49</p><a href="https://www.amazon.com/dp/B01F9A4UVU?tag=eloabder-20&linkCode=osi&th=1&psc=1">View Product</a></div><div class="product"><a href="https://www.amazon.com/dp/B07Y42RD9T?tag=eloabder-20&linkCode=osi&th=1&psc=1"><img src="https://m.media-amazon.com/images/I/219MeTcyMBL._SL500_.jpg" alt="Product Image"></a><p>Bard Medical PWF030 Purewick Female External Catheter, Latex, Pack of 30</p><p> -6% 0FF </p><p>$206.00 ($6.87 / Count)</p><a href="https://www.amazon.com/dp/B07Y42RD9T?tag=eloabder-20&linkCode=osi&th=1&psc=1">View Product</a></div><div class="product"><a href="https://www.amazon.com/dp/B00HRHHFPW?tag=eloabder-20&linkCode=osi&th=1&psc=1"><img src="https://m.media-amazon.com/images/I/51ykZ8b1GwL._SL500_.jpg" alt="Product Image"></a><p>APEC Water Systems RO-90 Ultimate Series Top Tier Supreme Certified High Output 90 GPD Ultra Safe Reverse Osmosis Drinking Water Filter System, Chrome Faucet</p><p> -15% 0FF </p><p>$191.55</p><a href="https://www.amazon.com/dp/B00HRHHFPW?tag=eloabder-20&linkCode=osi&th=1&psc=1">View Product</a></div>
<div class="product"><a href="https://www.amazon.com/dp/B00HKAJ018?tag=eloabder-20&linkCode=osi&th=1&psc=1"><img src="https://m.media-amazon.com/images/I/31cVzL2O1zL._SL500_.jpg" alt="Product Image"></a><p>SmartSign 25 x 12 inch ‚ÄúCaution - Maintenance Work In Progress‚Äù Two-Sided Folding Floor Sign, Digitally Printed Polypropylene Plastic, Black and Yellow</p><p> -11% 0FF </p><p>$36.95</p><a href="https://www.amazon.com/dp/B00HKAJ018?tag=eloabder-20&linkCode=osi&th=1&psc=1">View Product</a></div><div class="product"><a href="https://www.amazon.com/dp/B00HSJ4YLW?tag=eloabder-20&linkCode=osi&th=1&psc=1"><img src="https://m.media-amazon.com/images/I/41mCVFnsRpL._SL500_.jpg" alt="Product Image"></a><p>Accuform TAD847 Standard Door Knob Hanger Tag, Legend"Maintenance Employee Inside", 9" Length x 4" Width x 0.015" Thickness, RP-Plastic, Black on Yellow (Pack of 10)</p><p> -24% 0FF </p><p>$27.69 ($2.77 / Count)</p><a href="https://www.amazon.com/dp/B00HSJ4YLW?tag=eloabder-20&linkCode=osi&th=1&psc=1">View Product</a></div><div class="product"><a href="https://www.amazon.com/dp/B00700N1IQ?tag=eloabder-20&linkCode=osi&th=1&psc=1"><img src="https://m.media-amazon.com/images/I/511bcg+-z2L._SL500_.jpg" alt="Product Image"></a><p>NMC RA15RB Security Sign, Legend "RESTRICTED AREA - MAINTENANCE PERSONNEL ONLY", 14" Length x 10" Height, Rigid Plastic, Black/Red on White</p><p> -11% 0FF </p><p>$13.31</p><a href="https://www.amazon.com/dp/B00700N1IQ?tag=eloabder-20&linkCode=osi&th=1&psc=1">View Product</a></div>
<div class="product"><a href="https://www.amazon.com/dp/B0BKKTFWJK?tag=eloabder-20&linkCode=osi&th=1&psc=1"><img src="https://m.media-amazon.com/images/I/41cvC72AHeL._SL500_.jpg" alt="Product Image"></a><p>AceMining Upgraded Door Security Bar & Sliding Patio Bar, Heavy Duty Stoppers Adjustable Jammer for Home, Apartment, Travel (1 Pack,White)</p><p> -17% 0FF </p><p>$23.99</p><a href="https://www.amazon.com/dp/B0BKKTFWJK?tag=eloabder-20&linkCode=osi&th=1&psc=1">View Product</a></div><div class="product"><a href="https://www.amazon.com/dp/B01LDPHXD2?tag=eloabder-20&linkCode=osi&th=1&psc=1"><img src="https://m.media-amazon.com/images/I/41pcC4hFanL._SL500_.jpg" alt="Product Image"></a><p>Ergodyne Unisex Adult Hi Vis Safety GloWear 8377 Type R Class 3 Lime Quilted Bomber Jacket, Large, Lime, Large US</p><p> -34% 0FF </p><p>$34.99</p><a href="https://www.amazon.com/dp/B01LDPHXD2?tag=eloabder-20&linkCode=osi&th=1&psc=1">View Product</a></div><div class="product"><a href="https://www.amazon.com/dp/B0B7KTV8Q8?tag=eloabder-20&linkCode=osi&th=1&psc=1"><img src="https://m.media-amazon.com/images/I/417c5VIfBtL._SL500_.jpg" alt="Product Image"></a><p>RoadHero 18 Inch 4 Pack Collapsible Traffic Safety Cones, Multi Purpose Pop-up Cones with Reflective Collar for Road Safety, Orange Cones for Driving Training, Parking Lots</p><p> -18% 0FF </p><p>$23.65</p><a href="https://www.amazon.com/dp/B0B7KTV8Q8?tag=eloabder-20&linkCode=osi&th=1&psc=1">View Product</a></div>
<div class="product"><a href="https://www.amazon.com/dp/B000GISU1M?tag=eloabder-20&linkCode=osi&th=1&psc=1"><img src="https://m.media-amazon.com/images/I/41YAvhdmLIL._SL500_.jpg" alt="Product Image"></a><p>Optimum Nutrition Gold Standard 100% Whey Protein Powder, Vanilla Ice Creme, 5 Pound (Packaging May Vary)</p><p> -5% 0FF </p><p>$82.06 ($1.03 / Ounce)</p><a href="https://www.amazon.com/dp/B000GISU1M?tag=eloabder-20&linkCode=osi&th=1&psc=1">View Product</a></div><div class="product"><a href="https://www.amazon.com/dp/B084JHKFCW?tag=eloabder-20&linkCode=osi&th=1&psc=1"><img src="https://m.media-amazon.com/images/I/31wQjwQJR2L._SL500_.jpg" alt="Product Image"></a><p>American Standard 5503A00B.020 Slow Elongated Closed Front Toilet Seat, White</p><p> -42% 0FF </p><p>$32.96</p><a href="https://www.amazon.com/dp/B084JHKFCW?tag=eloabder-20&linkCode=osi&th=1&psc=1">View Product</a></div><div class="product"><a href="https://www.amazon.com/dp/B0CYZJM8PZ?tag=eloabder-20&linkCode=osi&th=1&psc=1"><img src="https://m.media-amazon.com/images/I/41d-M4+HpuL._SL500_.jpg" alt="Product Image"></a><p>DEGNJU LED Light Bulbs Daylight 5000K, 60 Watt Equivalent LED Bulbs, A19 Standard Bulbs, 800 LM, 15000 Hours, E26 Base, Non-Dimmable, 8.5W LED Bulbs for Bedroom Living Room 12 Pack</p><p> -27% 0FF </p><p>$17.99 ($1.50 / Count)</p><a href="https://www.amazon.com/dp/B0CYZJM8PZ?tag=eloabder-20&linkCode=osi&th=1&psc=1">View Product</a></div><div class="product"><a href="https://www.amazon.com/dp/B0CHYK75D4?tag=eloabder-20&linkCode=osi&th=1&psc=1"><img src="https://m.media-amazon.com/images/I/51DjecU3ILL._SL500_.jpg" alt="Product Image"></a><p>30-Piece Ultimate All-Purpose Combination Wrench Set in Roll-up Pouch | SAE 1/4‚Äù to 1‚Äù, Metric 6mm to 24mm | Best Value Complete Wrench Set for General Household, Garage, Truck, Car, Travel Emergency</p><p> -18% 0FF </p><p>$32.99</p><a href="https://www.amazon.com/dp/B0CHYK75D4?tag=eloabder-20&linkCode=osi&th=1&psc=1">View Product</a></div><div class="product"><a href="https://www.amazon.com/dp/B0D3XK7Z4J?tag=eloabder-20&linkCode=osi&th=1&psc=1"><img src="https://m.media-amazon.com/images/I/41wMwgcLSxL._SL500_.jpg" alt="Product Image"></a><p>Miucoguier Thread Checker - 28 Nut & Bolt Thread Checker, Bolt Size and Thread Gauge 14 Standard and 14 Metric Sizes, Bolt and Nut Identifier Gauge for Easy Verifying Sizing</p><p> -21% 0FF </p><p>$22.99</p><a href="https://www.amazon.com/dp/B0D3XK7Z4J?tag=eloabder-20&linkCode=osi&th=1&psc=1">View Product</a></div><div class="product"><a href="https://www.amazon.com/dp/B0CL1WBXG6?tag=eloabder-20&linkCode=osi&th=1&psc=1"><img src="https://m.media-amazon.com/images/I/51lHAQ830tL._SL500_.jpg" alt="Product Image"></a><p>GRENPRO Ratcheting Wrench Set, Combination Wrench Set, 22-Piece SAE & Metric and Standard, 72-Tooth Long Open End, 1/4" to 3/4" & 6-18mm, Organizer With Roll Up Pouch, CR-V Steel, Mechanic Tools Sets</p><p> -16% 0FF </p><p>$51.99 ($0.49 / Ounce)</p><a href="https://www.amazon.com/dp/B0CL1WBXG6?tag=eloabder-20&linkCode=osi&th=1&psc=1">View Product</a></div>

<div class="product"><a href="https://www.amazon.com/dp/B0D5V4PM1L?tag=eloabder-20&linkCode=osi&th=1&psc=1"><img src="https://m.media-amazon.com/images/I/51lbOWv6lZL._SL500_.jpg" alt="Product Image"></a><p>2025 Florida State and Federal Labor Laws Poster - OSHA Compliant UV Waterproof Laminated 24" x 36" English and Spanish Version 2PCS Folded - All in One Compliance Posting</p><p> -20% 0FF </p><p>$19.99</p><a href="https://www.amazon.com/dp/B0D5V4PM1L?tag=eloabder-20&linkCode=osi&th=1&psc=1">View Product</a></div>
<div class="product"><a href="https://www.amazon.com/dp/B0CFF8Z1NF?tag=eloabder-20&linkCode=osi&th=1&psc=1"><img src="https://m.media-amazon.com/images/I/41bDsv2AHdL._SL500_.jpg" alt="Product Image"></a><p>Endoscope Camera with Light - Inspection Borescope Camera with 4.3" IPS Screen, 1920P HD Snake Camera with 8 LED Lights, 16.4FT Semi-Rigid Cord Bore Scope, IP67 Waterproof Endoscope for Sewer(Orange)</p><p> -34% 0FF </p><p>$32.98</p><a href="https://www.amazon.com/dp/B0CFF8Z1NF?tag=eloabder-20&linkCode=osi&th=1&psc=1">View Product</a></div><div class="product"><a href="https://www.amazon.com/dp/B01D4QMUVI?tag=eloabder-20&linkCode=osi&th=1&psc=1"><img src="https://m.media-amazon.com/images/I/31UUBvi72zL._SL500_.jpg" alt="Product Image"></a><p>Optional life Telescoping LED Lighted Flexible Inspection Mirror 360 Swivel for Extra Viewing</p><p> -10% 0FF </p><p>$8.99</p><a href="https://www.amazon.com/dp/B01D4QMUVI?tag=eloabder-20&linkCode=osi&th=1&psc=1">View Product</a></div><div class="product"><a href="https://www.amazon.com/dp/B07HX76VM9?tag=eloabder-20&linkCode=osi&th=1&psc=1"><img src="https://m.media-amazon.com/images/I/31lU0HeUxnL._SL500_.jpg" alt="Product Image"></a><p>Juvale 2 Pack Telescoping Inspection Mirror Tool, Round 2-Inch Mirror with 24.5-Inch Extension for Mechanics, Inspectors</p><p> -38% 0FF </p><p>$7.99</p><a href="https://www.amazon.com/dp/B07HX76VM9?tag=eloabder-20&linkCode=osi&th=1&psc=1">View Product</a></div><div class="product"><a href="https://www.amazon.com/dp/B0BR7MKHF9?tag=eloabder-20&linkCode=osi&th=1&psc=1"><img src="https://m.media-amazon.com/images/I/41Oa1v7l6NL._SL500_.jpg" alt="Product Image"></a><p>Endoscope Camera with Light, 1920P HD Borescope Tools with 8 Adjustable LED Lights, Endoscope with 16.4ft Semi-Rigid Snake Camera, 7.9mm IP67 Waterproof Inspection Camera for iOS (Black)</p><p> -48% 0FF </p><p>$30.99</p><a href="https://www.amazon.com/dp/B0BR7MKHF9?tag=eloabder-20&linkCode=osi&th=1&psc=1">View Product</a></div><div class="product"><a href="https://www.amazon.com/dp/B09FK5QFTR?tag=eloabder-20&linkCode=osi&th=1&psc=1"><img src="https://m.media-amazon.com/images/I/41hfMwNfTWL._SL500_.jpg" alt="Product Image"></a><p>Telescoping Magnetic Pickup Tool Set-Extendable Magnet Flashlight with Inspection Mirror-Cool Gadgets Gifts Idea & Birthday Gifts for Father, Men, Him, Boyfriend, Husband, Handyman, Mechanic</p><p> -22% 0FF </p><p>$27.99</p><a href="https://www.amazon.com/dp/B09FK5QFTR?tag=eloabder-20&linkCode=osi&th=1&psc=1">View Product</a></div>
<div class="product"><a href="https://www.amazon.com/dp/B09KZ6TBNY?tag=eloabder-20&linkCode=osi&th=1&psc=1"><img src="https://m.media-amazon.com/images/I/41oPbadBuQL._SL500_.jpg" alt="Product Image"></a><p>iHealth COVID-19 Antigen Rapid Test, 1 Pack, 2 Tests Total, FDA EUA Authorized OTC at-Home Self Test, Results in 15 Minutes with Non-invasive Nasal Swab, Easy to Use & No Discomfort</p><p> -13% 0FF </p><p>$15.69 ($7.84 / Count)</p><a href="https://www.amazon.com/dp/B09KZ6TBNY?tag=eloabder-20&linkCode=osi&th=1&psc=1">View Product</a></div><div class="product"><a href="https://www.amazon.com/dp/B0C3SR4BNC?tag=eloabder-20&linkCode=osi&th=1&psc=1"><img src="https://m.media-amazon.com/images/I/41vH7tiKQaL._SL500_.jpg" alt="Product Image"></a><p>BinaxNOW COVID-19 Antigen Self Test, 1 Pack, 4 Tests Total, COVID Test With 15-Minute Results Without Sending to a Lab, Easy to Use at Home</p><p> -9% 0FF </p><p>$28.88 ($7.22 / Count)</p><a href="https://www.amazon.com/dp/B0C3SR4BNC?tag=eloabder-20&linkCode=osi&th=1&psc=1">View Product</a></div><div class="product"><a href="https://www.amazon.com/dp/B09PZS1N44?tag=eloabder-20&linkCode=osi&th=1&psc=1"><img src="https://m.media-amazon.com/images/I/418W+HhY5PL._SL500_.jpg" alt="Product Image"></a><p>Flowflex COVID-19 Antigen Home Test kit, 1 Pack, 5 Tests Total. FDA EUA Authorized OTC at-Home Self-Test, Non-invasive Nasal Swab, Easy to Use and No Discomfort, Results in 15 Minutes</p><p> -20% 0FF </p><p>$31.99 ($6.40 / Count)</p><a href="https://www.amazon.com/dp/B09PZS1N44?tag=eloabder-20&linkCode=osi&th=1&psc=1">View Product</a></div><div class="product"><a href="https://www.amazon.com/dp/B0D2DQBJS2?tag=eloabder-20&linkCode=osi&th=1&psc=1"><img src="https://m.media-amazon.com/images/I/51PHwjjreKL._SL500_.jpg" alt="Product Image"></a><p>CorDx TyFast Flu A/B & Covid-19 Multiplex Rapid Test, 10 Mins at Home, FDA Authorized, 3-in-1 Combo Kit, 2 Tests</p><p> -29% 0FF </p><p>$21.21</p><a href="https://www.amazon.com/dp/B0D2DQBJS2?tag=eloabder-20&linkCode=osi&th=1&psc=1">View Product</a></div><div class="product"><a href="https://www.amazon.com/dp/B07CF8C4VX?tag=eloabder-20&linkCode=osi&th=1&psc=1"><img src="https://m.media-amazon.com/images/I/51brLSHm6vL._SL500_.jpg" alt="Product Image"></a><p>CONTOUR NEXT Blood Glucose Test Strips for Diabetes, 70 Count (Pack of 1)</p><p> -17% 0FF </p><p>$26.58 ($0.38 / Count)</p><a href="https://www.amazon.com/dp/B07CF8C4VX?tag=eloabder-20&linkCode=osi&th=1&psc=1">View Product</a></div>
<div class="product"><a href="https://www.amazon.com/dp/B01LYBYFTJ?tag=eloabder-20&linkCode=osi&th=1&psc=1"><img src="https://m.media-amazon.com/images/I/518DrPFcK0L._SL500_.jpg" alt="Product Image"></a><p>Accuform MQTL707VP Plastic Sign, "Quality Control Inspection Area", 10" Length x 14" Width x 0.055" Thickness, Green/Black on White</p><p> -7% 0FF </p><p>$12.72</p><a href="https://www.amazon.com/dp/B01LYBYFTJ?tag=eloabder-20&linkCode=osi&th=1&psc=1">View Product</a></div><div class="product"><a href="https://www.amazon.com/dp/B08HQMBQ79?tag=eloabder-20&linkCode=osi&th=1&psc=1"><img src="https://m.media-amazon.com/images/I/41eP15ePWkL._SL500_.jpg" alt="Product Image"></a><p>CO2 Controller Carbon Dioxide Controller Air Quality Monitor CO2 Meter with Day and Night Control Relay Function, NDIR Sensor Probe Cable, CO2 Detector for Plant, Grow Room, Green House, Garden, Home</p><p> -13% 0FF </p><p>$139.59</p><a href="https://www.amazon.com/dp/B08HQMBQ79?tag=eloabder-20&linkCode=osi&th=1&psc=1">View Product</a></div><div class="product"><a href="https://www.amazon.com/dp/B0CPBKHZNC?tag=eloabder-20&linkCode=osi&th=1&psc=1"><img src="https://m.media-amazon.com/images/I/51jPs5y3CJL._SL500_.jpg" alt="Product Image"></a><p>IUYPKQ Steel Wool for Mice Control - 2 Pack of 3"√ó10Ft Steel Wool, Gap Filter for House & Garage - Keep Mice Away from HolesÔºåSidingÔºåPipelineÔºåVents in Garden, House, 7.04oz (2, 100g)</p><p> -18% 0FF </p><p>$8.20</p><a href="https://www.amazon.com/dp/B0CPBKHZNC?tag=eloabder-20&linkCode=osi&th=1&psc=1">View Product</a></div>

<div class="product"><a href="https://www.amazon.com/dp/B084F3YQMH?tag=eloabder-20&linkCode=osi&th=1&psc=1"><img src="https://m.media-amazon.com/images/I/51XzXeJ5EHS._SL500_.jpg" alt="Product Image"></a><p>Ultrasac Blue Recycling Bags 33 Gallon 0.9 MIL, 33.5" x 38" - Pack of 45 - For Recycling, Kitchen, Industrial, & Commercial</p><p> -37% 0FF </p><p>$15.06 ($0.33 / Count)</p><a href="https://www.amazon.com/dp/B084F3YQMH?tag=eloabder-20&linkCode=osi&th=1&psc=1">View Product</a></div>
<div class="product"><a href="https://www.amazon.com/dp/B09RY35M4S?tag=eloabder-20&linkCode=osi&th=1&psc=1"><img src="https://m.media-amazon.com/images/I/41wjzxrudGL._SL500_.jpg" alt="Product Image"></a><p>Kleenex Lotion Facial Tissues with Coconut Oil, 3 Flat Boxes, 120 Tissues Per Box, 3-Ply</p><p> -9% 0FF </p><p>$5.24 ($1.46 / 100 Sheets)</p><a href="https://www.amazon.com/dp/B09RY35M4S?tag=eloabder-20&linkCode=osi&th=1&psc=1">View Product</a></div><div class="product"><a href="https://www.amazon.com/dp/B09M5XF6JV?tag=eloabder-20&linkCode=osi&th=1&psc=1"><img src="https://m.media-amazon.com/images/I/410w59XOeaL._SL500_.jpg" alt="Product Image"></a><p>Kleenex Ultra Soft Facial Tissues, 4 Cube Boxes, 60 Tissues per Box, 3-Ply (240 Total Tissues), Packaging May Vary</p><p> -12% 0FF </p><p>$6.58 ($2.74 / 100 Sheets)</p><a href="https://www.amazon.com/dp/B09M5XF6JV?tag=eloabder-20&linkCode=osi&th=1&psc=1">View Product</a></div><div class="product"><a href="https://www.amazon.com/dp/B09YKRZR22?tag=eloabder-20&linkCode=osi&th=1&psc=1"><img src="https://m.media-amazon.com/images/I/413kbNG2YCL._SL500_.jpg" alt="Product Image"></a><p>Puffs Plus Lotion Facial Tissues, 8 Family Boxes, 124 Facial Tissues per Box, Allergies and Colds</p><p> -26% 0FF </p><p>$13.28 ($1.34 / 100 Sheets)</p><a href="https://www.amazon.com/dp/B09YKRZR22?tag=eloabder-20&linkCode=osi&th=1&psc=1">View Product</a></div>
<div class="product"><a href="https://www.amazon.com/dp/B0CMTR8NFM?tag=eloabder-20&linkCode=osi&th=1&psc=1"><img src="https://m.media-amazon.com/images/I/418XJgVkJIL._SL500_.jpg" alt="Product Image"></a><p>dalattin 12 Pack A19 LED Bulbs, 9W Equivalent 60 Watts, E26 Base, 5000K Daylight White, 800 LM, Efficient Energy Saving Lights for Living Room, Office, 80+ CRI, 120V, UL Listed</p><p> -6% 0FF </p><p>$15.99 ($1.33 / Count)</p><a href="https://www.amazon.com/dp/B0CMTR8NFM?tag=eloabder-20&linkCode=osi&th=1&psc=1">View Product</a></div><div class="product"><a href="https://www.amazon.com/dp/B0CZHCZ5TL?tag=eloabder-20&linkCode=osi&th=1&psc=1"><img src="https://m.media-amazon.com/images/I/31iJMTbdOTL._SL500_.jpg" alt="Product Image"></a><p>TP-Link Tapo Smart Plug Compatible with Alexa, Google Home & Samsung SmartThings, Energy Monitoring, 15A, ETL Certified, 2.4G Wi-Fi Only, Tapo P110, White</p><p> -27% 0FF </p><p>$10.99</p><a href="https://www.amazon.com/dp/B0CZHCZ5TL?tag=eloabder-20&linkCode=osi&th=1&psc=1">View Product</a></div><div class="product"><a href="https://www.amazon.com/dp/B0CCB442CF?tag=eloabder-20&linkCode=osi&th=1&psc=1"><img src="https://m.media-amazon.com/images/I/31oVkQ9gShL._SL500_.jpg" alt="Product Image"></a><p>DEGNJU A19 LED Light Bulbs, 60 Watt Equivalent LED Bulbs, Soft White 2700K, 800 Lumens, E26 Standard Base, Non-Dimmable, 8.5W Warm White LED Bulbs for Bedroom Living Room, 3 Pack</p><p> -33% 0FF </p><p>$7.98 ($2.66 / Count)</p><a href="https://www.amazon.com/dp/B0CCB442CF?tag=eloabder-20&linkCode=osi&th=1&psc=1">View Product</a></div>
<div class="product"><a href="https://www.amazon.com/dp/B08NX1XYBN?tag=eloabder-20&linkCode=osi&th=1&psc=1"><img src="https://m.media-amazon.com/images/I/51lfim+ZIRL._SL500_.jpg" alt="Product Image"></a><p>DIYSELF 2Pack Utility Knife Box Cutter Retractable Blade Heavy Duty(Red)</p><p> -38% 0FF </p><p>$7.99 ($4.00 / Count)</p><a href="https://www.amazon.com/dp/B08NX1XYBN?tag=eloabder-20&linkCode=osi&th=1&psc=1">View Product</a></div><div class="product"><a href="https://www.amazon.com/dp/B08HCW4V4G?tag=eloabder-20&linkCode=osi&th=1&psc=1"><img src="https://m.media-amazon.com/images/I/51A4GvNLy1S._SL500_.jpg" alt="Product Image"></a><p>HORUSDY 4-Pack Box Cutter Utility Knife, Heavy Duty Aluminum Shell Retractable Box Cutter for Cardboard, Boxes and Cartons, Extra 10 Blades.</p><p> -23% 0FF </p><p>$9.99 ($2.50 / Count)</p><a href="https://www.amazon.com/dp/B08HCW4V4G?tag=eloabder-20&linkCode=osi&th=1&psc=1">View Product</a></div><div class="product"><a href="https://www.amazon.com/dp/B097SXK3FG?tag=eloabder-20&linkCode=osi&th=1&psc=1"><img src="https://m.media-amazon.com/images/I/41QvJkjjQuL._SL500_.jpg" alt="Product Image"></a><p>WORKPRO Premium Utility Knife, Retractable All Metal Heavy Duty Box Cutter, Quick Change Blade Razor Knife, with 10 Extra Blades</p><p> -25% 0FF </p><p>$8.99</p><a href="https://www.amazon.com/dp/B097SXK3FG?tag=eloabder-20&linkCode=osi&th=1&psc=1">View Product</a></div><div class="product"><a href="https://www.amazon.com/dp/B01M27QHE2?tag=eloabder-20&linkCode=osi&th=1&psc=1"><img src="https://m.media-amazon.com/images/I/51ULro8xW3L._SL500_.jpg" alt="Product Image"></a><p>INTERNET'S BEST Premium Utility Knife Set | Retractable Box Cutter with Rubber Handle | Heavy-Duty Cutting for Cardboard, Carpet, Plastic | Retractable Blade | Includes 2 Razor Knives & Extra Blades</p><p> -25% 0FF </p><p>$14.99</p><a href="https://www.amazon.com/dp/B01M27QHE2?tag=eloabder-20&linkCode=osi&th=1&psc=1">View Product</a></div><div class="product"><a href="https://www.amazon.com/dp/B09JYJLQXF?tag=eloabder-20&linkCode=osi&th=1&psc=1"><img src="https://m.media-amazon.com/images/I/51IqddPa30L._SL500_.jpg" alt="Product Image"></a><p>M MEEPO Box Cutter, 4-Pack Tough Folding Box Cutter for Heavy Duty Purpose, Razor Sharp Blade, Comfortable Handle, with Extra 10-Piece Blades, Can cut Drywall, Sheet Plastic, Linoleum, Boxes, Rope</p><p> -31% 0FF </p><p>$10.99 ($2.75 / Count)</p><a href="https://www.amazon.com/dp/B09JYJLQXF?tag=eloabder-20&linkCode=osi&th=1&psc=1">View Product</a></div><div class="product"><a href="https://www.amazon.com/dp/B09K7SJH6X?tag=eloabder-20&linkCode=osi&th=1&psc=1"><img src="https://m.media-amazon.com/images/I/41-bwfYeYRL._SL500_.jpg" alt="Product Image"></a><p>WORKPRO Folding Utility Knife with Stainless Steel Head, Quick-change Blade & Back Lock, Wood Handle Heavy Duty Box Cutter, 1PC Razor Knife with Extra 10PC SK5 Blades</p><p> -25% 0FF </p><p>$14.99</p><a href="https://www.amazon.com/dp/B09K7SJH6X?tag=eloabder-20&linkCode=osi&th=1&psc=1">View Product</a></div><div class="product"><a href="https://www.amazon.com/dp/B07DXTP9M9?tag=eloabder-20&linkCode=osi&th=1&psc=1"><img src="https://m.media-amazon.com/images/I/51DsWoOdb2L._SL500_.jpg" alt="Product Image"></a><p>REXBETI 12-Pack Utility Knife, Retractable Box Cutter for Cartons, Cardboard and Boxes, 18mm Wider Razor Sharp Blade, Smooth Mechanism, Perfect for Office and Home use</p><p> -60% 0FF </p><p>$9.99</p><a href="https://www.amazon.com/dp/B07DXTP9M9?tag=eloabder-20&linkCode=osi&th=1&psc=1">View Product</a></div>
<div class="product"><a href="https://www.amazon.com/dp/B07P6PH5SB?tag=eloabder-20&linkCode=osi&th=1&psc=1"><img src="https://m.media-amazon.com/images/I/41h9Fp94OLL._SL500_.jpg" alt="Product Image"></a><p>3M SecureFit Safety Helmet - Climbing Style Inspired Safety Helmet with 6 Point Suspension System, Non-Vented, White, X5001-ANSI, for Construction and Heavy Infrastructure</p><p> -39% 0FF </p><p>$64.83</p><a href="https://www.amazon.com/dp/B07P6PH5SB?tag=eloabder-20&linkCode=osi&th=1&psc=1">View Product</a></div><div class="product"><a href="https://www.amazon.com/dp/B0DCVQRJCJ?tag=eloabder-20&linkCode=osi&th=1&psc=1"><img src="https://m.media-amazon.com/images/I/41bpS1WjabL._SL500_.jpg" alt="Product Image"></a><p>QYZZRS Generator Interlock Kit Compatible with Eaton Cutler Hammer 100 Amp and 125 Amp Panels Breaker,for Safe Usage of Portable Power During Outage,Professional and Interlock Kit (1)</p><p> -16% 0FF </p><p>$27.59</p><a href="https://www.amazon.com/dp/B0DCVQRJCJ?tag=eloabder-20&linkCode=osi&th=1&psc=1">View Product</a></div><div class="product"><a href="https://www.amazon.com/dp/B00C01W6DG?tag=eloabder-20&linkCode=osi&th=1&psc=1"><img src="https://m.media-amazon.com/images/I/41ajsEzhqeL._SL500_.jpg" alt="Product Image"></a><p>ICC Cat6 Riser 1000ft - UTP 23AWG, 100% Solid Pure Copper, Unshielded CMR, Bulk Ethernet Cable, PoE++, 500MHz, Reelex Pull Box, UL Certified, RoHS and TAA Compliant, Blue</p><p> -9% 0FF </p><p>$142.39</p><a href="https://www.amazon.com/dp/B00C01W6DG?tag=eloabder-20&linkCode=osi&th=1&psc=1">View Product</a></div><div class="product"><a href="https://www.amazon.com/dp/B00QXTXSKQ?tag=eloabder-20&linkCode=osi&th=1&psc=1"><img src="https://m.media-amazon.com/images/I/31dvw-xXqDL._SL500_.jpg" alt="Product Image"></a><p>MSA 10048280 Calibration Cylinder, Aluminium Gas Bottle, 34 Liter, 1.45% CH4, 15% O2, 60 PPM CO, 20 PPM H2S, Galaxy GX2 System Test Stand Compatible, Multi-Use Air Tank</p><p> -11% 0FF </p><p>$364.02</p><a href="https://www.amazon.com/dp/B00QXTXSKQ?tag=eloabder-20&linkCode=osi&th=1&psc=1">View Product</a></div><div class="product"><a href="https://www.amazon.com/dp/B016N3609W?tag=eloabder-20&linkCode=osi&th=1&psc=1"><img src="https://m.media-amazon.com/images/I/31qfvZRAQaL._SL500_.jpg" alt="Product Image"></a><p>MSA 815641 Advantage Respirator Cartridge - Iodine Vapor/P100 (GMI), Quantity: 2 per Pack, Chemical and Combination Air-Purifying Respirator Cartridge</p><p> -38% 0FF </p><p>$22.72 ($11.36 / Count)</p><a href="https://www.amazon.com/dp/B016N3609W?tag=eloabder-20&linkCode=osi&th=1&psc=1">View Product</a></div>
<div class="product"><a href="https://www.amazon.com/dp/B00JKHFR2K?tag=eloabder-20&linkCode=osi&th=1&psc=1"><img src="https://m.media-amazon.com/images/I/31-VtYKPhLL._SL500_.jpg" alt="Product Image"></a><p>Childcraft Construction Paper, 9 x 12 Inches, Assorted Colors, 500 Sheets - 1465886</p><p> -12% 0FF </p><p>$14.02 ($0.03 / Count)</p><a href="https://www.amazon.com/dp/B00JKHFR2K?tag=eloabder-20&linkCode=osi&th=1&psc=1">View Product</a></div><div class="product"><a href="https://www.amazon.com/dp/B07BPWV83H?tag=eloabder-20&linkCode=osi&th=1&psc=1"><img src="https://m.media-amazon.com/images/I/51lp+IIfd7L._SL500_.jpg" alt="Product Image"></a><p>REXBETI Knee Pads for Work, Construction Gel Knee Pads Tools, Heavy Duty Comfortable Anti-slip Foam Knee Pads for Cleaning Flooring and Garden, Strong Stretchable Straps, 1 Pair</p><p> -28% 0FF </p><p>$25.99</p><a href="https://www.amazon.com/dp/B07BPWV83H?tag=eloabder-20&linkCode=osi&th=1&psc=1">View Product</a></div><div class="product"><a href="https://www.amazon.com/dp/B0CQ755FYH?tag=eloabder-20&linkCode=osi&th=1&psc=1"><img src="https://m.media-amazon.com/images/I/41lT80YapPL._SL500_.jpg" alt="Product Image"></a><p>Laser Level with Tripod, Huepar 98Ft Self Leveling Laser Level Green Line Laser Cross Line Laser Leveler Tool for Picture Hanging, Tile, Home Renovation, Indoor Project, Battery&Carrying Bag Included</p><p> -38% 0FF </p><p>$49.99</p><a href="https://www.amazon.com/dp/B0CQ755FYH?tag=eloabder-20&linkCode=osi&th=1&psc=1">View Product</a></div><div class="product"><a href="https://www.amazon.com/dp/B09W8LBWJH?tag=eloabder-20&linkCode=osi&th=1&psc=1"><img src="https://m.media-amazon.com/images/I/4115vnIiXsL._SL500_.jpg" alt="Product Image"></a><p>Deinyi Construction Toddler Utensils - Toddler Forks and Spoons - Kids Spoon and Fork Set - Suitable for Kids Utensils - Baby Utensils, Portable Utensils Set for 1 2 3 4 5 year old Toddlers, Yellow</p><p> -37% 0FF </p><p>$11.99</p><a href="https://www.amazon.com/dp/B09W8LBWJH?tag=eloabder-20&linkCode=osi&th=1&psc=1">View Product</a></div><div class="product"><a href="https://www.amazon.com/dp/B002LARR76?tag=eloabder-20&linkCode=osi&th=1&psc=1"><img src="https://m.media-amazon.com/images/I/31K2j809lBL._SL500_.jpg" alt="Product Image"></a><p>Prang (Formerly SunWorks) Construction Paper, Brown, 9" x 12", 100 Sheets</p><p> -11% 0FF </p><p>$4.27 ($0.04 / Count)</p><a href="https://www.amazon.com/dp/B002LARR76?tag=eloabder-20&linkCode=osi&th=1&psc=1">View Product</a></div>
<div class="product"><a href="https://www.amazon.com/dp/B08GFP7PSK?tag=eloabder-20&linkCode=osi&th=1&psc=1"><img src="https://m.media-amazon.com/images/I/41gooaY8RRL._SL500_.jpg" alt="Product Image"></a><p>BESTAMTOY 36 PCS Wooden Sorting Stacking Rocks Stones,Sensory Toddler Toys Learning Montessori Toys, Building Blocks Game for Kids 3 4 5 6 Years Boy and Girl Birthday Gifts for Kids</p><p> -36% 0FF </p><p>$23.19</p><a href="https://www.amazon.com/dp/B08GFP7PSK?tag=eloabder-20&linkCode=osi&th=1&psc=1">View Product</a></div><div class="product"><a href="https://www.amazon.com/dp/B0CWVT99MF?tag=eloabder-20&linkCode=osi&th=1&psc=1"><img src="https://m.media-amazon.com/images/I/31v6b-LC5ML._SL500_.jpg" alt="Product Image"></a><p>IRWIN Quick-Lift Construction Jack, Hand Lifting Jack Tool, Multifunctional, Lift up to 10" and Lift Capacity 330 lbs (IRHT83100)</p><p> -9% 0FF </p><p>$89.99</p><a href="https://www.amazon.com/dp/B0CWVT99MF?tag=eloabder-20&linkCode=osi&th=1&psc=1">View Product</a></div><div class="product"><a href="https://www.amazon.com/dp/B0BWY4444M?tag=eloabder-20&linkCode=osi&th=1&psc=1"><img src="https://m.media-amazon.com/images/I/51esMBM0unL._SL500_.jpg" alt="Product Image"></a><p>XClifes Labor Saving Handle 2 Pack,15 In Construction Jack, Wall Tile Locator, Multi-Function Height Adjustment Lifting Device, Door Panel Lifting Cabinet Jack,Raised 10 in,Dynamic Load 470 LB</p><p> -69% 0FF </p><p>$43.99</p><a href="https://www.amazon.com/dp/B0BWY4444M?tag=eloabder-20&linkCode=osi&th=1&psc=1">View Product</a></div><div class="product"><a href="https://www.amazon.com/dp/0021402442?tag=eloabder-20&linkCode=osi&th=1&psc=1"><img src="https://m.media-amazon.com/images/I/511QbiOnlIL._SL500_.jpg" alt="Product Image"></a><p>Glencoe Carpentry and Building Construction, Student Edition (CARPENTRY & BLDG CONSTRUCTION)</p><p> -47% 0FF </p><p>$59.50</p><a href="https://www.amazon.com/dp/0021402442?tag=eloabder-20&linkCode=osi&th=1&psc=1">View Product</a></div><div class="product"><a href="https://www.amazon.com/dp/B08R3TW6PD?tag=eloabder-20&linkCode=osi&th=1&psc=1"><img src="https://m.media-amazon.com/images/I/51Ca5qyFUyL._SL500_.jpg" alt="Product Image"></a><p>Coodoo Upgraded Magnetic Blocks Tough Tiles STEM Toys for 3+ Year Old Boys and Girls Learning by Playing Games for Toddlers Kids, Compatible with Major Brands Building Blocks - Starter Set</p><p> -9% 0FF </p><p>$19.99</p><a href="https://www.amazon.com/dp/B08R3TW6PD?tag=eloabder-20&linkCode=osi&th=1&psc=1">View Product</a></div><div class="product"><a href="https://www.amazon.com/dp/B0D17SV1WJ?tag=eloabder-20&linkCode=osi&th=1&psc=1"><img src="https://m.media-amazon.com/images/I/41GZRx1QfVL._SL500_.jpg" alt="Product Image"></a><p>10 Pcs Interlocking Deck Tiles 12" x 12", Patio Flooring Outdoor Waterproof, Acacia Wood Tiles All Weather, Floor Tiles for Balcony, Backyard, Indoor and Outdoor use‚Ä¶ (Espresso)</p><p> -15% 0FF </p><p>$38.99</p><a href="https://www.amazon.com/dp/B0D17SV1WJ?tag=eloabder-20&linkCode=osi&th=1&psc=1">View Product</a></div><div class="product"><a href="https://www.amazon.com/dp/B0CPCZ3V7C?tag=eloabder-20&linkCode=osi&th=1&psc=1"><img src="https://m.media-amazon.com/images/I/51zv+eT4kkL._SL500_.jpg" alt="Product Image"></a><p>Titrot Magnetic Blocks Kids Toys, Large Magnetic Building Sticks STEM Educational Sensory Toy Preschool Learning Montessori Toys for Toddlers Boys Girls Ages 3-8 with 1 Car</p><p> -17% 0FF </p><p>$24.99</p><a href="https://www.amazon.com/dp/B0CPCZ3V7C?tag=eloabder-20&linkCode=osi&th=1&psc=1">View Product</a></div>

<div class="product"><a href="https://www.amazon.com/dp/B0D676KYMV?tag=eloabder-20&linkCode=osi&th=1&psc=1"><img src="https://m.media-amazon.com/images/I/41dhQyG9XZL._SL500_.jpg" alt="Product Image"></a><p>Dimgogo Hexagon LED Garage Ceiling Lights,25 Pack 17280LM Super Bright LED car Lights for Warehouse Basement Workshop Gym Car Detailing Shop Wash Room</p><p> -21% 0FF </p><p>$69.99</p><a href="https://www.amazon.com/dp/B0D676KYMV?tag=eloabder-20&linkCode=osi&th=1&psc=1">View Product</a></div>
<div class="product"><a href="https://www.amazon.com/dp/B0C73SFP11?tag=eloabder-20&linkCode=osi&th=1&psc=1"><img src="https://m.media-amazon.com/images/I/31+p7lB1nDL._SL500_.jpg" alt="Product Image"></a><p>2 Pack, 9 Inch Clear Non-Skid Lazy Susan Organizers - Turntable Rack for Kitchen Cabinet, Pantry Organization and Storage, Fridge, Bathroom Closet, Vanity Countertop Makeup Organizing, Spice Rack</p><p> -32% 0FF </p><p>$12.98</p><a href="https://www.amazon.com/dp/B0C73SFP11?tag=eloabder-20&linkCode=osi&th=1&psc=1">View Product</a></div><div class="product"><a href="https://www.amazon.com/dp/B098991PPP?tag=eloabder-20&linkCode=osi&th=1&psc=1"><img src="https://m.media-amazon.com/images/I/41pFHdubflL._SL500_.jpg" alt="Product Image"></a><p>SpaceAid Heavy Duty Moving Bags, Extra Large Storage Totes W/Backpack Straps Strong Handles & Zippers, Alternative to Moving Boxes, Packing & Moving Supplies, Black (8 Pack)</p><p> -24% 0FF </p><p>$36.99 ($4.62 / Count)</p><a href="https://www.amazon.com/dp/B098991PPP?tag=eloabder-20&linkCode=osi&th=1&psc=1">View Product</a></div>
<div class="product"><a href="https://www.amazon.com/dp/B001JT1LCW?tag=eloabder-20&linkCode=osi&th=1&psc=1"><img src="https://m.media-amazon.com/images/I/41-NrbTtXOL._SL500_.jpg" alt="Product Image"></a><p>Logistic Ratchet Strap, 16ft x 2In, 1000lb</p><p> -37% 0FF </p><p>$11.13</p><a href="https://www.amazon.com/dp/B001JT1LCW?tag=eloabder-20&linkCode=osi&th=1&psc=1">View Product</a></div>
<div class="product"><a href="https://www.amazon.com/dp/B07MM6D6H8?tag=eloabder-20&linkCode=osi&th=1&psc=1"><img src="https://m.media-amazon.com/images/I/51-5i+GLJFL._SL500_.jpg" alt="Product Image"></a><p>edxeducation Transport Counters - Mini Jar - Set of 36 - Learn Counting, Colors, Sorting and Sequencing - Hands-on Math Manipulative for Kids</p><p> -6% 0FF </p><p>$12.66</p><a href="https://www.amazon.com/dp/B07MM6D6H8?tag=eloabder-20&linkCode=osi&th=1&psc=1">View Product</a></div><div class="product"><a href="https://www.amazon.com/dp/B0058ORV6Y?tag=eloabder-20&linkCode=osi&th=1&psc=1"><img src="https://m.media-amazon.com/images/I/415rpz1mnxL._SL500_.jpg" alt="Product Image"></a><p>Didax Educational Resources Transportation Counters, 72</p><p> -31% 0FF </p><p>$14.50</p><a href="https://www.amazon.com/dp/B0058ORV6Y?tag=eloabder-20&linkCode=osi&th=1&psc=1">View Product</a></div><div class="product"><a href="https://www.amazon.com/dp/B0BWNRKN6Y?tag=eloabder-20&linkCode=osi&th=1&psc=1"><img src="https://m.media-amazon.com/images/I/51Fau8rx1IL._SL500_.jpg" alt="Product Image"></a><p>Reusable Sticker Book for Kids, Vehicles Truck Stickers Educational Learning Toys Travel Stickers Activity Books for Toddler Girls Boys Age 3+ Birthday Gifts</p><p> -34% 0FF </p><p>$5.95</p><a href="https://www.amazon.com/dp/B0BWNRKN6Y?tag=eloabder-20&linkCode=osi&th=1&psc=1">View Product</a></div>
<div class="product"><a href="https://www.amazon.com/dp/B0BLTY38V7?tag=eloabder-20&linkCode=osi&th=1&psc=1"><img src="https://m.media-amazon.com/images/I/31zmVFnuy3L._SL500_.jpg" alt="Product Image"></a><p>SWEETAPRIL Slow Moving Vehicle Sign, Rust Free Aluminum Slow Moving Vehicle Triangle Signs, 14"X16", 40-Mil Thick Diamond Grade Reflective For Golf Cart, For Golf Cart, Tractor, Utv, Safety Signs</p><p> -47% 0FF </p><p>$9.99</p><a href="https://www.amazon.com/dp/B0BLTY38V7?tag=eloabder-20&linkCode=osi&th=1&psc=1">View Product</a></div><div class="product"><a href="https://www.amazon.com/dp/B0D9NXPMMR?tag=eloabder-20&linkCode=osi&th=1&psc=1"><img src="https://m.media-amazon.com/images/I/418RV63IwdL._SL500_.jpg" alt="Product Image"></a><p>Mini Car Trash Can Bin with Lid and One Roll Plastic Trash Bags, Small Car Garbage Can Leakproof Car Accessories Trash Bin Car Dustbin Organizer Container for Car, Vehicle, Office, Home</p><p> -16% 0FF </p><p>$9.98</p><a href="https://www.amazon.com/dp/B0D9NXPMMR?tag=eloabder-20&linkCode=osi&th=1&psc=1">View Product</a></div><div class="product"><a href="https://www.amazon.com/dp/B000UHP9EU?tag=eloabder-20&linkCode=osi&th=1&psc=1"><img src="https://m.media-amazon.com/images/I/31wK9xXH7wL._SL500_.jpg" alt="Product Image"></a><p>FIRST ALERT AUTOMAR10 Car and Marine Fire Extinguisher, FE10GR, UL RATED 10-B:C, White, 1-Pack</p><p> -32% 0FF </p><p>$26.44</p><a href="https://www.amazon.com/dp/B000UHP9EU?tag=eloabder-20&linkCode=osi&th=1&psc=1">View Product</a></div><div class="product"><a href="https://www.amazon.com/dp/B0CQSH2J4R?tag=eloabder-20&linkCode=osi&th=1&psc=1"><img src="https://m.media-amazon.com/images/I/41NenTedbdL._SL500_.jpg" alt="Product Image"></a><p>Yaocom 1 Set Slow Moving Vehicle Sign with Mounting Bracket 14 x 16 Inch Slow Moving Vehicle Triangle Signs Aluminum Slow Sign Warning Triangles for Vehicles Golf Cart Tractor Outdoor Accessories</p><p> -5% 0FF </p><p>$18.99</p><a href="https://www.amazon.com/dp/B0CQSH2J4R?tag=eloabder-20&linkCode=osi&th=1&psc=1">View Product</a></div><div class="product"><a href="https://www.amazon.com/dp/B000P0DPGQ?tag=eloabder-20&linkCode=osi&th=1&psc=1"><img src="https://m.media-amazon.com/images/I/41S75Iev+4L._SL500_.jpg" alt="Product Image"></a><p>FIRST ALERT AUTO5 Car Fire Extinguisher, FESA5, UL RATED 5-B:C, Red, 1-Pack</p><p> -39% 0FF </p><p>$23.77</p><a href="https://www.amazon.com/dp/B000P0DPGQ?tag=eloabder-20&linkCode=osi&th=1&psc=1">View Product</a></div><div class="product"><a href="https://www.amazon.com/dp/B00CGSF4F0?tag=eloabder-20&linkCode=osi&th=1&psc=1"><img src="https://m.media-amazon.com/images/I/41O8ARwr2cL._SL500_.jpg" alt="Product Image"></a><p>BAZIC 12 X 16 Inches Sale Sign, 2-Line (L-2)</p><p> -12% 0FF </p><p>$5.13</p><a href="https://www.amazon.com/dp/B00CGSF4F0?tag=eloabder-20&linkCode=osi&th=1&psc=1">View Product</a></div>
<div class="product"><a href="https://www.amazon.com/dp/B0829D1D7V?tag=eloabder-20&linkCode=osi&th=1&psc=1"><img src="https://m.media-amazon.com/images/I/51J7vVLjl6L._SL500_.jpg" alt="Product Image"></a><p>2-Pack Bubble Cushioning Nylon Wrap Rolls, 3/16" x 12" x 72' ft Total, Perforated Every 12", 20 Fragile Stickers for Packaging, Shipping, Mailing</p><p> -15% 0FF </p><p>$15.50 ($7.75 / Count)</p><a href="https://www.amazon.com/dp/B0829D1D7V?tag=eloabder-20&linkCode=osi&th=1&psc=1">View Product</a></div><div class="product"><a href="https://www.amazon.com/dp/B09GPNQCW4?tag=eloabder-20&linkCode=osi&th=1&psc=1"><img src="https://m.media-amazon.com/images/I/416VMuii7+L._SL500_.jpg" alt="Product Image"></a><p>Donyson Frosted T Shirt Bags 10x13, 100 Pack Clear Bags for Packaging, Package Bags, Packaging Bags for Small Business, Shipping Bags with Handle</p><p> -5% 0FF </p><p>$20.99 ($0.21 / Count)</p><a href="https://www.amazon.com/dp/B09GPNQCW4?tag=eloabder-20&linkCode=osi&th=1&psc=1">View Product</a></div><div class="product"><a href="https://www.amazon.com/dp/B000J07BRQ?tag=eloabder-20&linkCode=osi&th=1&psc=1"><img src="https://m.media-amazon.com/images/I/517ZAgVhtNL._SL500_.jpg" alt="Product Image"></a><p>Scotch Heavy Duty Shipping and Moving Packing Tape, Clear, Packing and Moving Supplies, 1.88 in. x 22.2 yd., 6 Tape Rolls with Dispensers</p><p> -31% 0FF </p><p>$13.88</p><a href="https://www.amazon.com/dp/B000J07BRQ?tag=eloabder-20&linkCode=osi&th=1&psc=1">View Product</a></div>

<div class="product"><a href="https://www.amazon.com/dp/B09ZV2364K?tag=eloabder-20&linkCode=osi&th=1&psc=1"><img src="https://m.media-amazon.com/images/I/41Ts3dr3u3L._SL500_.jpg" alt="Product Image"></a><p>DEKOPRO Submersible Water Pump 1/3 HP 2450GPH Utility Pump Thermoplastic Electric Portable Transfer Water Pump with 10-Foot Cord for Pool Tub Garden Pond Draining</p><p> -32% 0FF </p><p>$40.99</p><a href="https://www.amazon.com/dp/B09ZV2364K?tag=eloabder-20&linkCode=osi&th=1&psc=1">View Product</a></div><div class="product"><a href="https://www.amazon.com/dp/B0CRKY91RW?tag=eloabder-20&linkCode=osi&th=1&psc=1"><img src="https://m.media-amazon.com/images/I/31v5rVK5BPL._SL500_.jpg" alt="Product Image"></a><p>Sump Pump Submersible 1.4HP 4800GPH Water Pump Electric for Portable Transfer Water Pump Sump Pumps Utility Pump with 8 Accessories for Pool Draining Basement, 120 Voltage</p><p> -21% 0FF </p><p>$49.00</p><a href="https://www.amazon.com/dp/B0CRKY91RW?tag=eloabder-20&linkCode=osi&th=1&psc=1">View Product</a></div><div class="product"><a href="https://www.amazon.com/dp/B09Y918453?tag=eloabder-20&linkCode=osi&th=1&psc=1"><img src="https://m.media-amazon.com/images/I/41rSFmVH4hL._SL500_.jpg" alt="Product Image"></a><p>FOTING Sump Pump 1HP 3960 GPH for Clean/Dirty Water Use, Thermoplastic Submersible Water Pump Utility Electric Portable Transfer Pump for Swimming Pool Garden Pond Basement Window Wells with 25ft Cord</p><p> -14% 0FF </p><p>$66.99</p><a href="https://www.amazon.com/dp/B09Y918453?tag=eloabder-20&linkCode=osi&th=1&psc=1">View Product</a></div>
<div class="product"><a href="https://www.amazon.com/dp/B085RV5SRY?tag=eloabder-20&linkCode=osi&th=1&psc=1"><img src="https://m.media-amazon.com/images/I/41Irw5yYT4L._SL500_.jpg" alt="Product Image"></a><p>(Pack of 10) EFIELD 1/2 Inch Pex Crimp Brass Full Port Shut-off Ball Valve for Hot and Cold Water, UPC Certified</p><p> -35% 0FF </p><p>$29.95 ($3.00 / Count)</p><a href="https://www.amazon.com/dp/B085RV5SRY?tag=eloabder-20&linkCode=osi&th=1&psc=1">View Product</a></div>
<div class="product"><a href="https://www.amazon.com/dp/B07MTK9Y31?tag=eloabder-20&linkCode=osi&th=1&psc=1"><img src="https://m.media-amazon.com/images/I/41w52vo9Q9L._SL500_.jpg" alt="Product Image"></a><p>GeilSpace 6 Pack 3/4" √ó 12" Pre-Cut Black Metal Pipe, Industrial Steel Fits Standard Three Quarters Inch Black Threaded Pipes and Fittings - Vintage DIY Industrial Shelving (3/4" √ó 12", Black)</p><p> -19% 0FF </p><p>$21.99 ($3.66 / Count)</p><a href="https://www.amazon.com/dp/B07MTK9Y31?tag=eloabder-20&linkCode=osi&th=1&psc=1">View Product</a></div><div class="product"><a href="https://www.amazon.com/dp/B000OHANEM?tag=eloabder-20&linkCode=osi&th=1&psc=1"><img src="https://m.media-amazon.com/images/I/51G4C0ueewL._SL500_.jpg" alt="Product Image"></a><p>Flex-Drain 51710 Flexible/Expandable Solid Drainage Pipe, 3.37in (Inside Diameter) by 12ft</p><p> -16% 0FF </p><p>$14.27</p><a href="https://www.amazon.com/dp/B000OHANEM?tag=eloabder-20&linkCode=osi&th=1&psc=1">View Product</a></div><div class="product"><a href="https://www.amazon.com/dp/B0009PU9CK?tag=eloabder-20&linkCode=osi&th=1&psc=1"><img src="https://m.media-amazon.com/images/I/31NqDYLrlqL._SL500_.jpg" alt="Product Image"></a><p>Rectorseal 25790 1-3/4-Ounce Tube No.5 Pipe Thread Sealant</p><p> -20% 0FF </p><p>$4.63 ($2.63 / Ounce)</p><a href="https://www.amazon.com/dp/B0009PU9CK?tag=eloabder-20&linkCode=osi&th=1&psc=1">View Product</a></div><div class="product"><a href="https://www.amazon.com/dp/B06XDK78GQ?tag=eloabder-20&linkCode=osi&th=1&psc=1"><img src="https://m.media-amazon.com/images/I/41h6Lm9j-EL._SL500_.jpg" alt="Product Image"></a><p>Hiware Drinking Straw Cleaner Brush Kit - (3-Size) 9-Piece Extra Long Pipe Cleaners, Straw Cleaning Brush For Tumbler, Sippy Cup, Bottle and Tube</p><p> -38% 0FF </p><p>$4.99</p><a href="https://www.amazon.com/dp/B06XDK78GQ?tag=eloabder-20&linkCode=osi&th=1&psc=1">View Product</a></div><div class="product"><a href="https://www.amazon.com/dp/B0D75YFQYX?tag=eloabder-20&linkCode=osi&th=1&psc=1"><img src="https://m.media-amazon.com/images/I/31eJKO5QnML._SL500_.jpg" alt="Product Image"></a><p>3/4 inch Water Pipe Repair Clamp,Emergency Pipe Repair Kit for Plastic and Metal Pipes,Suitable for PE/PVC pipe repair,Steel Pipes,Iron Pipes(19mm-21mm)</p><p> -20% 0FF </p><p>$9.99</p><a href="https://www.amazon.com/dp/B0D75YFQYX?tag=eloabder-20&linkCode=osi&th=1&psc=1">View Product</a></div>
<div class="product"><a href="https://www.amazon.com/dp/B098LMBLNW?tag=eloabder-20&linkCode=osi&th=1&psc=1"><img src="https://m.media-amazon.com/images/I/51g1okYsY5L._SL500_.jpg" alt="Product Image"></a><p>1/2" Pex Fittings, SUNGATOR 45 PCS 1/2 Inch Pex Fittings Set, 15 Each Elbow Tee Coupling Pex Fittings for Pex Pipe, No Lead Brass, ASTM F1807</p><p> -8% 0FF </p><p>$33.99</p><a href="https://www.amazon.com/dp/B098LMBLNW?tag=eloabder-20&linkCode=osi&th=1&psc=1">View Product</a></div><div class="product"><a href="https://www.amazon.com/dp/B0C3HBKCBY?tag=eloabder-20&linkCode=osi&th=1&psc=1"><img src="https://m.media-amazon.com/images/I/51PQ+3I4XiL._SL500_.jpg" alt="Product Image"></a><p>KOOTANS 66pcs Brass Pipe Fittings Assortment NPT Adapter Fitting, Reducer Bushing, Hex Nipple, Reducing Hex Coupling, Pipe Head Brass Plug Kit</p><p> -13% 0FF </p><p>$69.99</p><a href="https://www.amazon.com/dp/B0C3HBKCBY?tag=eloabder-20&linkCode=osi&th=1&psc=1">View Product</a></div>
<div class="product"><a href="https://www.amazon.com/dp/B08G1B6Z73?tag=eloabder-20&linkCode=osi&th=1&psc=1"><img src="https://m.media-amazon.com/images/I/41fPrg-ewYS._SL500_.jpg" alt="Product Image"></a><p>SANFU Polyurethane Recoil Air Compressor Hose 1/4"ID x 25FT Long Tail with Bend Restrictor,1/4‚Äù MNPT Fittings Brass Quick Coupler and Plug, Blue(25')</p><p> -50% 0FF </p><p>$8.99 ($0.36 / Foot)</p><a href="https://www.amazon.com/dp/B08G1B6Z73?tag=eloabder-20&linkCode=osi&th=1&psc=1">View Product</a></div><div class="product"><a href="https://www.amazon.com/dp/B0D227WPF7?tag=eloabder-20&linkCode=osi&th=1&psc=1"><img src="https://m.media-amazon.com/images/I/41YwBSYYHuL._SL500_.jpg" alt="Product Image"></a><p>SANFU Polyurethane(PU) Air Hose 1/4-Inch x 100ft Reinforced, lightweight, Flexible, 300PSI With 1/4‚Äù Swivel Aluminum Universal 3IN1 Coupler and Plug, 1PCS Safery Coupler, Bend Restrictor</p><p> -50% 0FF </p><p>$25.99 ($0.26 / Foot)</p><a href="https://www.amazon.com/dp/B0D227WPF7?tag=eloabder-20&linkCode=osi&th=1&psc=1">View Product</a></div><div class="product"><a href="https://www.amazon.com/dp/B09W4KSB5X?tag=eloabder-20&linkCode=osi&th=1&psc=1"><img src="https://m.media-amazon.com/images/I/51w1yQMw7aL._SL500_.jpg" alt="Product Image"></a><p>DAVCO 1/2" ID x 25 ft PVC Reinforced Tubing With Spiral Steel Wire, High Pressure Flexible Vinyl Hose Heavy Duty Clear Suction Tube,Non-Toxic, Vacuum Dust Collection Pipe</p><p> -50% 0FF </p><p>$16.99 ($0.68 / Foot)</p><a href="https://www.amazon.com/dp/B09W4KSB5X?tag=eloabder-20&linkCode=osi&th=1&psc=1">View Product</a></div>

<div class="product"><a href="https://www.amazon.com/dp/B0CYYYZRV9?tag=eloabder-20&linkCode=osi&th=1&psc=1"><img src="https://m.media-amazon.com/images/I/41glXO+YSbL._SL500_.jpg" alt="Product Image"></a><p>YAMASO 20 Pcs 608 2RS Ball Bearings ‚Äì Bearing Steel and Double Rubber Sealed Miniature Deep Groove Ball Bearings (8mm x 22mm x 7mm)</p><p> -8% 0FF </p><p>$5.49</p><a href="https://www.amazon.com/dp/B0CYYYZRV9?tag=eloabder-20&linkCode=osi&th=1&psc=1">View Product</a></div><div class="product"><a href="https://www.amazon.com/dp/B09PKD8QZZ?tag=eloabder-20&linkCode=osi&th=1&psc=1"><img src="https://m.media-amazon.com/images/I/41BYfJNmMoL._SL500_.jpg" alt="Product Image"></a><p>SHKI 20 Pcs 608 2RS Ball Bearings ‚Äì Bearing Steel and Double Rubber Sealed Miniature Deep Groove Ball Bearings (8mm x 22mm x 7mm) (608 2RS)</p><p> -40% 0FF </p><p>$5.99 ($0.30 / Count)</p><a href="https://www.amazon.com/dp/B09PKD8QZZ?tag=eloabder-20&linkCode=osi&th=1&psc=1">View Product</a></div><div class="product"><a href="https://www.amazon.com/dp/B073ST742Z?tag=eloabder-20&linkCode=osi&th=1&psc=1"><img src="https://m.media-amazon.com/images/I/51dWjQm393L._SL500_.jpg" alt="Product Image"></a><p>100 Pack 608-2RS Skateboard Bearing, Rolling Bearings, 8x22x7mm 608rs Bearing</p><p> -11% 0FF </p><p>$17.79</p><a href="https://www.amazon.com/dp/B073ST742Z?tag=eloabder-20&linkCode=osi&th=1&psc=1">View Product</a></div><div class="product"><a href="https://www.amazon.com/dp/B07216D1SZ?tag=eloabder-20&linkCode=osi&th=1&psc=1"><img src="https://m.media-amazon.com/images/I/41P6KPblNDL._SL500_.jpg" alt="Product Image"></a><p>Sackorange 608 ZZ Skateboard Bearings, Double Shielded,8x22x7 Miniature Ball BearingsÔºàPack of 20)</p><p> -29% 0FF </p><p>$7.79</p><a href="https://www.amazon.com/dp/B07216D1SZ?tag=eloabder-20&linkCode=osi&th=1&psc=1">View Product</a></div>
<div class="product"><a href="https://www.amazon.com/dp/B09KRGTLVM?tag=eloabder-20&linkCode=osi&th=1&psc=1"><img src="https://m.media-amazon.com/images/I/41zMlgeopqL._SL500_.jpg" alt="Product Image"></a><p>Vevitts Small Brushed Permanent Magnet Electric Motor for E Scooter Drive Speed Control 24V 350W 3000RPM</p><p> -20% 0FF </p><p>$39.98</p><a href="https://www.amazon.com/dp/B09KRGTLVM?tag=eloabder-20&linkCode=osi&th=1&psc=1">View Product</a></div><div class="product"><a href="https://www.amazon.com/dp/B01M58POHF?tag=eloabder-20&linkCode=osi&th=1&psc=1"><img src="https://m.media-amazon.com/images/I/41dQTChYsBL._SL500_.jpg" alt="Product Image"></a><p>AUTOTOOLHOME 6-12V Mini DC Motor High Torque Gear for Traxxas R/C and Power Wheels PCB DIY Electric Drill</p><p> -23% 0FF </p><p>$6.89</p><a href="https://www.amazon.com/dp/B01M58POHF?tag=eloabder-20&linkCode=osi&th=1&psc=1">View Product</a></div><div class="product"><a href="https://www.amazon.com/dp/B072R5G5GR?tag=eloabder-20&linkCode=osi&th=1&psc=1"><img src="https://m.media-amazon.com/images/I/41Z6ru+wWIL._SL500_.jpg" alt="Product Image"></a><p>Greartisan DC 12V 550RPM Gear Motor High Torque Electric Micro Speed Reduction Geared Motor Centric Output Shaft 37mm Diameter Gearbox</p><p> -6% 0FF </p><p>$14.99</p><a href="https://www.amazon.com/dp/B072R5G5GR?tag=eloabder-20&linkCode=osi&th=1&psc=1">View Product</a></div><div class="product"><a href="https://www.amazon.com/dp/B0CZVH445F?tag=eloabder-20&linkCode=osi&th=1&psc=1"><img src="https://m.media-amazon.com/images/I/51cTdXLKa7L._SL500_.jpg" alt="Product Image"></a><p>6Pcs 280 Micro DC Motors 3V-12V 13500RPM 0.5A with 2.8mm Insulated Connector & 6inch 20AWG Wire for RC Boat, DIY Airplane, Model Toys, 12V DC Motor Compatible</p><p> -23% 0FF </p><p>$9.99</p><a href="https://www.amazon.com/dp/B0CZVH445F?tag=eloabder-20&linkCode=osi&th=1&psc=1">View Product</a></div>
<div class="product"><a href="https://www.amazon.com/dp/B07L7XCSDW?tag=eloabder-20&linkCode=osi&th=1&psc=1"><img src="https://m.media-amazon.com/images/I/31lErudRYvL._SL500_.jpg" alt="Product Image"></a><p>DC HOUSE 12 Inch 12" High Speed 14mm/s Linear Actuator Motor 1000N DC12V with Mounting Brackets</p><p> -7% 0FF </p><p>$39.98</p><a href="https://www.amazon.com/dp/B07L7XCSDW?tag=eloabder-20&linkCode=osi&th=1&psc=1">View Product</a></div><div class="product"><a href="https://www.amazon.com/dp/B07X3Z68GV?tag=eloabder-20&linkCode=osi&th=1&psc=1"><img src="https://m.media-amazon.com/images/I/41j8dmqKsnS._SL500_.jpg" alt="Product Image"></a><p>Electric Micro Linear Actuator 12V - 1.2" Stroke, 64N/14.4lb, Speed 0.6inch/s Mini Waterproof Motion Actuator Small 12 V DC, w/Mounting Brackets, for Sofa Robotic TV Table Cabinet Window Opener Lift</p><p> -16% 0FF </p><p>$30.99 ($19.37 / oz)</p><a href="https://www.amazon.com/dp/B07X3Z68GV?tag=eloabder-20&linkCode=osi&th=1&psc=1">View Product</a></div><div class="product"><a href="https://www.amazon.com/dp/B0CRV927YC?tag=eloabder-20&linkCode=osi&th=1&psc=1"><img src="https://m.media-amazon.com/images/I/41dEUHSH6sL._SL500_.jpg" alt="Product Image"></a><p>ECO-WORTHY Linear Actuator Heavy Duty 3000N/660lbs with Mounting Brackets Multi-Function (12V, 12")</p><p> -18% 0FF </p><p>$59.99</p><a href="https://www.amazon.com/dp/B0CRV927YC?tag=eloabder-20&linkCode=osi&th=1&psc=1">View Product</a></div>
<div class="product"><a href="https://www.amazon.com/dp/B07H8GL44M?tag=eloabder-20&linkCode=osi&th=1&psc=1"><img src="https://m.media-amazon.com/images/I/41TaGFITM0L._SL500_.jpg" alt="Product Image"></a><p>FAERSI 22680-7S000 AF10141 for 2003-2014 Altima & 2006-14 Maxima & 07-13 Sentra & 05-15 Xterra & 2003-2015 Murano | Infiniti 08-13 G37 & 05-08 G35 & More MAF Mass Air Flow Sensor</p><p> -30% 0FF </p><p>$21.68</p><a href="https://www.amazon.com/dp/B07H8GL44M?tag=eloabder-20&linkCode=osi&th=1&psc=1">View Product</a></div><div class="product"><a href="https://www.amazon.com/dp/B08TRKL94H?tag=eloabder-20&linkCode=osi&th=1&psc=1"><img src="https://m.media-amazon.com/images/I/314giu3g36L._SL500_.jpg" alt="Product Image"></a><p>Carbon Monoxide Detector,CO Gas Monitor Alarm Detector,CO Sensor with LED Digital Display for Home,Depot,Battery Powered</p><p> -5% 0FF </p><p>$11.99</p><a href="https://www.amazon.com/dp/B08TRKL94H?tag=eloabder-20&linkCode=osi&th=1&psc=1">View Product</a></div><div class="product"><a href="https://www.amazon.com/dp/B092HK5NJB?tag=eloabder-20&linkCode=osi&th=1&psc=1"><img src="https://m.media-amazon.com/images/I/41RyuQ28lQS._SL500_.jpg" alt="Product Image"></a><p>Marsflex TPMS Sensor, 13598772 for GM 315Mhz, Tire Pressure Monitoring Sensor Compatible with Buick Chevy Cadillac GMC, Tire Pressure Sensor Replacement 13586335,13598771 4 Pack</p><p> -21% 0FF </p><p>$23.81</p><a href="https://www.amazon.com/dp/B092HK5NJB?tag=eloabder-20&linkCode=osi&th=1&psc=1">View Product</a></div><div class="product"><a href="https://www.amazon.com/dp/B0DCBDS359?tag=eloabder-20&linkCode=osi&th=1&psc=1"><img src="https://m.media-amazon.com/images/I/519A7-IMkBL._SL500_.jpg" alt="Product Image"></a><p>Dual Knock Sensors with Wiring Harness and Intake Manifold Gasket Kit | for Chevy Silverado Avalanche Tahoe, GMC Sierra Yukon, Cadillac Hummer & More GM Vehicles | Replace# 12601822,213-3521,89060413</p><p> -6% 0FF </p><p>$33.99</p><a href="https://www.amazon.com/dp/B0DCBDS359?tag=eloabder-20&linkCode=osi&th=1&psc=1">View Product</a></div><div class="product"><a href="https://www.amazon.com/dp/B0CZP2DRW1?tag=eloabder-20&linkCode=osi&th=1&psc=1"><img src="https://m.media-amazon.com/images/I/31CtLXOX-tL._SL500_.jpg" alt="Product Image"></a><p>Mass Air Flow Sensor MAF Fit for 2007-2009 Avalanche Yukon Tahoe Sierra Silverado Suburban 1500 2500 3500 Replace 2451149 MA198 7410146 5S8048 15900023</p><p> -5% 0FF </p><p>$40.99</p><a href="https://www.amazon.com/dp/B0CZP2DRW1?tag=eloabder-20&linkCode=osi&th=1&psc=1">View Product</a></div>
<div class="product"><a href="https://www.amazon.com/dp/B0002YXE7K?tag=eloabder-20&linkCode=osi&th=1&psc=1"><img src="https://m.media-amazon.com/images/I/41hV+B-cOEL._SL500_.jpg" alt="Product Image"></a><p>Titebond, 8 oz, 8 Fl Oz</p><p> -46% 0FF </p><p>$6.51 ($0.81 / Fl Oz)</p><a href="https://www.amazon.com/dp/B0002YXE7K?tag=eloabder-20&linkCode=osi&th=1&psc=1">View Product</a></div><div class="product"><a href="https://www.amazon.com/dp/B077Z6LF91?tag=eloabder-20&linkCode=osi&th=1&psc=1"><img src="https://m.media-amazon.com/images/I/41IeFkWcsyL._SL500_.jpg" alt="Product Image"></a><p>APERA INSTRUMENTS AI209-T Value Series PH20 pH Tester Combo Kit, including the Maintenance Set, and a CalPod Solution Holder for Easy Calibration</p><p> -25% 0FF </p><p>$79.13</p><a href="https://www.amazon.com/dp/B077Z6LF91?tag=eloabder-20&linkCode=osi&th=1&psc=1">View Product</a></div><div class="product"><a href="https://www.amazon.com/dp/B09JV7Y9SZ?tag=eloabder-20&linkCode=osi&th=1&psc=1"><img src="https://m.media-amazon.com/images/I/31TckTV+diL._SL500_.jpg" alt="Product Image"></a><p>Dental Code Rings Instrument 100pcs Dental Color Code Rings Non‚Äë Silicone Dental Color Code Rings Accessory Supplies(02)</p><p> -32% 0FF </p><p>$4.29 ($4.29 / Count)</p><a href="https://www.amazon.com/dp/B09JV7Y9SZ?tag=eloabder-20&linkCode=osi&th=1&psc=1">View Product</a></div>
<div class="product"><a href="https://www.amazon.com/dp/B01NASZ0UM?tag=eloabder-20&linkCode=osi&th=1&psc=1"><img src="https://m.media-amazon.com/images/I/31MgtNuzDdL._SL500_.jpg" alt="Product Image"></a><p>BN-LINK Wireless Remote Control Electrical Outlet Switch for Lights, Fans, Christmas Lights, Small Appliance, Long Range White (Learning Code, 3Rx-1Tx) 1200W/10A</p><p> -43% 0FF </p><p>$16.99</p><a href="https://www.amazon.com/dp/B01NASZ0UM?tag=eloabder-20&linkCode=osi&th=1&psc=1">View Product</a></div><div class="product"><a href="https://www.amazon.com/dp/B0CTH8XDKW?tag=eloabder-20&linkCode=osi&th=1&psc=1"><img src="https://m.media-amazon.com/images/I/31-PaaCxdfL._SL500_.jpg" alt="Product Image"></a><p>DEWENWILS Indoor Remote Control Outlet, Wireless Remote Outlets Switch, 200FT Range, Remote Light Switch for Lights, Fans, Christmas Lights, 15A/1800WÔºåFCC & ETL Listed (5 Outlets + 2 Remotes)</p><p> -19% 0FF </p><p>$23.39</p><a href="https://www.amazon.com/dp/B0CTH8XDKW?tag=eloabder-20&linkCode=osi&th=1&psc=1">View Product</a></div><div class="product"><a href="https://www.amazon.com/dp/B072F9DGRL?tag=eloabder-20&linkCode=osi&th=1&psc=1"><img src="https://m.media-amazon.com/images/I/417lNJFodCS._SL500_.jpg" alt="Product Image"></a><p>Fosmon WavePoint Wireless Remote Control Outdoor Electrical Outlet Switch Weatherproof Heavy Duty 3-Prong Plug-in ETL Listed (Battery Included) 1 Pack</p><p> -50% 0FF </p><p>$11.08</p><a href="https://www.amazon.com/dp/B072F9DGRL?tag=eloabder-20&linkCode=osi&th=1&psc=1">View Product</a></div><div class="product"><a href="https://www.amazon.com/dp/B09X2W2TRT?tag=eloabder-20&linkCode=osi&th=1&psc=1"><img src="https://m.media-amazon.com/images/I/31PoJZqeG-L._SL500_.jpg" alt="Product Image"></a><p>DEWENWILS Indoor Remote Control Outlet, Wireless Remote Light Switch, No Interference Remote Outlet Switch, No Wiring, 15A/1875W, 100ft RF Range, Compact Design, Programmable</p><p> -11% 0FF </p><p>$12.99</p><a href="https://www.amazon.com/dp/B09X2W2TRT?tag=eloabder-20&linkCode=osi&th=1&psc=1">View Product</a></div><div class="product"><a href="https://www.amazon.com/dp/B07CYKNDC2?tag=eloabder-20&linkCode=osi&th=1&psc=1"><img src="https://m.media-amazon.com/images/I/31Fu9a5ikOL._SL500_.jpg" alt="Product Image"></a><p>BN-LINK Mini Wireless Remote Control Outlet Switch Power Plug In for Household Appliances, Wireless Remote Light Switch, LED Light Bulbs, White (1 Remote + 3 Outlet) 1250W/10A</p><p> -11% 0FF </p><p>$15.99</p><a href="https://www.amazon.com/dp/B07CYKNDC2?tag=eloabder-20&linkCode=osi&th=1&psc=1">View Product</a></div>
<div class="product"><a href="https://www.amazon.com/dp/B01AKGRTUM?tag=eloabder-20&linkCode=osi&th=1&psc=1"><img src="https://m.media-amazon.com/images/I/41UKqiyvz6L._SL500_.jpg" alt="Product Image"></a><p>Oral-B Pro 1000 Rechargeable Electric Toothbrush, Black</p><p> -29% 0FF </p><p>$49.94</p><a href="https://www.amazon.com/dp/B01AKGRTUM?tag=eloabder-20&linkCode=osi&th=1&psc=1">View Product</a></div><div class="product"><a href="https://www.amazon.com/dp/B0D6Y9PJJ3?tag=eloabder-20&linkCode=osi&th=1&psc=1"><img src="https://m.media-amazon.com/images/I/31CUz26rR-L._SL500_.jpg" alt="Product Image"></a><p>3Pack Car Carplay Cable for iPhone 16 15 Pro Max 15 Plus Car Charger, USB to USB C Cable 3FT for Car Charger Adapter, Carplay USB C Cord Accessories Charging for iPad 10th Gen/iPad Pro Air 5th-White</p><p> -30% 0FF </p><p>$13.99</p><a href="https://www.amazon.com/dp/B0D6Y9PJJ3?tag=eloabder-20&linkCode=osi&th=1&psc=1">View Product</a></div><div class="product"><a href="https://www.amazon.com/dp/B07DFFYCXS?tag=eloabder-20&linkCode=osi&th=1&psc=1"><img src="https://m.media-amazon.com/images/I/41NIsYLJG1L._SL500_.jpg" alt="Product Image"></a><p>Digital Caliper, Adoric 0-6" Calipers Measuring Tool - Electronic Micrometer Caliper with Large LCD Screen, Auto-Off Feature, Inch and Millimeter Conversion</p><p> -42% 0FF </p><p>$6.99</p><a href="https://www.amazon.com/dp/B07DFFYCXS?tag=eloabder-20&linkCode=osi&th=1&psc=1">View Product</a></div><div class="product"><a href="https://www.amazon.com/dp/B0CR3S4Y5V?tag=eloabder-20&linkCode=osi&th=1&psc=1"><img src="https://m.media-amazon.com/images/I/417gCCQxz9L._SL500_.jpg" alt="Product Image"></a><p>iPhone Charger 3Pack 10FT Apple MFi Certified Lightning Cable Fast Charging iPhone Charger Cord Compatible with iPhone 14 13 12 11 Pro Max XR XS X 8 7 6 Plus SE and More - Colorful</p><p> -64% 0FF </p><p>$9.99</p><a href="https://www.amazon.com/dp/B0CR3S4Y5V?tag=eloabder-20&linkCode=osi&th=1&psc=1">View Product</a></div><div class="product"><a href="https://www.amazon.com/dp/B0DBHTZ6CD?tag=eloabder-20&linkCode=osi&th=1&psc=1"><img src="https://m.media-amazon.com/images/I/41-NMv8UKZL._SL500_.jpg" alt="Product Image"></a><p>iPhone Charger 3pack 10FT Apple MFi Certified Long Lightning Cable Fast Charging Nylon Braided USB Charging Cable High Speed Transfer Cord for iPhone 14 13/12/11 Pro Max/XS MAX/XR/XS/X/8/7/Plus/6S</p><p> -30% 0FF </p><p>$6.99</p><a href="https://www.amazon.com/dp/B0DBHTZ6CD?tag=eloabder-20&linkCode=osi&th=1&psc=1">View Product</a></div>
<div class="product"><a href="https://www.amazon.com/dp/B09YSJQWRG?tag=eloabder-20&linkCode=osi&th=1&psc=1"><img src="https://m.media-amazon.com/images/I/413B1lBD-hL._SL500_.jpg" alt="Product Image"></a><p>Jesverty DC Power Supply Variable, 0-30V 0-10A Adjustable Switching DC Regulated Bench Power Supply with High Precision 4-Digit LED Display, 5V/2A USB Port, Coarse and Fine Adjustment SPS-3010</p><p> -9% 0FF </p><p>$59.99</p><a href="https://www.amazon.com/dp/B09YSJQWRG?tag=eloabder-20&linkCode=osi&th=1&psc=1">View Product</a></div><div class="product"><a href="https://www.amazon.com/dp/B0C17NLZNH?tag=eloabder-20&linkCode=osi&th=1&psc=1"><img src="https://m.media-amazon.com/images/I/41zjhhWu9lL._SL500_.jpg" alt="Product Image"></a><p>DC Power Supply Variable, 32V 10A Bench Power Supply with Encoder Knob, 4-Digits Display, Adjustable Regulated lab Power Supply with 5V 3.6A USB & Type-C Quick-Charge, Output Switch</p><p> -30% 0FF </p><p>$59.99</p><a href="https://www.amazon.com/dp/B0C17NLZNH?tag=eloabder-20&linkCode=osi&th=1&psc=1">View Product</a></div><div class="product"><a href="https://www.amazon.com/dp/B09BFCF13Y?tag=eloabder-20&linkCode=osi&th=1&psc=1"><img src="https://m.media-amazon.com/images/I/51J2ypqHaML._SL500_.jpg" alt="Product Image"></a><p>DC Power Supply Variable, Bench Power Supply with Encoder Adjustment Knob, Output Enable/Disable Button, Adjustable Power Supply with USB Quick-Charge, Short Circuit Alam (30V 10A Black)</p><p> -43% 0FF </p><p>$39.99</p><a href="https://www.amazon.com/dp/B09BFCF13Y?tag=eloabder-20&linkCode=osi&th=1&psc=1">View Product</a></div><div class="product"><a href="https://www.amazon.com/dp/B0CLY9B5XL?tag=eloabder-20&linkCode=osi&th=1&psc=1"><img src="https://m.media-amazon.com/images/I/41Z-aOJT4pL._SL500_.jpg" alt="Product Image"></a><p>Jesverty DC Power Supply Variable, 0-30V 0-10A Adjustable Switching DC Regulated Bench Power Supply with 20W USB & Type-C Quick-Charge, Encoder Knob, 4-Digit LED Display, Preset Memory - SPS-3010X</p><p> -39% 0FF </p><p>$39.99</p><a href="https://www.amazon.com/dp/B0CLY9B5XL?tag=eloabder-20&linkCode=osi&th=1&psc=1">View Product</a></div><div class="product"><a href="https://www.amazon.com/dp/B00R5CI1W0?tag=eloabder-20&linkCode=osi&th=1&psc=1"><img src="https://m.media-amazon.com/images/I/41ffWbR+GVL._SL500_.jpg" alt="Product Image"></a><p>MEAN WELL NDR-120-24 Single Output Industrial DIN Rail Power Supply, 24 Volts 5 Amps 120 Watts</p><p> -19% 0FF </p><p>$27.00</p><a href="https://www.amazon.com/dp/B00R5CI1W0?tag=eloabder-20&linkCode=osi&th=1&psc=1">View Product</a></div><div class="product"><a href="https://www.amazon.com/dp/B07512KQDW?tag=eloabder-20&linkCode=osi&th=1&psc=1"><img src="https://m.media-amazon.com/images/I/41Z+0wP-6xL._SL500_.jpg" alt="Product Image"></a><p>DC Power Supply Variable,0-30 V / 0-10 A LW-K3010D Adjustable Switching Regulated Power Supply Digital,with Alligator Leads US Power Cord Used for Spectrophotometer and lab Equipment Repair</p><p> -9% 0FF </p><p>$38.99</p><a href="https://www.amazon.com/dp/B07512KQDW?tag=eloabder-20&linkCode=osi&th=1&psc=1">View Product</a></div><div class="product"><a href="https://www.amazon.com/dp/B0CGX39NMK?tag=eloabder-20&linkCode=osi&th=1&psc=1"><img src="https://m.media-amazon.com/images/I/41IyjEYE7iL._SL500_.jpg" alt="Product Image"></a><p>Abestop AT6301 DC Power Supply Variable, 60V/10A/300W Adjustable Bench Power Supply with 10mV / 1mA High Resolution 4-Digits 2.8 inch LCD Display, 5V/1A USB Output</p><p> -11% 0FF </p><p>$129.99</p><a href="https://www.amazon.com/dp/B0CGX39NMK?tag=eloabder-20&linkCode=osi&th=1&psc=1">View Product</a></div>
<div class="product"><a href="https://www.amazon.com/dp/B0BD772SK3?tag=eloabder-20&linkCode=osi&th=1&psc=1"><img src="https://m.media-amazon.com/images/I/516CGhpMaUL._SL500_.jpg" alt="Product Image"></a><p>LED Garage Lights Bulb 2 Pack 180W 18000LM 6500K Led Shop Light with 6 Plus 1 Deformable Panels Basement Barn Ceiling Lights E26 and E27</p><p> -13% 0FF </p><p>$25.99 ($13.00 / Count)</p><a href="https://www.amazon.com/dp/B0BD772SK3?tag=eloabder-20&linkCode=osi&th=1&psc=1">View Product</a></div><div class="product"><a href="https://www.amazon.com/dp/B087JDFH4K?tag=eloabder-20&linkCode=osi&th=1&psc=1"><img src="https://m.media-amazon.com/images/I/310SxRkxkfL._SL500_.jpg" alt="Product Image"></a><p>Amico 6 Pack 6 Inch 5CCT Ultra-Thin LED Recessed Ceiling Light with Junction Box, 2700K/3000K/3500K/4000K/5000K Selectable, 12W Eqv 110W 1050LM Brightness Dimmable Canless Wafer Downlight, ETL & FCC</p><p> -29% 0FF </p><p>$49.99 ($8.33 / Count)</p><a href="https://www.amazon.com/dp/B087JDFH4K?tag=eloabder-20&linkCode=osi&th=1&psc=1">View Product</a></div><div class="product"><a href="https://www.amazon.com/dp/B0BZJ9MTST?tag=eloabder-20&linkCode=osi&th=1&psc=1"><img src="https://m.media-amazon.com/images/I/41nTB2ouhZL._SL500_.jpg" alt="Product Image"></a><p>Amico 36 Pack 6 Inch 5CCT Ultra-Thin LED Recessed Ceiling Light with Junction Box, 2700K/3000K/3500K/4000K/5000K Selectable, 12W Eqv 110W, Dimmable Can-Killer Downlight, 1050LM Brightness - ETL&FCC</p><p> -22% 0FF </p><p>$179.99 ($5.00 / Count)</p><a href="https://www.amazon.com/dp/B0BZJ9MTST?tag=eloabder-20&linkCode=osi&th=1&psc=1">View Product</a></div><div class="product"><a href="https://www.amazon.com/dp/B0B8MJV3HN?tag=eloabder-20&linkCode=osi&th=1&psc=1"><img src="https://m.media-amazon.com/images/I/51J2PJDbNgL._SL500_.jpg" alt="Product Image"></a><p>Ensenior 24 Pack 6 Inch LED Recessed Ceiling Light, Dimmable, 2700K-5000K 5CCT, 1050LM 12W 120V, High Brightness Canless Wafer Downlight - ETL&FCC&IC</p><p> -14% 0FF </p><p>$162.48 ($6.77 / Count)</p><a href="https://www.amazon.com/dp/B0B8MJV3HN?tag=eloabder-20&linkCode=osi&th=1&psc=1">View Product</a></div><div class="product"><a href="https://www.amazon.com/dp/B09QHSY5CP?tag=eloabder-20&linkCode=osi&th=1&psc=1"><img src="https://m.media-amazon.com/images/I/514QSD+bYiL._SL500_.jpg" alt="Product Image"></a><p>2 Pack LED Garage Light, 200W 20000LM 6500K LED Shop Lights, Garage Lights Ceiling Led with 6+1 Deformable Panels, Screw in E26/E27 Socket Bulb for Warehouse, Workshop, Basement, Barn, Garage Lighting</p><p> -18% 0FF </p><p>$26.99 ($13.50 / Count)</p><a href="https://www.amazon.com/dp/B09QHSY5CP?tag=eloabder-20&linkCode=osi&th=1&psc=1">View Product</a></div><div class="product"><a href="https://www.amazon.com/dp/B085SZQCL7?tag=eloabder-20&linkCode=osi&th=1&psc=1"><img src="https://m.media-amazon.com/images/I/41is51nuuHL._SL500_.jpg" alt="Product Image"></a><p>6 Pack 4FT Linkable LED Shop Light, Utility Shop Light Fixture, 4400lm, 42W [250W Equivalent], 5000K Daylight Shop Lights for Garage, Hanging or Surface Mount, with Power Cord, ETL, Black</p><p> -29% 0FF </p><p>$49.69 ($24.84 / Count)</p><a href="https://www.amazon.com/dp/B085SZQCL7?tag=eloabder-20&linkCode=osi&th=1&psc=1">View Product</a></div>
<div class="product"><a href="https://www.amazon.com/dp/B00075M1T6?tag=eloabder-20&linkCode=osi&th=1&psc=1"><img src="https://m.media-amazon.com/images/I/31Qodi9u+XL._SL500_.jpg" alt="Product Image"></a><p>Sunbeam¬Æ Heating Pad Standard Size</p><p> -28% 0FF </p><p>$17.99</p><a href="https://www.amazon.com/dp/B00075M1T6?tag=eloabder-20&linkCode=osi&th=1&psc=1">View Product</a></div><div class="product"><a href="https://www.amazon.com/dp/B08MV3Z3GK?tag=eloabder-20&linkCode=osi&th=1&psc=1"><img src="https://m.media-amazon.com/images/I/51D3Ss7U1DL._SL500_.jpg" alt="Product Image"></a><p>GENIANI King Size Heating Pad for Back Pain & Cramps Relief, FSA HSA Eligible, Auto Shut Off, Machine Washable, Moist Heat Pad for Neck & Shoulder, Knee, Leg, Heat Patches 12'‚Äò√ó24‚Äô‚Äô(Aqua Blue)</p><p> -38% 0FF </p><p>$24.97</p><a href="https://www.amazon.com/dp/B08MV3Z3GK?tag=eloabder-20&linkCode=osi&th=1&psc=1">View Product</a></div><div class="product"><a href="https://www.amazon.com/dp/B0B3MBQC57?tag=eloabder-20&linkCode=osi&th=1&psc=1"><img src="https://m.media-amazon.com/images/I/51nlW3dSxQL._SL500_.jpg" alt="Product Image"></a><p>Heating Pad for Back Pain Relief, Extra Large 33 x 17, Portable Heating Pad for Shoulder, Neck, Cramp, Menstrual Pain, with Upgraded 6 Timer & 6 Temperature Controller</p><p> -56% 0FF </p><p>$39.99 ($1.28 / Ounce)</p><a href="https://www.amazon.com/dp/B0B3MBQC57?tag=eloabder-20&linkCode=osi&th=1&psc=1">View Product</a></div><div class="product"><a href="https://www.amazon.com/dp/B00LX5CR0M?tag=eloabder-20&linkCode=osi&th=1&psc=1"><img src="https://m.media-amazon.com/images/I/51OIEWerJUL._SL500_.jpg" alt="Product Image"></a><p>Sunbeam Heating Pad for Neck & Shoulder Pain Relief, XL Renue, 4 Heat Settings with Auto-Off, Blue, 25-Inch x 25-Inch, Sapphire</p><p> -8% 0FF </p><p>$59.99</p><a href="https://www.amazon.com/dp/B00LX5CR0M?tag=eloabder-20&linkCode=osi&th=1&psc=1">View Product</a></div>
<div class="product"><a href="https://www.amazon.com/dp/B00L2LTYDK?tag=eloabder-20&linkCode=osi&th=1&psc=1"><img src="https://m.media-amazon.com/images/I/418TOAEPGxL._SL500_.jpg" alt="Product Image"></a><p>Ergodyne Chill Its 6602 Cooling Towel, Long Lasting Cooling Relief, Gray 29.50" x 13.00"</p><p> -88% 0FF </p><p>$6.23</p><a href="https://www.amazon.com/dp/B00L2LTYDK?tag=eloabder-20&linkCode=osi&th=1&psc=1">View Product</a></div><div class="product"><a href="https://www.amazon.com/dp/B08SHJ47JL?tag=eloabder-20&linkCode=osi&th=1&psc=1"><img src="https://m.media-amazon.com/images/I/41wR--y8NxL._SL500_.jpg" alt="Product Image"></a><p>Arctic Air Freedom Personal Air Cooler - Portable 3-Speed Neck Fan, Hands-Free Wearable Design, Lightweight, Cordless And Rechargeable</p><p> -34% 0FF </p><p>$19.65</p><a href="https://www.amazon.com/dp/B08SHJ47JL?tag=eloabder-20&linkCode=osi&th=1&psc=1">View Product</a></div><div class="product"><a href="https://www.amazon.com/dp/B003FO2B5U?tag=eloabder-20&linkCode=osi&th=1&psc=1"><img src="https://m.media-amazon.com/images/I/41fgkBDrkxL._SL500_.jpg" alt="Product Image"></a><p>Cool Coolers by Fit + Fresh, 4 Pack Slim Ice Packs, Space Saving Reusable Ice Packs for Lunch Boxes or Coolers, Blue, Single Pack</p><p> -6% 0FF </p><p>$9.44</p><a href="https://www.amazon.com/dp/B003FO2B5U?tag=eloabder-20&linkCode=osi&th=1&psc=1">View Product</a></div><div class="product"><a href="https://www.amazon.com/dp/B008A6M34C?tag=eloabder-20&linkCode=osi&th=1&psc=1"><img src="https://m.media-amazon.com/images/I/41ytzrZrLcL._SL500_.jpg" alt="Product Image"></a><p>FlexiKold Gel Soft Flexible Ice Packs for Injuries - Reusable Freezer Cold Pack, Cold Compress & Cooling Gel Pad for Face, Shoulder, Hip, Leg, Arm, Ankle & Foot Injury - Medium - 7.5‚Äù x 11.5‚Äù</p><p> -56% 0FF </p><p>$10.99 ($10.99 / Count)</p><a href="https://www.amazon.com/dp/B008A6M34C?tag=eloabder-20&linkCode=osi&th=1&psc=1">View Product</a></div><div class="product"><a href="https://www.amazon.com/dp/B00GAU74IK?tag=eloabder-20&linkCode=osi&th=1&psc=1"><img src="https://m.media-amazon.com/images/I/41n1pSkwTeL._SL500_.jpg" alt="Product Image"></a><p>BEKOOOL Soft Gel Sheets for Kids for Cooling Relief from Fever discomfort | 4 Count</p><p> -33% 0FF </p><p>$3.99 ($1.00 / Count)</p><a href="https://www.amazon.com/dp/B00GAU74IK?tag=eloabder-20&linkCode=osi&th=1&psc=1">View Product</a></div><div class="product"><a href="https://www.amazon.com/dp/B0CMJMB9J2?tag=eloabder-20&linkCode=osi&th=1&psc=1"><img src="https://m.media-amazon.com/images/I/41t6as6YB8L._SL500_.jpg" alt="Product Image"></a><p>TheraICE Shoulder Ice Pack Wrap/Reusable Ice Pack for Rotator Cuff & Shoulder Pain Relief Cold Therapy Compression/FocusZone Technology with Extra Cooling Support for Targeted Pain Relief</p><p> -33% 0FF </p><p>$39.95 ($39.95 / Count)</p><a href="https://www.amazon.com/dp/B0CMJMB9J2?tag=eloabder-20&linkCode=osi&th=1&psc=1">View Product</a></div>
<div class="product"><a href="https://www.amazon.com/dp/B07SHB2WF9?tag=eloabder-20&linkCode=osi&th=1&psc=1"><img src="https://m.media-amazon.com/images/I/51jQaLCBOvL._SL500_.jpg" alt="Product Image"></a><p>VIVOSUN 4 Inch 190 CFM Inline Fan with Speed Controller, 4 Inch Carbon Filter and 8 Feet of Ducting, Temperature Humidity Monitor for Grow Tent Ventilation</p><p> -16% 0FF </p><p>$129.99</p><a href="https://www.amazon.com/dp/B07SHB2WF9?tag=eloabder-20&linkCode=osi&th=1&psc=1">View Product</a></div><div class="product"><a href="https://www.amazon.com/dp/B01C82SYZ0?tag=eloabder-20&linkCode=osi&th=1&psc=1"><img src="https://m.media-amazon.com/images/I/412vSql4EpL._SL500_.jpg" alt="Product Image"></a><p>VIVOSUN 4 Inch Inline Duct Fan 100 CFM, HVAC Exhaust Ventilation Fan with Low Noise for Basements, Bathrooms, Kitchens and Attics, Silver</p><p> -8% 0FF </p><p>$22.99</p><a href="https://www.amazon.com/dp/B01C82SYZ0?tag=eloabder-20&linkCode=osi&th=1&psc=1">View Product</a></div><div class="product"><a href="https://www.amazon.com/dp/B0D2P8ZHLD?tag=eloabder-20&linkCode=osi&th=1&psc=1"><img src="https://m.media-amazon.com/images/I/41Y+uClljFL._SL500_.jpg" alt="Product Image"></a><p>Multifunctional 3D Printer Enclosure w/Adjustable Ventilation Kit Eliminate Odors Tent Cover Compatible with Anycubic Photon Mono, Elegoo Saturn/Mars 3/4 & Creality Halot Series Resin 3D Printer</p><p> -6% 0FF </p><p>$65.88</p><a href="https://www.amazon.com/dp/B0D2P8ZHLD?tag=eloabder-20&linkCode=osi&th=1&psc=1">View Product</a></div><div class="product"><a href="https://www.amazon.com/dp/B0CS6K1TM4?tag=eloabder-20&linkCode=osi&th=1&psc=1"><img src="https://m.media-amazon.com/images/I/51Xfkoo1eTL._SL500_.jpg" alt="Product Image"></a><p>HOCENWAY Upgrade 3-Layers Filter System Smoke Exhaust Kit with 5000RPM Fan and Speed Control Power Adapter for All Laser Engraver 3D Printer Enclosure Tent Cover DIY (Ventilation Kit)</p><p> -8% 0FF </p><p>$27.48</p><a href="https://www.amazon.com/dp/B0CS6K1TM4?tag=eloabder-20&linkCode=osi&th=1&psc=1">View Product</a></div>
<div class="product"><a href="https://www.amazon.com/dp/B086QNLBB4?tag=eloabder-20&linkCode=osi&th=1&psc=1"><img src="https://m.media-amazon.com/images/I/41qiFymeklL._SL500_.jpg" alt="Product Image"></a><p>Waterdrop Gravity Water Filter Straw, Camping Water Filtration System, Water Purifier Survival for Travel, Backpacking and Emergency Preparedness, 1.5 gal Bag, 0.1 Micron, 5 Stage Filtration</p><p> -7% 0FF </p><p>$39.99</p><a href="https://www.amazon.com/dp/B086QNLBB4?tag=eloabder-20&linkCode=osi&th=1&psc=1">View Product</a></div><div class="product"><a href="https://www.amazon.com/dp/B0BBQNZK7Y?tag=eloabder-20&linkCode=osi&th=1&psc=1"><img src="https://m.media-amazon.com/images/I/41uwbKvNw5L._SL500_.jpg" alt="Product Image"></a><p>SimPure V7 Under Sink Water Filter, 5-Stage Stainless Steel Water Filtration System Direct Connect to Kitchen Faucet, Reduces 99% Lead, Chlorine, Bad Taste, 20K Gallons (No Drilling Required)</p><p> -18% 0FF </p><p>$65.99 ($30.00 / kg)</p><a href="https://www.amazon.com/dp/B0BBQNZK7Y?tag=eloabder-20&linkCode=osi&th=1&psc=1">View Product</a></div><div class="product"><a href="https://www.amazon.com/dp/B07CHXVRS5?tag=eloabder-20&linkCode=osi&th=1&psc=1"><img src="https://m.media-amazon.com/images/I/41KdIPuSgRL._SL500_.jpg" alt="Product Image"></a><p>iSpring US31 Classic 3-Stage Under Sink Water Filtration System for Drinking, Tankless, High Capacity, Sediment + Carbon + Carbon (Newest Version)</p><p> -26% 0FF </p><p>$101.16</p><a href="https://www.amazon.com/dp/B07CHXVRS5?tag=eloabder-20&linkCode=osi&th=1&psc=1">View Product</a></div><div class="product"><a href="https://www.amazon.com/dp/B00QFXGSIY?tag=eloabder-20&linkCode=osi&th=1&psc=1"><img src="https://m.media-amazon.com/images/I/31c5SLHf3GL._SL500_.jpg" alt="Product Image"></a><p>Survivor Filter PRO - Hand Pump Camping Water Filtration System Survival - Water Purifier Survival</p><p> -20% 0FF </p><p>$55.96</p><a href="https://www.amazon.com/dp/B00QFXGSIY?tag=eloabder-20&linkCode=osi&th=1&psc=1">View Product</a></div>
<div class="product"><a href="https://www.amazon.com/dp/B0D8NXKXBK?tag=eloabder-20&linkCode=osi&th=1&psc=1"><img src="https://m.media-amazon.com/images/I/31sV17bo3CL._SL500_.jpg" alt="Product Image"></a><p>Pro Electric Water Purifier Survival w/Hand Pump, Portable Water Filter Camping Backpacking Hiking Outdoor Travel Emergency, Water Filtration System Survival, Water Purification Tablets Alternative</p><p> -20% 0FF </p><p>$79.99</p><a href="https://www.amazon.com/dp/B0D8NXKXBK?tag=eloabder-20&linkCode=osi&th=1&psc=1">View Product</a></div><div class="product"><a href="https://www.amazon.com/dp/B07PZBY7RL?tag=eloabder-20&linkCode=osi&th=1&psc=1"><img src="https://m.media-amazon.com/images/I/41YJFTk3wDL._SL500_.jpg" alt="Product Image"></a><p>Invigorated Water Alkaline Water Purification Unit, White, Plastic, pH001 Filter Included, Convenient Anti-Slip Design</p><p> -36% 0FF </p><p>$50.00</p><a href="https://www.amazon.com/dp/B07PZBY7RL?tag=eloabder-20&linkCode=osi&th=1&psc=1">View Product</a></div>
<div class="product"><a href="https://www.amazon.com/dp/B0CJ1B6D6S?tag=eloabder-20&linkCode=osi&th=1&psc=1"><img src="https://m.media-amazon.com/images/I/41Upf8lJ6ML._SL500_.jpg" alt="Product Image"></a><p>Scrub Daddy Scrub Mommy Sponges - Dish Scrubber + Non-Scratch Cleaning Sponges Kitchen, Bathroom + Multi-Surface Safe - Dual-Sided Dish Sponges for Scrubbing - Online Exclusive (3 Count)</p><p> -7% 0FF </p><p>$13.00 ($4.33 / Count)</p><a href="https://www.amazon.com/dp/B0CJ1B6D6S?tag=eloabder-20&linkCode=osi&th=1&psc=1">View Product</a></div><div class="product"><a href="https://www.amazon.com/dp/B07HF1GTYN?tag=eloabder-20&linkCode=osi&th=1&psc=1"><img src="https://m.media-amazon.com/images/I/61pFb41tDhL._SL500_.jpg" alt="Product Image"></a><p>Tamicy Mop Slippers Shoes 5 Pairs (10 Pieces) - Microfiber Cleaning House Mop Slippers Floor Cleaning Tools Shoe Cover Soft Washable Reusable Microfiber Foot Socks Floor Cleaning Tools Shoe Cover</p><p> -58% 0FF </p><p>$9.98 ($2.00 / Count)</p><a href="https://www.amazon.com/dp/B07HF1GTYN?tag=eloabder-20&linkCode=osi&th=1&psc=1">View Product</a></div><div class="product"><a href="https://www.amazon.com/dp/B07F268WY8?tag=eloabder-20&linkCode=osi&th=1&psc=1"><img src="https://m.media-amazon.com/images/I/51hKjGZILAL._SL500_.jpg" alt="Product Image"></a><p>Holikme 2 Pack Dryer Vent Cleaner Kit Clothes Dryer Lint Brush Vent Trap Cleaner Home Essentials Long Flexible Vacuum Brush</p><p> -50% 0FF </p><p>$7.99 ($4.00 / Count)</p><a href="https://www.amazon.com/dp/B07F268WY8?tag=eloabder-20&linkCode=osi&th=1&psc=1">View Product</a></div>


<div class="product"><a href="https://www.amazon.com/dp/B06XJ17JVD?tag=eloabder-20&linkCode=osi&th=1&psc=1"><img src="https://m.media-amazon.com/images/I/51OoCqwxbrL._SL500_.jpg" alt="Product Image"></a><p>Rust-Oleum 293513 Rocksolid Polycuramine Garage Oil Floor Coating, 2.5 Car Kit, Gray, 180 Fl Oz (Pack of 1)</p><p> -35% 0FF </p><p>$240.00 ($1.33 / Fl Oz)</p><a href="https://www.amazon.com/dp/B06XJ17JVD?tag=eloabder-20&linkCode=osi&th=1&psc=1">View Product</a></div><div class="product"><a href="https://www.amazon.com/dp/B099SFV2MB?tag=eloabder-20&linkCode=osi&th=1&psc=1"><img src="https://m.media-amazon.com/images/I/41SuYdUgtXL._SL500_.jpg" alt="Product Image"></a><p>Adam's Polishes Advanced Graphene Ceramic Coating - 10H Graphene Coating for Auto Detailing, 9+ Years of Car Protection & Patented UV Technology, Apply After Car Wash & Paint Correction</p><p> -15% 0FF </p><p>$138.54</p><a href="https://www.amazon.com/dp/B099SFV2MB?tag=eloabder-20&linkCode=osi&th=1&psc=1">View Product</a></div><div class="product"><a href="https://www.amazon.com/dp/B07B8RY7M6?tag=eloabder-20&linkCode=osi&th=1&psc=1"><img src="https://m.media-amazon.com/images/I/31G91iuk9RL._SL500_.jpg" alt="Product Image"></a><p>MG Chemicals - 419D-55ML 419D Premium Acrylic Conformal Coating, 55 mL Bottle, IPC 830, UL 94V-0 (File # E203094), Clear, 1.86 Fl Oz (Pack of 1)</p><p> -17% 0FF </p><p>$15.95 ($8.62 / Fl Oz)</p><a href="https://www.amazon.com/dp/B07B8RY7M6?tag=eloabder-20&linkCode=osi&th=1&psc=1">View Product</a></div>
<div class="product"><a href="https://www.amazon.com/dp/B005E9KJYE?tag=eloabder-20&linkCode=osi&th=1&psc=1"><img src="https://m.media-amazon.com/images/I/517PNa1vQiL._SL500_.jpg" alt="Product Image"></a><p>Colorations - SWT16 Simply Washable Tempera Paints, 16 fl oz, Set of 11 Colors, Non Toxic, Vibrant, Bold, Kids Paint, Craft, Hobby, Arts & Crafts, Fun, Art Supplies</p><p> -15% 0FF </p><p>$45.89 ($0.26 / Fl Oz)</p><a href="https://www.amazon.com/dp/B005E9KJYE?tag=eloabder-20&linkCode=osi&th=1&psc=1">View Product</a></div><div class="product"><a href="https://www.amazon.com/dp/B01HZP45BM?tag=eloabder-20&linkCode=osi&th=1&psc=1"><img src="https://m.media-amazon.com/images/I/51qsgeT-koL._SL500_.jpg" alt="Product Image"></a><p>Colorations Washable Tempera Paint, Set of 6 Colors, 8oz Each, Non Toxic Paint, Vibrant Paint, Craft Paint Children, Art Supplies, Homeschool, Home School Use</p><p> -15% 0FF </p><p>$16.99 ($0.35 / Fl Oz)</p><a href="https://www.amazon.com/dp/B01HZP45BM?tag=eloabder-20&linkCode=osi&th=1&psc=1">View Product</a></div><div class="product"><a href="https://www.amazon.com/dp/B01HZP4IFA?tag=eloabder-20&linkCode=osi&th=1&psc=1"><img src="https://m.media-amazon.com/images/I/41tdzr9-azL._SL500_.jpg" alt="Product Image"></a><p>Colorations - LWPACK Liquid Watercolor Paint, 4 fl oz, Set of 6, Non-Toxic, Painting, Kids, Craft, Hobby, Fun, Water Color, Posters, Cool Effects, Versatile, Gift</p><p> -10% 0FF </p><p>$18.89 ($0.79 / Fl Oz)</p><a href="https://www.amazon.com/dp/B01HZP4IFA?tag=eloabder-20&linkCode=osi&th=1&psc=1">View Product</a></div><div class="product"><a href="https://www.amazon.com/dp/B000PIK1YC?tag=eloabder-20&linkCode=osi&th=1&psc=1"><img src="https://m.media-amazon.com/images/I/31-jP8tO9yL._SL500_.jpg" alt="Product Image"></a><p>Rust-Oleum 7579838 Professional High Performance Enamel Spray Paint, 15 Oz, Gloss Black</p><p> -9% 0FF </p><p>$9.98 ($0.67 / Ounce)</p><a href="https://www.amazon.com/dp/B000PIK1YC?tag=eloabder-20&linkCode=osi&th=1&psc=1">View Product</a></div>


<div class="product"><a href="https://www.amazon.com/dp/B002SG7PPC?tag=eloabder-20&linkCode=osi&th=1&psc=1"><img src="https://m.media-amazon.com/images/I/31YVD0b4-1L._SL500_.jpg" alt="Product Image"></a><p>Mitutoyo 050101, Edge Finder, 3/8" Dia. Shank, .200" Dia. Tip</p><p> -21% 0FF </p><p>$16.55</p><a href="https://www.amazon.com/dp/B002SG7PPC?tag=eloabder-20&linkCode=osi&th=1&psc=1">View Product</a></div><div class="product"><a href="https://www.amazon.com/dp/1259827445?tag=eloabder-20&linkCode=osi&th=1&psc=1"><img src="https://m.media-amazon.com/images/I/41+0n7UFhrL._SL500_.jpg" alt="Product Image"></a><p>Machining and CNC Technology</p><p> -42% 0FF </p><p>$199.97</p><a href="https://www.amazon.com/dp/1259827445?tag=eloabder-20&linkCode=osi&th=1&psc=1">View Product</a></div><div class="product"><a href="https://www.amazon.com/dp/B07RM1D6WD?tag=eloabder-20&linkCode=osi&th=1&psc=1"><img src="https://m.media-amazon.com/images/I/41WW3tVXkmL._SL500_.jpg" alt="Product Image"></a><p>AFA Tooling - Deburring Tool with 11 High Speed Steel Swivel Blades - Works on Metal, Resin, PVC Pipes, Copper, Plastic and 3D Printed Edges - Plumbing & 3D Printing Burr Removal Reamer Tool</p><p> -20% 0FF </p><p>$15.95 ($9.11 / 100 g)</p><a href="https://www.amazon.com/dp/B07RM1D6WD?tag=eloabder-20&linkCode=osi&th=1&psc=1">View Product</a></div>
<div class="product"><a href="https://www.amazon.com/dp/B08VHYX96W?tag=eloabder-20&linkCode=osi&th=1&psc=1"><img src="https://m.media-amazon.com/images/I/518vzX0FwcL._SL500_.jpg" alt="Product Image"></a><p>HARDELL Mini Cordless Rotary Tool Kit, 5-Speed and USB Charging with 61 Accessories, Multi-Purpose 3.7V Power Rotary Tool for Sanding, Polishing, Drilling, Etching, Engraving, DIY Crafts</p><p> -17% 0FF </p><p>$24.99</p><a href="https://www.amazon.com/dp/B08VHYX96W?tag=eloabder-20&linkCode=osi&th=1&psc=1">View Product</a></div><div class="product"><a href="https://www.amazon.com/dp/B093229VY9?tag=eloabder-20&linkCode=osi&th=1&psc=1"><img src="https://m.media-amazon.com/images/I/51Wby41ESCL._SL500_.jpg" alt="Product Image"></a><p>KATA 4-PACK Folding Utility Knife, Heavy Duty Box Cutter with 20pcs SK5 Quick Change Blades, Safety Lock Back Design, Used for Cutting Cartons, Cardboards and Boxes</p><p> -23% 0FF </p><p>$9.99 ($2.50 / Count)</p><a href="https://www.amazon.com/dp/B093229VY9?tag=eloabder-20&linkCode=osi&th=1&psc=1">View Product</a></div><div class="product"><a href="https://www.amazon.com/dp/B09QXBC6XL?tag=eloabder-20&linkCode=osi&th=1&psc=1"><img src="https://m.media-amazon.com/images/I/41JcpPv9cXL._SL500_.jpg" alt="Product Image"></a><p>180W Rotary Tool Kit, 1.5-Amp PHALANX 6 Variable Speed with Flex Shaft, 8000-32000RPM Multi-Tool& 139pcs Accessories Kit, Power Multiuse Set Prefect for Crafting Projects and DIY Creations‚Ä¶</p><p> -23% 0FF </p><p>$39.99</p><a href="https://www.amazon.com/dp/B09QXBC6XL?tag=eloabder-20&linkCode=osi&th=1&psc=1">View Product</a></div><div class="product"><a href="https://www.amazon.com/dp/B07GR7QF63?tag=eloabder-20&linkCode=osi&th=1&psc=1"><img src="https://m.media-amazon.com/images/I/319qwqAeKXL._SL500_.jpg" alt="Product Image"></a><p>IGAN-170 Wire Cutters, Precision Electronics Flush Cutter, One of the Strongest and Sharpest Side Cutting pliers with an Opening Spring, Ideal for Ultra-fine Cutting Needs.</p><p> -24% 0FF </p><p>$6.97</p><a href="https://www.amazon.com/dp/B07GR7QF63?tag=eloabder-20&linkCode=osi&th=1&psc=1">View Product</a></div>

<div class="product"><a href="https://www.amazon.com/dp/B01LRVX4AS?tag=eloabder-20&linkCode=osi&th=1&psc=1"><img src="https://m.media-amazon.com/images/I/41eRX8GkL8L._SL500_.jpg" alt="Product Image"></a><p>JKSafety 9 Pockets Class 2 High Visibility Zipper Front Safety Vest With Reflective Strips,Meets ANSI/ISEA Standard (Large, 150-Yellow)</p><p> -10% 0FF </p><p>$8.99</p><a href="https://www.amazon.com/dp/B01LRVX4AS?tag=eloabder-20&linkCode=osi&th=1&psc=1">View Product</a></div><div class="product"><a href="https://www.amazon.com/dp/B01LDPHX7S?tag=eloabder-20&linkCode=osi&th=1&psc=1"><img src="https://m.media-amazon.com/images/I/41pcC4hFanL._SL500_.jpg" alt="Product Image"></a><p>Ergodyne GloWear 8377 Type R Class 3 Lime Quilted Bomber Jacket, High Visibility Reflective Insulation, X-Large</p><p> -17% 0FF </p><p>$34.99</p><a href="https://www.amazon.com/dp/B01LDPHX7S?tag=eloabder-20&linkCode=osi&th=1&psc=1">View Product</a></div><div class="product"><a href="https://www.amazon.com/dp/B0CRV7G3WW?tag=eloabder-20&linkCode=osi&th=1&psc=1"><img src="https://m.media-amazon.com/images/I/41KOsJq8HTL._SL500_.jpg" alt="Product Image"></a><p>Bilymate LED Reflective Vest Running Gear,High Visibility with usb Rechargeable Light Up safety Vest for Walking Running Cycling,Adjustable for Men Women Kids Flourence Green</p><p> -50% 0FF </p><p>$6.45</p><a href="https://www.amazon.com/dp/B0CRV7G3WW?tag=eloabder-20&linkCode=osi&th=1&psc=1">View Product</a></div>
<div class="product"><a href="https://www.amazon.com/dp/B01N2ZTB7M?tag=eloabder-20&linkCode=osi&th=1&psc=1"><img src="https://m.media-amazon.com/images/I/419b0AGprhL._SL500_.jpg" alt="Product Image"></a><p>Sellstrom Advantage Face Shield - Lightweight Mask with Crown & Ratchet Headgear, for Work, Grinding, Cutting - ANSI Z87.1 - Clear Uncoated Polycarbonate Window</p><p> -8% 0FF </p><p>$14.39</p><a href="https://www.amazon.com/dp/B01N2ZTB7M?tag=eloabder-20&linkCode=osi&th=1&psc=1">View Product</a></div><div class="product"><a href="https://www.amazon.com/dp/B008MCUZZS?tag=eloabder-20&linkCode=osi&th=1&psc=1"><img src="https://m.media-amazon.com/images/I/51FPpkx4CEL._SL500_.jpg" alt="Product Image"></a><p>3M 8210 Particulate Respirator, N95, Pack of 20 Disposable Respirator, Two-Strap Cup Style Design, Lightweight with Cushioning Nose Foam, NIOSH Approved</p><p> -45% 0FF </p><p>$15.49 ($0.77 / Count)</p><a href="https://www.amazon.com/dp/B008MCUZZS?tag=eloabder-20&linkCode=osi&th=1&psc=1">View Product</a></div><div class="product"><a href="https://www.amazon.com/dp/B08GBRY816?tag=eloabder-20&linkCode=osi&th=1&psc=1"><img src="https://m.media-amazon.com/images/I/51Z0iPJV4uL._SL500_.jpg" alt="Product Image"></a><p>NEIKO 53880A Forestry Helmet for Safety with Shield and Earmuffs, Chainsaw Helmet with Face Shield, Hard Hat Safety Gear Equipment, Protective Face Shield and Mesh Shield for Face Protection</p><p> -18% 0FF </p><p>$27.16</p><a href="https://www.amazon.com/dp/B08GBRY816?tag=eloabder-20&linkCode=osi&th=1&psc=1">View Product</a></div><div class="product"><a href="https://www.amazon.com/dp/B0BLF15Y9Q?tag=eloabder-20&linkCode=osi&th=1&psc=1"><img src="https://m.media-amazon.com/images/I/51+GJrSaWPL._SL500_.jpg" alt="Product Image"></a><p>Tanden Skating Protective Gear Adult Knee and Elbow Pads Wrist Guards for Roller Skating Skateboarding, Skate Pads Adult Knee Pads for Men Women Black</p><p> -6% 0FF </p><p>$26.99</p><a href="https://www.amazon.com/dp/B0BLF15Y9Q?tag=eloabder-20&linkCode=osi&th=1&psc=1">View Product</a></div>
<div class="product"><a href="https://www.amazon.com/dp/B0C9SBFGZR?tag=eloabder-20&linkCode=osi&th=1&psc=1"><img src="https://m.media-amazon.com/images/I/51yTPVBbEUL._SL500_.jpg" alt="Product Image"></a><p>Supmedic Nitrile Exam Glove, 3.5 mil Disposable Medical Gloves Powder-Free Latex-Free, Box of 100 pcs (Blue) (Medium)</p><p> -16% 0FF </p><p>$8.42</p><a href="https://www.amazon.com/dp/B0C9SBFGZR?tag=eloabder-20&linkCode=osi&th=1&psc=1">View Product</a></div><div class="product"><a href="https://www.amazon.com/dp/B07KYWVCP6?tag=eloabder-20&linkCode=osi&th=1&psc=1"><img src="https://m.media-amazon.com/images/I/41q59vUJw6L._SL500_.jpg" alt="Product Image"></a><p>MED PRIDE Medical Vinyl Examination Gloves (Large, 100-Count) Latex & Rubber Free, Ultra-Strong, Clear Disposable Powder-Free Gloves for Healthcare & Food Handling Use</p><p> -11% 0FF </p><p>$7.99 ($0.08 / Count)</p><a href="https://www.amazon.com/dp/B07KYWVCP6?tag=eloabder-20&linkCode=osi&th=1&psc=1">View Product</a></div><div class="product"><a href="https://www.amazon.com/dp/B09KTQMMCM?tag=eloabder-20&linkCode=osi&th=1&psc=1"><img src="https://m.media-amazon.com/images/I/41mQ4yEa-wL._SL500_.jpg" alt="Product Image"></a><p>Schneider Black Vinyl Exam Gloves, 4mil, Disposable Latex-Free, Plastic Gloves for Medical, Cooking, Cleaning, and Food Prep, Sizes Medium</p><p> -20% 0FF </p><p>$7.99</p><a href="https://www.amazon.com/dp/B09KTQMMCM?tag=eloabder-20&linkCode=osi&th=1&psc=1">View Product</a></div><div class="product"><a href="https://www.amazon.com/dp/B09KRT18KC?tag=eloabder-20&linkCode=osi&th=1&psc=1"><img src="https://m.media-amazon.com/images/I/415qb2LeE6L._SL500_.jpg" alt="Product Image"></a><p>Schneider Clear Vinyl Exam Gloves, 4-mil, Medium 100-ct Box, Latex-Free, Rubber Disposable Gloves For Medical, Cleaning , Food Prep, Food Safe, Powder-Free, Non-Sterile</p><p> -20% 0FF </p><p>$7.97 ($0.08 / Count)</p><a href="https://www.amazon.com/dp/B09KRT18KC?tag=eloabder-20&linkCode=osi&th=1&psc=1">View Product</a></div><div class="product"><a href="https://www.amazon.com/dp/B08WJQR2CR?tag=eloabder-20&linkCode=osi&th=1&psc=1"><img src="https://m.media-amazon.com/images/I/414Y7CgkL2L._SL500_.jpg" alt="Product Image"></a><p>FifthPulse Black Vinyl Disposable Gloves Large 50 Pack - Latex Free, Powder Free Medical Exam Gloves - Surgical, Home, Cleaning, and Food Gloves - 3 Mil Thickness</p><p> -60% 0FF </p><p>$5.59</p><a href="https://www.amazon.com/dp/B08WJQR2CR?tag=eloabder-20&linkCode=osi&th=1&psc=1">View Product</a></div><div class="product"><a href="https://www.amazon.com/dp/B0C9MZRBR7?tag=eloabder-20&linkCode=osi&th=1&psc=1"><img src="https://m.media-amazon.com/images/I/41STIBt58JL._SL500_.jpg" alt="Product Image"></a><p>Caring Nitrile Exam Gloves (100ct), Powder Free and Not Made with Natural Rubber Latex, Gloves for Medical Use, Cleaning, Food Prep and More, Large</p><p> -13% 0FF </p><p>$6.99</p><a href="https://www.amazon.com/dp/B0C9MZRBR7?tag=eloabder-20&linkCode=osi&th=1&psc=1">View Product</a></div><div class="product"><a href="https://www.amazon.com/dp/B087LXWY99?tag=eloabder-20&linkCode=osi&th=1&psc=1"><img src="https://m.media-amazon.com/images/I/51ILZr2xj3L._SL500_.jpg" alt="Product Image"></a><p>Basic Medical Blue Nitrile Exam Gloves - Latex-Free & Powder-Free - NGPF-7002 (Case of 1,000), Medium</p><p> -16% 0FF </p><p>$32.82 ($0.03 / Count)</p><a href="https://www.amazon.com/dp/B087LXWY99?tag=eloabder-20&linkCode=osi&th=1&psc=1">View Product</a></div>
<div class="product"><a href="https://www.amazon.com/dp/B09P4DBZHY?tag=eloabder-20&linkCode=osi&th=1&psc=1"><img src="https://m.media-amazon.com/images/I/31YZa5T8JCL._SL500_.jpg" alt="Product Image"></a><p>3M Hard Hat SecureFit H-701SFR-UV, White, Non-Vented Cap Style Safety Helmet with Uvicator Sensor, 4-Point Pressure Diffusion Ratchet Suspension, ANSI Z87.1</p><p> -12% 0FF </p><p>$16.25</p><a href="https://www.amazon.com/dp/B09P4DBZHY?tag=eloabder-20&linkCode=osi&th=1&psc=1">View Product</a></div><div class="product"><a href="https://www.amazon.com/dp/B09VBV3T78?tag=eloabder-20&linkCode=osi&th=1&psc=1"><img src="https://m.media-amazon.com/images/I/31BEt7CIKkL._SL500_.jpg" alt="Product Image"></a><p>UNINOVA Vented Hard Hat with Visor OSHA Construction Safety Helmet 6 pt. Ratchet Suspension Cascos De Construccion ANSI Z89.1 Type I Class C Hardhats(S1 White Smoked)</p><p> -46% 0FF </p><p>$29.99</p><a href="https://www.amazon.com/dp/B09VBV3T78?tag=eloabder-20&linkCode=osi&th=1&psc=1">View Product</a></div>
<div class="product"><a href="https://www.amazon.com/dp/B08C7HDF1F?tag=eloabder-20&linkCode=osi&th=1&psc=1"><img src="https://m.media-amazon.com/images/I/51v5EoPjf3L._SL500_.jpg" alt="Product Image"></a><p>NNPCBT 100PCS 3 Ply Black Disposable Face Mask Filter Protection Face Masks</p><p> -33% 0FF </p><p>$9.98 ($0.10 / Count)</p><a href="https://www.amazon.com/dp/B08C7HDF1F?tag=eloabder-20&linkCode=osi&th=1&psc=1">View Product</a></div><div class="product"><a href="https://www.amazon.com/dp/B09GNXYWDQ?tag=eloabder-20&linkCode=osi&th=1&psc=1"><img src="https://m.media-amazon.com/images/I/41VrygLbB9L._SL500_.jpg" alt="Product Image"></a><p>Gleeporte [Pack Of 100] Black Disposable Face Mask, 3-Ply Adult Masks, Facial Cover with Elastic Earloops For Home, Office, School, and Outdoors</p><p> -22% 0FF </p><p>$6.99 ($0.07 / Count)</p><a href="https://www.amazon.com/dp/B09GNXYWDQ?tag=eloabder-20&linkCode=osi&th=1&psc=1">View Product</a></div><div class="product"><a href="https://www.amazon.com/dp/B08Y8NVW6Y?tag=eloabder-20&linkCode=osi&th=1&psc=1"><img src="https://m.media-amazon.com/images/I/51-zA01VM0L._SL500_.jpg" alt="Product Image"></a><p>LEMENT 50pcs KN95 Face Mask Black 5 Layer Cup Dust Safety Masks Filter Efficiency‚â•95% Breathable Elastic Ear Loops Black Masks</p><p> -33% 0FF </p><p>$19.99 ($0.40 / Count)</p><a href="https://www.amazon.com/dp/B08Y8NVW6Y?tag=eloabder-20&linkCode=osi&th=1&psc=1">View Product</a></div><div class="product"><a href="https://www.amazon.com/dp/B089TX3BPY?tag=eloabder-20&linkCode=osi&th=1&psc=1"><img src="https://m.media-amazon.com/images/I/41qr1sidczL._SL500_.jpg" alt="Product Image"></a><p>Hygenix 3ply Disposable Face Masks PFE 99% Filter Quality Tested by a US lab (Pack of 50 Pcs)</p><p> -13% 0FF </p><p>$12.99 ($0.26 / Count)</p><a href="https://www.amazon.com/dp/B089TX3BPY?tag=eloabder-20&linkCode=osi&th=1&psc=1">View Product</a></div><div class="product"><a href="https://www.amazon.com/dp/B09GLY1S79?tag=eloabder-20&linkCode=osi&th=1&psc=1"><img src="https://m.media-amazon.com/images/I/511vKreiG-L._SL500_.jpg" alt="Product Image"></a><p>Funight KN95 Face Masks 50 Pack 5-Ply Breathable Filter Disposable Face Masks Black</p><p> -50% 0FF </p><p>$19.99 ($0.40 / Count)</p><a href="https://www.amazon.com/dp/B09GLY1S79?tag=eloabder-20&linkCode=osi&th=1&psc=1">View Product</a></div>
<div class="product"><a href="https://www.amazon.com/dp/B07MNZ7C1M?tag=eloabder-20&linkCode=osi&th=1&psc=1"><img src="https://m.media-amazon.com/images/I/41qn5bUxuzL._SL500_.jpg" alt="Product Image"></a><p>ProCase Noise Reduction Ear Muffs, SNR 34dB Noise Cancelling Headphones for Adults Kids Autism, Adjustable Sound Proof Ear Protection for Shooting Mowing Construction -Red</p><p> -21% 0FF </p><p>$14.99</p><a href="https://www.amazon.com/dp/B07MNZ7C1M?tag=eloabder-20&linkCode=osi&th=1&psc=1">View Product</a></div><div class="product"><a href="https://www.amazon.com/dp/B0C5SMT3TX?tag=eloabder-20&linkCode=osi&th=1&psc=1"><img src="https://m.media-amazon.com/images/I/31TGEeMQNBL._SL500_.jpg" alt="Product Image"></a><p>ZOHAN 012 Hearing Protection Earmuffs for Noise Reduction - NRR 28dB Adjustable Safety Ear Muffs for Mowing, Autism, Sporting Events, Outdoor Work, Construction - Purple</p><p> -50% 0FF </p><p>$7.99</p><a href="https://www.amazon.com/dp/B0C5SMT3TX?tag=eloabder-20&linkCode=osi&th=1&psc=1">View Product</a></div><div class="product"><a href="https://www.amazon.com/dp/B01MXYJ2QP?tag=eloabder-20&linkCode=osi&th=1&psc=1"><img src="https://m.media-amazon.com/images/I/412QOjQpaKL._SL500_.jpg" alt="Product Image"></a><p>3M Pro-Grade Earmuff, Noise Reduction Rating (NRR) 30 dB, Lightweight & Adjustable Ear Muffs, Reduce Pressure Points For All-Day Comfort, Steel Wire Headband With Rubber Overmold Design (90565-4DC-PS)</p><p> -19% 0FF </p><p>$27.49</p><a href="https://www.amazon.com/dp/B01MXYJ2QP?tag=eloabder-20&linkCode=osi&th=1&psc=1">View Product</a></div><div class="product"><a href="https://www.amazon.com/dp/B01N7LMH5K?tag=eloabder-20&linkCode=osi&th=1&psc=1"><img src="https://m.media-amazon.com/images/I/516EUUjXKUL._SL500_.jpg" alt="Product Image"></a><p>10 Pair Corded Reusable Ear Plugs for Shooting Range Ear Protection for Gun Range - Hunting Ear Plugs for Construction Firearm Ear Protection Shooting Gun Hearing Protection Ear Plugs Corded</p><p> -13% 0FF </p><p>$6.95 ($0.70 / Count)</p><a href="https://www.amazon.com/dp/B01N7LMH5K?tag=eloabder-20&linkCode=osi&th=1&psc=1">View Product</a></div>
<div class="product"><a href="https://www.amazon.com/dp/B09G8FJNRT?tag=eloabder-20&linkCode=osi&th=1&psc=1"><img src="https://m.media-amazon.com/images/I/414WbTnlb1L._SL500_.jpg" alt="Product Image"></a><p>Aqulius 2 Pack Stylish Safety Glasses Goggles Anti Fog, Scratch Resistant, Safety Glasses for Women, Blue Light, Glasses for Nurses</p><p> -18% 0FF </p><p>$13.99</p><a href="https://www.amazon.com/dp/B09G8FJNRT?tag=eloabder-20&linkCode=osi&th=1&psc=1">View Product</a></div><div class="product"><a href="https://www.amazon.com/dp/B0833VW43J?tag=eloabder-20&linkCode=osi&th=1&psc=1"><img src="https://m.media-amazon.com/images/I/41iY6mE3j6L._SL500_.jpg" alt="Product Image"></a><p>amoolo Clear Safety Glasses Bulk of 24, Protective Eyewear for Men Women, ANSI Z87.1 Impact Resistant Eye Protection for Work, Lab, Construction</p><p> -18% 0FF </p><p>$24.69 ($1.03 / Count)</p><a href="https://www.amazon.com/dp/B0833VW43J?tag=eloabder-20&linkCode=osi&th=1&psc=1">View Product</a></div><div class="product"><a href="https://www.amazon.com/dp/B07YLVH342?tag=eloabder-20&linkCode=osi&th=1&psc=1"><img src="https://m.media-amazon.com/images/I/41bR3jQbKXL._SL500_.jpg" alt="Product Image"></a><p>SolidWork Safety Glasses Clear Lens with Side Shields, Anti Fog, Anti Scratch, Anti-Glare, Protective Eyewear for Men & Women</p><p> -11% 0FF </p><p>$9.99</p><a href="https://www.amazon.com/dp/B07YLVH342?tag=eloabder-20&linkCode=osi&th=1&psc=1">View Product</a></div>

<div class="product"><a href="https://www.amazon.com/dp/B078JGY2MJ?tag=eloabder-20&linkCode=osi&th=1&psc=1"><img src="https://m.media-amazon.com/images/I/41V4pUwXteL._SL500_.jpg" alt="Product Image"></a><p>Cherokee Scrubs for Men Workwear Professionals V-Neck Four-Pocket Scrub Top WW695, L, Navy</p><p> -23% 0FF </p><p>$24.99</p><a href="https://www.amazon.com/dp/B078JGY2MJ?tag=eloabder-20&linkCode=osi&th=1&psc=1">View Product</a></div><div class="product"><a href="https://www.amazon.com/dp/B0721NWRKT?tag=eloabder-20&linkCode=osi&th=1&psc=1"><img src="https://m.media-amazon.com/images/I/41Qw3a-DoWL._SL500_.jpg" alt="Product Image"></a><p>Cherokee Women's V-Neck Top, Navy, X-Large</p><p> -15% 0FF </p><p>$23.99</p><a href="https://www.amazon.com/dp/B0721NWRKT?tag=eloabder-20&linkCode=osi&th=1&psc=1">View Product</a></div><div class="product"><a href="https://www.amazon.com/dp/B012H3JOOK?tag=eloabder-20&linkCode=osi&th=1&psc=1"><img src="https://m.media-amazon.com/images/I/41GrV-dIDYL._SL500_.jpg" alt="Product Image"></a><p>Workwear Women Underscrubs Long Sleeve Knit Tee 4881, L, Caribbean Blue</p><p> -19% 0FF </p><p>$10.47</p><a href="https://www.amazon.com/dp/B012H3JOOK?tag=eloabder-20&linkCode=osi&th=1&psc=1">View Product</a></div>
<div class="product"><a href="https://www.amazon.com/dp/B010QWNDX2?tag=eloabder-20&linkCode=osi&th=1&psc=1"><img src="https://m.media-amazon.com/images/I/31V3r0a9C1L._SL500_.jpg" alt="Product Image"></a><p>Just Love Women's Scrub Sets Six Pocket Medical Scrubs (V-Neck With Cargo Pant), Navy, Medium</p><p> -16% 0FF </p><p>$19.99</p><a href="https://www.amazon.com/dp/B010QWNDX2?tag=eloabder-20&linkCode=osi&th=1&psc=1">View Product</a></div><div class="product"><a href="https://www.amazon.com/dp/B0985Y2RB4?tag=eloabder-20&linkCode=osi&th=1&psc=1"><img src="https://m.media-amazon.com/images/I/3176BjqvasS._SL500_.jpg" alt="Product Image"></a><p>Natural Uniforms Women's Cool Stretch V-Neck Top and Cargo Pant Set (True Navy Blue, Large)</p><p> -17% 0FF </p><p>$24.99</p><a href="https://www.amazon.com/dp/B0985Y2RB4?tag=eloabder-20&linkCode=osi&th=1&psc=1">View Product</a></div><div class="product"><a href="https://www.amazon.com/dp/B0CBNDXYJT?tag=eloabder-20&linkCode=osi&th=1&psc=1"><img src="https://m.media-amazon.com/images/I/31DhOD5-BwL._SL500_.jpg" alt="Product Image"></a><p>MONARCH UNIFORMS Stretchy Scrubs Women's Jogger Scrub Set In Regular and Petite Jogger Scrubs with Tuck-In Top for Women(Navy-L)</p><p> -6% 0FF </p><p>$46.95</p><a href="https://www.amazon.com/dp/B0CBNDXYJT?tag=eloabder-20&linkCode=osi&th=1&psc=1">View Product</a></div><div class="product"><a href="https://www.amazon.com/dp/B0D1TL84LR?tag=eloabder-20&linkCode=osi&th=1&psc=1"><img src="https://m.media-amazon.com/images/I/51iGPF-PnRL._SL500_.jpg" alt="Product Image"></a><p>Electric Warming Trays for Food and Hot Plates, Large and Uniform Surface Heating, Foldable, Durable, 3 Temperature Levels, Can Be On for 12 Hours, Silicone Food Warmer for Gatherings (Beige)</p><p> -8% 0FF </p><p>$36.99</p><a href="https://www.amazon.com/dp/B0D1TL84LR?tag=eloabder-20&linkCode=osi&th=1&psc=1">View Product</a></div><div class="product"><a href="https://www.amazon.com/dp/B09MM2LG84?tag=eloabder-20&linkCode=osi&th=1&psc=1"><img src="https://m.media-amazon.com/images/I/31B25JsiYTL._SL500_.jpg" alt="Product Image"></a><p>Scrubs Set for Women Joggers V-Neck Pocket Top Uniforms (Pink, L)</p><p> -10% 0FF </p><p>$25.99</p><a href="https://www.amazon.com/dp/B09MM2LG84?tag=eloabder-20&linkCode=osi&th=1&psc=1">View Product</a></div>
<div class="product"><a href="https://www.amazon.com/dp/B07K8M42Q5?tag=eloabder-20&linkCode=osi&th=1&psc=1"><img src="https://m.media-amazon.com/images/I/41UMPYXm6lS._SL500_.jpg" alt="Product Image"></a><p>Insulated Thermal Bib Overalls, High Visibility, Weather-Resistant, Large, Ergodyne GloWear 8928,Lime</p><p> -33% 0FF </p><p>$74.69</p><a href="https://www.amazon.com/dp/B07K8M42Q5?tag=eloabder-20&linkCode=osi&th=1&psc=1">View Product</a></div><div class="product"><a href="https://www.amazon.com/dp/B07SB2Z38J?tag=eloabder-20&linkCode=osi&th=1&psc=1"><img src="https://m.media-amazon.com/images/I/31gv4F1tgnL._SL500_.jpg" alt="Product Image"></a><p>Pioneer Hi Vis Ripstop Waterproof Bib Pants/Overalls for Men - Reflective Safety Work Rain Pants - High Visibility Yellow</p><p> -11% 0FF </p><p>$51.72</p><a href="https://www.amazon.com/dp/B07SB2Z38J?tag=eloabder-20&linkCode=osi&th=1&psc=1">View Product</a></div>
<div class="product"><a href="https://www.amazon.com/dp/B000BQRGFU?tag=eloabder-20&linkCode=osi&th=1&psc=1"><img src="https://m.media-amazon.com/images/I/51gnFiaxIAS._SL500_.jpg" alt="Product Image"></a><p>Trimaco SuperTuff Polypropylene Coverall, Medium</p><p> -51% 0FF </p><p>$4.90</p><a href="https://www.amazon.com/dp/B000BQRGFU?tag=eloabder-20&linkCode=osi&th=1&psc=1">View Product</a></div><div class="product"><a href="https://www.amazon.com/dp/B01JOWAOEG?tag=eloabder-20&linkCode=osi&th=1&psc=1"><img src="https://m.media-amazon.com/images/I/31jcH7zLurL._SL500_.jpg" alt="Product Image"></a><p>DuPont unisex-adult TY122S-XL-EACH Disposable Elastic Wrist, Bootie and Hood Tyvek Coverall Suit 1414, X-Large, White</p><p> -16% 0FF </p><p>$9.77</p><a href="https://www.amazon.com/dp/B01JOWAOEG?tag=eloabder-20&linkCode=osi&th=1&psc=1">View Product</a></div>
<div class="product"><a href="https://www.amazon.com/dp/B07D8G82G8?tag=eloabder-20&linkCode=osi&th=1&psc=1"><img src="https://m.media-amazon.com/images/I/317xFAdHZWL._SL500_.jpg" alt="Product Image"></a><p>VOGRYE Professional Lab Coat for Men Women Long Sleeve, White, Unisex</p><p> -12% 0FF </p><p>$14.99</p><a href="https://www.amazon.com/dp/B07D8G82G8?tag=eloabder-20&linkCode=osi&th=1&psc=1">View Product</a></div><div class="product"><a href="https://www.amazon.com/dp/B07HBL83B4?tag=eloabder-20&linkCode=osi&th=1&psc=1"><img src="https://m.media-amazon.com/images/I/31TG2roZU-L._SL500_.jpg" alt="Product Image"></a><p>VOGRYE Professional Lab Coat for Women Men Long Sleeve, White, Unisex (Small, White)</p><p> -32% 0FF </p><p>$16.99</p><a href="https://www.amazon.com/dp/B07HBL83B4?tag=eloabder-20&linkCode=osi&th=1&psc=1">View Product</a></div><div class="product"><a href="https://www.amazon.com/dp/B08VDZ6KCT?tag=eloabder-20&linkCode=osi&th=1&psc=1"><img src="https://m.media-amazon.com/images/I/31ERfg1k-nL._SL500_.jpg" alt="Product Image"></a><p>NY Threads Professional Lab Coat for Men Long Sleeve Poly Cotton Medical Coat 1 Pack, Medium, White</p><p> -11% 0FF </p><p>$16.99</p><a href="https://www.amazon.com/dp/B08VDZ6KCT?tag=eloabder-20&linkCode=osi&th=1&psc=1">View Product</a></div><div class="product"><a href="https://www.amazon.com/dp/B097NS2MHG?tag=eloabder-20&linkCode=osi&th=1&psc=1"><img src="https://m.media-amazon.com/images/I/31jtnrdiCcL._SL500_.jpg" alt="Product Image"></a><p>NY Threads Professional Lab Coat for Women, Long Sleeve Poly Cotton Medical Coat 1 Pack, Medium, White</p><p> -10% 0FF </p><p>$17.99</p><a href="https://www.amazon.com/dp/B097NS2MHG?tag=eloabder-20&linkCode=osi&th=1&psc=1">View Product</a></div>
<div class="product"><a href="https://www.amazon.com/dp/B08LSQFJCL?tag=eloabder-20&linkCode=osi&th=1&psc=1"><img src="https://m.media-amazon.com/images/I/410PoD7Tw+L._SL500_.jpg" alt="Product Image"></a><p>Walking Boot Fracture Boot for Broken Foot, Sprained Ankle-Medium</p><p> -25% 0FF </p><p>$39.85</p><a href="https://www.amazon.com/dp/B08LSQFJCL?tag=eloabder-20&linkCode=osi&th=1&psc=1">View Product</a></div><div class="product"><a href="https://www.amazon.com/dp/B09YPT42D5?tag=eloabder-20&linkCode=osi&th=1&psc=1"><img src="https://m.media-amazon.com/images/I/418-GYTrMOL._SL500_.jpg" alt="Product Image"></a><p>Jewlri Air Walking Boot Fracture Boot Short Walker Protective Boot Fits Left or Right Foot Ankle for Injuries Fractures Sprains Black M</p><p> -13% 0FF </p><p>$39.15</p><a href="https://www.amazon.com/dp/B09YPT42D5?tag=eloabder-20&linkCode=osi&th=1&psc=1">View Product</a></div><div class="product"><a href="https://www.amazon.com/dp/B019T9EHME?tag=eloabder-20&linkCode=osi&th=1&psc=1"><img src="https://m.media-amazon.com/images/I/41vMjfPsvUL._SL500_.jpg" alt="Product Image"></a><p>WOLVERINE Men's Floorhand Waterproof Steeltoe 6" Work Boot, Dark Brown, 9M</p><p> -23% 0FF </p><p>$92.90</p><a href="https://www.amazon.com/dp/B019T9EHME?tag=eloabder-20&linkCode=osi&th=1&psc=1">View Product</a></div>
<div class="product"><a href="https://www.amazon.com/dp/B073WH3WDR?tag=eloabder-20&linkCode=osi&th=1&psc=1"><img src="https://m.media-amazon.com/images/I/31s4J9BNC5L._SL500_.jpg" alt="Product Image"></a><p>Skechers Women's Squad SR Shoe, Black, 8.5</p><p> -63% 0FF </p><p>$25.00</p><a href="https://www.amazon.com/dp/B073WH3WDR?tag=eloabder-20&linkCode=osi&th=1&psc=1">View Product</a></div><div class="product"><a href="https://www.amazon.com/dp/B0C73MZF8M?tag=eloabder-20&linkCode=osi&th=1&psc=1"><img src="https://m.media-amazon.com/images/I/41yuAR+ADmL._SL500_.jpg" alt="Product Image"></a><p>LARNMERN Men Shoes Non Slip Work Sneakers Plantar Fasciitis Food Service Zapatos Trabajo Antideslizantes Orthopedic Walking Shoes Water Resistant Slip-on, Black 10.5</p><p> -15% 0FF </p><p>$42.42</p><a href="https://www.amazon.com/dp/B0C73MZF8M?tag=eloabder-20&linkCode=osi&th=1&psc=1">View Product</a></div><div class="product"><a href="https://www.amazon.com/dp/B0CJ8ZXF49?tag=eloabder-20&linkCode=osi&th=1&psc=1"><img src="https://m.media-amazon.com/images/I/41FQGDRzYhL._SL500_.jpg" alt="Product Image"></a><p>Bruno Marc Men's Non Slip Shoes, Lightweight Mens Work Shoes & Restaurant or Food Service Sneakers,Size 12,Black,SBWO2302M</p><p> -18% 0FF </p><p>$40.99</p><a href="https://www.amazon.com/dp/B0CJ8ZXF49?tag=eloabder-20&linkCode=osi&th=1&psc=1">View Product</a></div><div class="product"><a href="https://www.amazon.com/dp/B08XK8NZ82?tag=eloabder-20&linkCode=osi&th=1&psc=1"><img src="https://m.media-amazon.com/images/I/41VlYm6BhQL._SL500_.jpg" alt="Product Image"></a><p>Shoes for Crews Everlight Mens Non Slip Work Shoes - Men's Work & Safety Footwear, Lace-Up Breathable Work Shoes for Men, Zapato de Trabajo para Hombre, Size 10 Black</p><p> -14% 0FF </p><p>$59.98</p><a href="https://www.amazon.com/dp/B08XK8NZ82?tag=eloabder-20&linkCode=osi&th=1&psc=1">View Product</a></div><div class="product"><a href="https://www.amazon.com/dp/B01N2ZIDHO?tag=eloabder-20&linkCode=osi&th=1&psc=1"><img src="https://m.media-amazon.com/images/I/41TB3tRdI3L._SL500_.jpg" alt="Product Image"></a><p>Skechers Men's Flex Advantage Bendon Work Shoe, Black, 9.5 Wide</p><p> -25% 0FF </p><p>$63.73</p><a href="https://www.amazon.com/dp/B01N2ZIDHO?tag=eloabder-20&linkCode=osi&th=1&psc=1">View Product</a></div><div class="product"><a href="https://www.amazon.com/dp/B0D95RCCV4?tag=eloabder-20&linkCode=osi&th=1&psc=1"><img src="https://m.media-amazon.com/images/I/414THsyORKL._SL500_.jpg" alt="Product Image"></a><p>Bruno Marc Men's Hands Free Non Slip Work Shoes, Water Resistance Restaurant Slip on Food Service Sneakers,Size 11,Black,SNIC2410M</p><p> -15% 0FF </p><p>$33.14</p><a href="https://www.amazon.com/dp/B0D95RCCV4?tag=eloabder-20&linkCode=osi&th=1&psc=1">View Product</a></div><div class="product"><a href="https://www.amazon.com/dp/B08XLPHX2K?tag=eloabder-20&linkCode=osi&th=1&psc=1"><img src="https://m.media-amazon.com/images/I/41hIoqZEa+L._SL500_.jpg" alt="Product Image"></a><p>Shoes for Crews Everlight, Women's Slip Resistant Work Shoes, Water Resistant, Black, Size 9</p><p> -14% 0FF </p><p>$59.98</p><a href="https://www.amazon.com/dp/B08XLPHX2K?tag=eloabder-20&linkCode=osi&th=1&psc=1">View Product</a></div>

<div class="product"><a href="https://www.amazon.com/dp/B0CP3Q6CCG?tag=eloabder-20&linkCode=osi&th=1&psc=1"><img src="https://m.media-amazon.com/images/I/41sFYNo44HL._SL500_.jpg" alt="Product Image"></a><p>SAFETOE Welding Boots for Men Composite Toe Safety Boots Fire Resistant Welding Boot 300‚ÑÉHeat Resistant Welder Working Boots</p><p> -20% 0FF </p><p>$71.99</p><a href="https://www.amazon.com/dp/B0CP3Q6CCG?tag=eloabder-20&linkCode=osi&th=1&psc=1">View Product</a></div><div class="product"><a href="https://www.amazon.com/dp/B08L6HJJ7C?tag=eloabder-20&linkCode=osi&th=1&psc=1"><img src="https://m.media-amazon.com/images/I/41RzvjdVq0S._SL500_.jpg" alt="Product Image"></a><p>TOSAFZXY Work Safety Boots for Men Durable Crazy-Horse Leather Indestructible Steel Toe Waterproof and Non-Slip Better Warmth Men Work Shoes Black 13</p><p> -21% 0FF </p><p>$76.99</p><a href="https://www.amazon.com/dp/B08L6HJJ7C?tag=eloabder-20&linkCode=osi&th=1&psc=1">View Product</a></div><div class="product"><a href="https://www.amazon.com/dp/B01E7T2S7M?tag=eloabder-20&linkCode=osi&th=1&psc=1"><img src="https://m.media-amazon.com/images/I/41h2ZazEbDL._SL500_.jpg" alt="Product Image"></a><p>Timberland PRO Men's Powertrain Sport Alloy Safety Toe Industrial Athletic Work Shoe AL, Black/Grey, 11</p><p> -15% 0FF </p><p>$93.45</p><a href="https://www.amazon.com/dp/B01E7T2S7M?tag=eloabder-20&linkCode=osi&th=1&psc=1">View Product</a></div>

<div class="product"><a href="https://www.amazon.com/dp/B08G5DNWPH?tag=eloabder-20&linkCode=osi&th=1&psc=1"><img src="https://m.media-amazon.com/images/I/51z+-4Ne7OS._SL500_.jpg" alt="Product Image"></a><p>Palmer Safety Safety Harness w/Detachable 6 ft Lanyard I Single Leg Lanyard w/Internal Shock Absorbing & Snap Hook I OSHA/ANSI Fall Arrest Kit</p><p> -19% 0FF </p><p>$41.80</p><a href="https://www.amazon.com/dp/B08G5DNWPH?tag=eloabder-20&linkCode=osi&th=1&psc=1">View Product</a></div>
<div class="product"><a href="https://www.amazon.com/dp/B07MPC2DL1?tag=eloabder-20&linkCode=osi&th=1&psc=1"><img src="https://m.media-amazon.com/images/I/414lPL-+oSL._SL500_.jpg" alt="Product Image"></a><p>SHINKODA Black Glasses Strap, Sports Sunglasses & Eyeglasses Holder Straps for Men Women, String Holder, Neck Lanyard Cord, Adjustable Rope Eyewear Keeper Strap, Pack of 6</p><p> -30% 0FF </p><p>$6.99</p><a href="https://www.amazon.com/dp/B07MPC2DL1?tag=eloabder-20&linkCode=osi&th=1&psc=1">View Product</a></div>

<div class="product"><a href="https://www.amazon.com/dp/B07N42HH5R?tag=eloabder-20&linkCode=osi&th=1&psc=1"><img src="https://m.media-amazon.com/images/I/41ckLVLEd2L._SL500_.jpg" alt="Product Image"></a><p>X MONSTER HMPE Synthetic Winch Rope 3/8" x 90' Off Road for UTV/ATV Winch Line Cable Rope with Black Protecting Sleeve 18,000 lbs, Orange</p><p> -50% 0FF </p><p>$39.99 ($0.44 / Foot)</p><a href="https://www.amazon.com/dp/B07N42HH5R?tag=eloabder-20&linkCode=osi&th=1&psc=1">View Product</a></div><div class="product"><a href="https://www.amazon.com/dp/B08GC5NMY2?tag=eloabder-20&linkCode=osi&th=1&psc=1"><img src="https://m.media-amazon.com/images/I/41DLu2HOubL._SL500_.jpg" alt="Product Image"></a><p>AuInn Pack of 2 Velvet Stanchion Ropes, 4.9 Feet Stanchion Queue Barrier Rope Velvet Rope, Crowd Control Rope Barrier, with Mirror Polished Hooks (Red)</p><p> -50% 0FF </p><p>$8.24</p><a href="https://www.amazon.com/dp/B08GC5NMY2?tag=eloabder-20&linkCode=osi&th=1&psc=1">View Product</a></div><div class="product"><a href="https://www.amazon.com/dp/B004XAD2IU?tag=eloabder-20&linkCode=osi&th=1&psc=1"><img src="https://m.media-amazon.com/images/I/41OMk7JUdRL._SL500_.jpg" alt="Product Image"></a><p>SeaSense Rope Cutting Gun for Fishing, Boating & Camping ‚Äì 4‚Äô Cord, 1.5 Lbs, 120 V, 100 W & 1.5 A ‚Äì Lightweight Electric Cutter Tool for Synthetic Rope or Line</p><p> -17% 0FF </p><p>$34.49</p><a href="https://www.amazon.com/dp/B004XAD2IU?tag=eloabder-20&linkCode=osi&th=1&psc=1">View Product</a></div><div class="product"><a href="https://www.amazon.com/dp/B000KA4NZI?tag=eloabder-20&linkCode=osi&th=1&psc=1"><img src="https://m.media-amazon.com/images/I/41dG6S68MnL._SL500_.jpg" alt="Product Image"></a><p>Champion Sports DD Series Double Dutch Licorice Jump Ropes - Pink, 16-Feet (Set)</p><p> -37% 0FF </p><p>$10.10</p><a href="https://www.amazon.com/dp/B000KA4NZI?tag=eloabder-20&linkCode=osi&th=1&psc=1">View Product</a></div><div class="product"><a href="https://www.amazon.com/dp/B0BMVK163Z?tag=eloabder-20&linkCode=osi&th=1&psc=1"><img src="https://m.media-amazon.com/images/I/41lSc76CkEL._SL500_.jpg" alt="Product Image"></a><p>FVIEXE 6 Pack Red Velvet Stanchion Rope, 5 Feet Crowd Control Velvet Ropes with Gold Clasps, Foam Core Red Rope Queue Safety Sarriers Stanchion Post Rope for Party Event and Red Carpet</p><p> -6% 0FF </p><p>$32.99</p><a href="https://www.amazon.com/dp/B0BMVK163Z?tag=eloabder-20&linkCode=osi&th=1&psc=1">View Product</a></div>


<div class="product"><a href="https://www.amazon.com/dp/B06X9CYNJF?tag=eloabder-20&linkCode=osi&th=1&psc=1"><img src="https://m.media-amazon.com/images/I/51ZZNuuD3RL._SL500_.jpg" alt="Product Image"></a><p>VIVOHOME Motorcycle Lift Scissor Jack Steel Wide Deck Hoist Crank Center Stand 1100 LBS Capacity for Motorcycles, ATVs, Dirt Bikes Red</p><p> -20% 0FF </p><p>$79.99</p><a href="https://www.amazon.com/dp/B06X9CYNJF?tag=eloabder-20&linkCode=osi&th=1&psc=1">View Product</a></div><div class="product"><a href="https://www.amazon.com/dp/B0B19LHQG9?tag=eloabder-20&linkCode=osi&th=1&psc=1"><img src="https://m.media-amazon.com/images/I/41KGf+arU0L._SL500_.jpg" alt="Product Image"></a><p>EnryKuo Labor Saving Arm Jack 2 Pack,15.5 Inch Multifunctional Furniture Lifter Jacks for Installing Cabinets and Wall Tile Height Adjuster Handheld Tool</p><p> -42% 0FF </p><p>$28.99</p><a href="https://www.amazon.com/dp/B0B19LHQG9?tag=eloabder-20&linkCode=osi&th=1&psc=1">View Product</a></div><div class="product"><a href="https://www.amazon.com/dp/B002671WFC?tag=eloabder-20&linkCode=osi&th=1&psc=1"><img src="https://m.media-amazon.com/images/I/41SUknvQFBL._SL500_.jpg" alt="Product Image"></a><p>Lumex Stand Assist Patient Lift - Safely Sit, Stand, Transfer & Transport - LF1600</p><p> -11% 0FF </p><p>$648.29</p><a href="https://www.amazon.com/dp/B002671WFC?tag=eloabder-20&linkCode=osi&th=1&psc=1">View Product</a></div><div class="product"><a href="https://www.amazon.com/dp/B00022749Q?tag=eloabder-20&linkCode=osi&th=1&psc=1"><img src="https://m.media-amazon.com/images/I/41yCiXKQqmL._SL500_.jpg" alt="Product Image"></a><p>Shoulder Dolly Moving Straps - Lifting Strap for 2 Movers - Move, Lift, Carry, And Secure Furniture, Appliances, Heavy, Bulky Objects Safely, Efficiently, More Easily Like The Pros - LD1000</p><p> -11% 0FF </p><p>$39.99</p><a href="https://www.amazon.com/dp/B00022749Q?tag=eloabder-20&linkCode=osi&th=1&psc=1">View Product</a></div>
<div class="product"><a href="https://www.amazon.com/dp/B01MT1C80C?tag=eloabder-20&linkCode=osi&th=1&psc=1"><img src="https://m.media-amazon.com/images/I/41lL1b8gXCL._SL500_.jpg" alt="Product Image"></a><p>Happybuy Belt Conveyor 59 x 7.8 inch Conveyor Table Heavy Duty Stainless Steel Motorized Belt Conveyor for Inkjet Coding Applications Powered Rubber PVC Belt Anti Static (One Guardrail)</p><p> -30% 0FF </p><p>$249.99</p><a href="https://www.amazon.com/dp/B01MT1C80C?tag=eloabder-20&linkCode=osi&th=1&psc=1">View Product</a></div><div class="product"><a href="https://www.amazon.com/dp/B0C1PBQT7R?tag=eloabder-20&linkCode=osi&th=1&psc=1"><img src="https://m.media-amazon.com/images/I/41qlOkZESjL._SL500_.jpg" alt="Product Image"></a><p>Winco ECT-300 Commercial Conveyor Toaster, 300 Slices/Hour</p><p> -6% 0FF </p><p>$387.41</p><a href="https://www.amazon.com/dp/B0C1PBQT7R?tag=eloabder-20&linkCode=osi&th=1&psc=1">View Product</a></div>

<div class="product"><a href="https://www.amazon.com/dp/B018ANYYJG?tag=eloabder-20&linkCode=osi&th=1&psc=1"><img src="https://m.media-amazon.com/images/I/416JDvu6ogL._SL500_.jpg" alt="Product Image"></a><p>Global Industrial Pallet Jack Truck, 6600 Lb. Capacity, 27 x 48</p><p> -9% 0FF </p><p>$569.73</p><a href="https://www.amazon.com/dp/B018ANYYJG?tag=eloabder-20&linkCode=osi&th=1&psc=1">View Product</a></div>
<div class="product"><a href="https://www.amazon.com/dp/B0D6FZH97Y?tag=eloabder-20&linkCode=osi&th=1&psc=1"><img src="https://m.media-amazon.com/images/I/31pz8LhlttL._SL500_.jpg" alt="Product Image"></a><p>Golpart 6 Tier Adjustable Storage Shelves,Narrow Mesh Gaps Metal Utility Shelf,Wire Shelving Unit Organizer Rack for Home,Kitchen,Office,Bathroom,Pantry Room,10" D x 16" W x 60" H,Black</p><p> -28% 0FF </p><p>$42.99</p><a href="https://www.amazon.com/dp/B0D6FZH97Y?tag=eloabder-20&linkCode=osi&th=1&psc=1">View Product</a></div>

<div class="product"><a href="https://www.amazon.com/dp/B0CC5GTNPG?tag=eloabder-20&linkCode=osi&th=1&psc=1"><img src="https://m.media-amazon.com/images/I/51I6UsNZ7CL._SL500_.jpg" alt="Product Image"></a><p>VEVOR TF23 Hydraulic Lift Table Cart, 500lbs Capacity 28.5" with 4 Wheels and Non-Slip Pad, for Material Handling and Transportation, Red</p><p> -30% 0FF </p><p>$211.49</p><a href="https://www.amazon.com/dp/B0CC5GTNPG?tag=eloabder-20&linkCode=osi&th=1&psc=1">View Product</a></div><div class="product"><a href="https://www.amazon.com/dp/B0CH33RLV1?tag=eloabder-20&linkCode=osi&th=1&psc=1"><img src="https://m.media-amazon.com/images/I/51wMAvcoyJL._SL500_.jpg" alt="Product Image"></a><p>Kolvoii Labor Saving Arm Jack, 2 Pack Stainless Steel Furniture Jack Lifter, Versatile and Easy to Use Arm Jack Improved Quality Lifting Device</p><p> -31% 0FF </p><p>$45.51</p><a href="https://www.amazon.com/dp/B0CH33RLV1?tag=eloabder-20&linkCode=osi&th=1&psc=1">View Product</a></div>
<div class="product"><a href="https://www.amazon.com/dp/B07KCL992V?tag=eloabder-20&linkCode=osi&th=1&psc=1"><img src="https://m.media-amazon.com/images/I/41ebYUzCm3L._SL500_.jpg" alt="Product Image"></a><p>Really Good Stuff Rainbow Organizing Bins, Premium Plastic Book Holders With Name Labels, Vertical Storage & Organization for Classroom & Home, Color Code Files, Books, Binders, Supplies, 12 pk</p><p> -10% 0FF </p><p>$62.09</p><a href="https://www.amazon.com/dp/B07KCL992V?tag=eloabder-20&linkCode=osi&th=1&psc=1">View Product</a></div><div class="product"><a href="https://www.amazon.com/dp/B0768DC8G6?tag=eloabder-20&linkCode=osi&th=1&psc=1"><img src="https://m.media-amazon.com/images/I/51BKAcmJ9qL._SL500_.jpg" alt="Product Image"></a><p>HORUSDY Wall Mounted Storage Bins Parts Rack 30PC Organizer Garage Plastic Shop Tool for Men's Gift, Blue,Orange,Red</p><p> -40% 0FF </p><p>$29.99</p><a href="https://www.amazon.com/dp/B0768DC8G6?tag=eloabder-20&linkCode=osi&th=1&psc=1">View Product</a></div><div class="product"><a href="https://www.amazon.com/dp/B002VK7D5C?tag=eloabder-20&linkCode=osi&th=1&psc=1"><img src="https://m.media-amazon.com/images/I/31Z-XvLCdRL._SL500_.jpg" alt="Product Image"></a><p>Akro-Mils 30210 AkroBins Plastic Hanging Stackable Storage Organizer Bin, 5-Inch x 4-Inch x 3-Inch, Clear, 24-Pack</p><p> -16% 0FF </p><p>$45.97</p><a href="https://www.amazon.com/dp/B002VK7D5C?tag=eloabder-20&linkCode=osi&th=1&psc=1">View Product</a></div>
<div class="product"><a href="https://www.amazon.com/dp/B0BTHQ64ZY?tag=eloabder-20&linkCode=osi&th=1&psc=1"><img src="https://m.media-amazon.com/images/I/310KexriEhL._SL500_.jpg" alt="Product Image"></a><p>PEUKC Display Cabinet with Glass Doors, Curio Cabinets with 4 Adjustable Shelves, Locking Glass Cabinet Display Case for Home, Office, Clinic, Pantry, Assemble Required, Black</p><p> -7% 0FF </p><p>$124.98</p><a href="https://www.amazon.com/dp/B0BTHQ64ZY?tag=eloabder-20&linkCode=osi&th=1&psc=1">View Product</a></div><div class="product"><a href="https://www.amazon.com/dp/B0CRDQFRXC?tag=eloabder-20&linkCode=osi&th=1&psc=1"><img src="https://m.media-amazon.com/images/I/41kJKgAwQTL._SL500_.jpg" alt="Product Image"></a><p>YDTOP Double Tilt Out Trash Cabinet 20 Gallon, Dual Kitchen Wood Trash Can Cabinet with Hideaway Drawers, Freestanding Hidden Garbage Recycling Cabinet Pet Proof, Black</p><p> -29% 0FF </p><p>$119.99</p><a href="https://www.amazon.com/dp/B0CRDQFRXC?tag=eloabder-20&linkCode=osi&th=1&psc=1">View Product</a></div><div class="product"><a href="https://www.amazon.com/dp/B0CPPKWZT1?tag=eloabder-20&linkCode=osi&th=1&psc=1"><img src="https://m.media-amazon.com/images/I/41NLwoLkXbL._SL500_.jpg" alt="Product Image"></a><p>Insputer Pull Out Trash Can Under Cabinet with Soft-Close Slides, Heavy Duty Under Sink Trash Can Kit for Kitchen, Garbage Can Not Included, Requires Minimum Cabinets Opening 12" W X 18" D</p><p> -13% 0FF </p><p>$69.99</p><a href="https://www.amazon.com/dp/B0CPPKWZT1?tag=eloabder-20&linkCode=osi&th=1&psc=1">View Product</a></div><div class="product"><a href="https://www.amazon.com/dp/B0CVQVXN4R?tag=eloabder-20&linkCode=osi&th=1&psc=1"><img src="https://m.media-amazon.com/images/I/41zO0HSzOsL._SL500_.jpg" alt="Product Image"></a><p>HOLDN‚Äô STORAGE Pull Out Trash Can Under Cabinet - Trash Can Not Included - Dedicated Space for Disposable Trash Bags, Requires a 11‚Äù Cabinet Opening, Adjustable, Heavy Duty, Anti Rust Chrome Finish</p><p> -50% 0FF </p><p>$14.99</p><a href="https://www.amazon.com/dp/B0CVQVXN4R?tag=eloabder-20&linkCode=osi&th=1&psc=1">View Product</a></div><div class="product"><a href="https://www.amazon.com/dp/B01N74P0QB?tag=eloabder-20&linkCode=osi&th=1&psc=1"><img src="https://m.media-amazon.com/images/I/41nGX9ZrByL._SL500_.jpg" alt="Product Image"></a><p>Scotch Clear Adhesive Bumper Pads 40 PCS, Self-Stick Rubber Pads 1/2" round, Cabinet Door Rubber Bumpers, Designed to Protect Cabinets and Drawers, Sound Dampening, Transparent (SP951-NA)</p><p> -26% 0FF </p><p>$5.17 ($0.13 / Count)</p><a href="https://www.amazon.com/dp/B01N74P0QB?tag=eloabder-20&linkCode=osi&th=1&psc=1">View Product</a></div><div class="product"><a href="https://www.amazon.com/dp/B0B3WSZ3QP?tag=eloabder-20&linkCode=osi&th=1&psc=1"><img src="https://m.media-amazon.com/images/I/414o0TQt26L._SL500_.jpg" alt="Product Image"></a><p>Set of 4, 10 Inch Non-Skid Lazy Susan Organizers - Turntable Rack for Cabinet, Pantry Organization and Storage, Kitchen, Fridge, Bathroom Makeup Vanity Countertop, Under Sink Organizing, Spice Rack</p><p> -14% 0FF </p><p>$24.96 ($6.24 / Count)</p><a href="https://www.amazon.com/dp/B0B3WSZ3QP?tag=eloabder-20&linkCode=osi&th=1&psc=1">View Product</a></div>

<div class="product"><a href="https://www.amazon.com/dp/B0000AXNO5?tag=eloabder-20&linkCode=osi&th=1&psc=1"><img src="https://m.media-amazon.com/images/I/411lu8hpsTL._SL500_.jpg" alt="Product Image"></a><p>SIMPLE GREEN ndustrial Cleaner and Degreaser, 1 US GALLON</p><p> -49% 0FF </p><p>$12.79 ($0.10 / Fl Oz)</p><a href="https://www.amazon.com/dp/B0000AXNO5?tag=eloabder-20&linkCode=osi&th=1&psc=1">View Product</a></div><div class="product"><a href="https://www.amazon.com/dp/B0B6HNYPD1?tag=eloabder-20&linkCode=osi&th=1&psc=1"><img src="https://m.media-amazon.com/images/I/51EInWKBX1L._SL500_.jpg" alt="Product Image"></a><p>String Mop for Floor Cleaning - Heavy Duty Industrial Commercial Mop with Extra Replacement Mop Head , 59inch Mop Handle, Wet Mop for Home,Garage,Office, Workshop, Warehouse Floor Cleaning</p><p> -22% 0FF </p><p>$28.98</p><a href="https://www.amazon.com/dp/B0B6HNYPD1?tag=eloabder-20&linkCode=osi&th=1&psc=1">View Product</a></div><div class="product"><a href="https://www.amazon.com/dp/B09V5FV7H8?tag=eloabder-20&linkCode=osi&th=1&psc=1"><img src="https://m.media-amazon.com/images/I/41GFVuDbcUL._SL500_.jpg" alt="Product Image"></a><p>VELCRO Brand Industrial Strength Fasteners | Extreme Outdoor Weather Conditions | Heavy Duty Strength Holds up to 15 lbs | 4 x 2 inch Strips, 3 Sets, Black (VEL-30758-USA)</p><p> -30% 0FF </p><p>$5.27</p><a href="https://www.amazon.com/dp/B09V5FV7H8?tag=eloabder-20&linkCode=osi&th=1&psc=1">View Product</a></div><div class="product"><a href="https://www.amazon.com/dp/B00006RSP1?tag=eloabder-20&linkCode=osi&th=1&psc=1"><img src="https://m.media-amazon.com/images/I/41oE--c0W-L._SL500_.jpg" alt="Product Image"></a><p>VELCRO Brand Heavy Duty Tape with Adhesive | 15 Ft x 2 In | Holds 10 lbs, Black | Industrial Strength Roll, Cut Strips to Length | Strong Hold for Indoor or Outdoor Use, 15ft x 2in</p><p> -50% 0FF </p><p>$20.24</p><a href="https://www.amazon.com/dp/B00006RSP1?tag=eloabder-20&linkCode=osi&th=1&psc=1">View Product</a></div><div class="product"><a href="https://www.amazon.com/dp/B0BDLFSZR4?tag=eloabder-20&linkCode=osi&th=1&psc=1"><img src="https://m.media-amazon.com/images/I/41tLbo5s0BL._SL500_.jpg" alt="Product Image"></a><p>KeFanta Commercial Mop Heavy Duty Industrial Mop with Long Handle,60" Looped-End String Wet Cotton Mops for Floor Cleaning,Home,Kitchen,Office,Garage and Concrete/Tile Floor</p><p> -5% 0FF </p><p>$19.97</p><a href="https://www.amazon.com/dp/B0BDLFSZR4?tag=eloabder-20&linkCode=osi&th=1&psc=1">View Product</a></div>
<div class="product"><a href="https://www.amazon.com/dp/B0CTJ4Y52T?tag=eloabder-20&linkCode=osi&th=1&psc=1"><img src="https://m.media-amazon.com/images/I/410DrBVMpwL._SL500_.jpg" alt="Product Image"></a><p>Ernst Manufacturing Wrench Pro Wrench Storage for 20 Wrenches - Hi-Viz</p><p> -5% 0FF </p><p>$16.10</p><a href="https://www.amazon.com/dp/B0CTJ4Y52T?tag=eloabder-20&linkCode=osi&th=1&psc=1">View Product</a></div><div class="product"><a href="https://www.amazon.com/dp/B011BDWS5Y?tag=eloabder-20&linkCode=osi&th=1&psc=1"><img src="https://m.media-amazon.com/images/I/31vzNsRYhkL._SL500_.jpg" alt="Product Image"></a><p>Tower Manufacturing 30434009 Auto-Reset 15 AMP Right Angle GFCI Plug, Black</p><p> -6% 0FF </p><p>$16.96</p><a href="https://www.amazon.com/dp/B011BDWS5Y?tag=eloabder-20&linkCode=osi&th=1&psc=1">View Product</a></div><div class="product"><a href="https://www.amazon.com/dp/B0CTJ78V81?tag=eloabder-20&linkCode=osi&th=1&psc=1"><img src="https://m.media-amazon.com/images/I/41NufwoDLiL._SL500_.jpg" alt="Product Image"></a><p>Ernst Manufacturing Wrench Pro - Modular Wrench Organizer for 40 Tools with Magnetic Base (Hi-Viz) - Made in the USA</p><p> -5% 0FF </p><p>$37.95</p><a href="https://www.amazon.com/dp/B0CTJ78V81?tag=eloabder-20&linkCode=osi&th=1&psc=1">View Product</a></div><div class="product"><a href="https://www.amazon.com/dp/B075XZPMHX?tag=eloabder-20&linkCode=osi&th=1&psc=1"><img src="https://m.media-amazon.com/images/I/41YihmHjGFL._SL500_.jpg" alt="Product Image"></a><p>PURELL Brand CLEAN RELEASE Technology (CRT) HEALTHY SOAP Naturally Clean Foam, Fragrance Free, 1200 mL Refill for PURELL ES6 Automatic Soap Dispenser (Pack of 2) - 6470-02-Manufactured by GOJO, Inc.</p><p> -14% 0FF </p><p>$51.86 ($1.28 / Fl Oz)</p><a href="https://www.amazon.com/dp/B075XZPMHX?tag=eloabder-20&linkCode=osi&th=1&psc=1">View Product</a></div><div class="product"><a href="https://www.amazon.com/dp/B012IMWAXW?tag=eloabder-20&linkCode=osi&th=1&psc=1"><img src="https://m.media-amazon.com/images/I/41jdAol8VML._SL500_.jpg" alt="Product Image"></a><p>Schaeffer Manufacturing Co. 0191-012S Micron Moly Racing Engine Oil 20W-50, 1-Quart Bottle</p><p> -8% 0FF </p><p>$10.48</p><a href="https://www.amazon.com/dp/B012IMWAXW?tag=eloabder-20&linkCode=osi&th=1&psc=1">View Product</a></div><div class="product"><a href="https://www.amazon.com/dp/B09F8CM69J?tag=eloabder-20&linkCode=osi&th=1&psc=1"><img src="https://m.media-amazon.com/images/I/41Ok3l4S+nL._SL500_.jpg" alt="Product Image"></a><p>Boka Fluoride Free Toothpaste- Nano Hydroxyapatite, Remineralizing, Sensitive Teeth, Whitening - Dentist Recommended for Adult, Kids Oral Care- Lemon Lavender Flavor, 4 Fl Oz 1Pk US Manufactured</p><p> -19% 0FF </p><p>$12.99 ($3.25 / Ounce)</p><a href="https://www.amazon.com/dp/B09F8CM69J?tag=eloabder-20&linkCode=osi&th=1&psc=1">View Product</a></div><div class="product"><a href="https://www.amazon.com/dp/B0060BFYHM?tag=eloabder-20&linkCode=osi&th=1&psc=1"><img src="https://m.media-amazon.com/images/I/41oFKMzBXIL._SL500_.jpg" alt="Product Image"></a><p>Ernst Manufacturing 3/8-Inch Dura-Pro Twist Lock Socket Clips, 15-Pack, Black - 8441</p><p> -25% 0FF </p><p>$7.99</p><a href="https://www.amazon.com/dp/B0060BFYHM?tag=eloabder-20&linkCode=osi&th=1&psc=1">View Product</a></div>
<div class="product"><a href="https://www.amazon.com/dp/B0094KPK70?tag=eloabder-20&linkCode=osi&th=1&psc=1"><img src="https://m.media-amazon.com/images/I/31gFDiqADHL._SL500_.jpg" alt="Product Image"></a><p>Miss Jessie's Pillow Soft Curls Unisex Lotion 8.5 oz</p><p> -11% 0FF </p><p>$21.97 ($2.58 / Fl Oz)</p><a href="https://www.amazon.com/dp/B0094KPK70?tag=eloabder-20&linkCode=osi&th=1&psc=1">View Product</a></div><div class="product"><a href="https://www.amazon.com/dp/B000052YCL?tag=eloabder-20&linkCode=osi&th=1&psc=1"><img src="https://m.media-amazon.com/images/I/41LCxmzicBL._SL500_.jpg" alt="Product Image"></a><p>biot√®ne Oral Rinse Mouthwash for Dry Mouth, Breath Freshener and Dry Mouth Treatment, Fresh Mint, 16 fl oz</p><p> -15% 0FF </p><p>$6.79 ($0.42 / Fl Oz)</p><a href="https://www.amazon.com/dp/B000052YCL?tag=eloabder-20&linkCode=osi&th=1&psc=1">View Product</a></div><div class="product"><a href="https://www.amazon.com/dp/B006ZUW070?tag=eloabder-20&linkCode=osi&th=1&psc=1"><img src="https://m.media-amazon.com/images/I/311iQ7u1zvS._SL500_.jpg" alt="Product Image"></a><p>Method Antibacterial Toilet Bowl Cleaner, Spearmint, Kills 99.9% of Household Germs, 24 Fl Oz</p><p> -58% 0FF </p><p>$4.39 ($0.18 / Fl Oz)</p><a href="https://www.amazon.com/dp/B006ZUW070?tag=eloabder-20&linkCode=osi&th=1&psc=1">View Product</a></div><div class="product"><a href="https://www.amazon.com/dp/B002KAOAZ4?tag=eloabder-20&linkCode=osi&th=1&psc=1"><img src="https://m.media-amazon.com/images/I/41MXc4FkUXL._SL500_.jpg" alt="Product Image"></a><p>biot√®ne Oral Rinse Mouthwash for Dry Mouth, Breath Freshener and Dry Mouth Treatment, Fresh Mint - 33.8 fl oz</p><p> -22% 0FF </p><p>$10.98 ($0.32 / Fl Oz)</p><a href="https://www.amazon.com/dp/B002KAOAZ4?tag=eloabder-20&linkCode=osi&th=1&psc=1">View Product</a></div><div class="product"><a href="https://www.amazon.com/dp/B002L13EK4?tag=eloabder-20&linkCode=osi&th=1&psc=1"><img src="https://m.media-amazon.com/images/I/41WL7dl9L-L._SL500_.jpg" alt="Product Image"></a><p>Core Products Soft Comfort CorPak, No Frost Hot and Cold Therapy Pack - 10" x 13", Made in The USA</p><p> -17% 0FF </p><p>$14.98 ($14.98 / Count)</p><a href="https://www.amazon.com/dp/B002L13EK4?tag=eloabder-20&linkCode=osi&th=1&psc=1">View Product</a></div>
<div class="product"><a href="https://www.amazon.com/dp/B0CRNSYY12?tag=eloabder-20&linkCode=osi&th=1&psc=1"><img src="https://m.media-amazon.com/images/I/41CCImE12+L._SL500_.jpg" alt="Product Image"></a><p>Pvilub UFO LED High Bay Light 200W 2 Pack, 5000K Dimmable High Bay LED Light Fixture with US Plug 5' Cable, 28000LM IP65 Waterproof High Bay Lights for Workshop Factory Barn Warehouse</p><p> -50% 0FF </p><p>$44.99 ($22.50 / Count)</p><a href="https://www.amazon.com/dp/B0CRNSYY12?tag=eloabder-20&linkCode=osi&th=1&psc=1">View Product</a></div><div class="product"><a href="https://www.amazon.com/dp/B0CXX9R85C?tag=eloabder-20&linkCode=osi&th=1&psc=1"><img src="https://m.media-amazon.com/images/I/415nSzRaRzL._SL500_.jpg" alt="Product Image"></a><p>Sud Factory Dissolve X2 Upgraded Paint Hard Water Spot & Stain Remover for Cars, Trucks, Boats, Motorcycle, RVs, Homes & More - 16oz</p><p> -5% 0FF </p><p>$31.32 ($1.96 / Fl Oz)</p><a href="https://www.amazon.com/dp/B0CXX9R85C?tag=eloabder-20&linkCode=osi&th=1&psc=1">View Product</a></div><div class="product"><a href="https://www.amazon.com/dp/B0CYQ6YG8V?tag=eloabder-20&linkCode=osi&th=1&psc=1"><img src="https://m.media-amazon.com/images/I/415R2W7EePL._SL500_.jpg" alt="Product Image"></a><p>4-Pack UFO LED High Bay Light 200W, High Bay LED Shop Lights 6500K 30000LM Daylight UL Listed with US Plug 5' Cable, Hanging Hook, LED UFO High Bay Lights for Warehouse Workshop Garage Factory Barn</p><p> -32% 0FF </p><p>$129.99</p><a href="https://www.amazon.com/dp/B0CYQ6YG8V?tag=eloabder-20&linkCode=osi&th=1&psc=1">View Product</a></div><div class="product"><a href="https://www.amazon.com/dp/B00T3Z6VG0?tag=eloabder-20&linkCode=osi&th=1&psc=1"><img src="https://m.media-amazon.com/images/I/41HMtL8drLL._SL500_.jpg" alt="Product Image"></a><p>Lifefactory 20-Ounce Indoor/Outdoor Protective Silicone Sleeve Beverage Glass, 4 Count (Pack of 1), Orange, Grass Green, Cobalt, Huckleberry</p><p> -20% 0FF </p><p>$39.99 ($10.00 / Count)</p><a href="https://www.amazon.com/dp/B00T3Z6VG0?tag=eloabder-20&linkCode=osi&th=1&psc=1">View Product</a></div><div class="product"><a href="https://www.amazon.com/dp/B0CYQ2W7YR?tag=eloabder-20&linkCode=osi&th=1&psc=1"><img src="https://m.media-amazon.com/images/I/41zMwlG6vaL._SL500_.jpg" alt="Product Image"></a><p>6 Packs UFO LED High Bay Light - 200W High Bay LED Shop Lights, 6500K 30000LM UFO Lights with US Plug 5ft Cable, Hanging Hook, Commercial Bay Lighting Daylight for Warehouse Factory Shop - UL Listed</p><p> -36% 0FF </p><p>$179.99 ($30.00 / Count)</p><a href="https://www.amazon.com/dp/B0CYQ2W7YR?tag=eloabder-20&linkCode=osi&th=1&psc=1">View Product</a></div><div class="product"><a href="https://www.amazon.com/dp/B08Y2J4C4C?tag=eloabder-20&linkCode=osi&th=1&psc=1"><img src="https://m.media-amazon.com/images/I/41T83Y3drrL._SL500_.jpg" alt="Product Image"></a><p>Factory Direct Partners 10368-BK 16" School Stack Chair, Stacking Student Seat with Chromed Steel Legs and Nylon Swivel Glides for in-Home Learning or Classroom - Black (6-Pack)</p><p> -21% 0FF </p><p>$240.05 ($40.01 / Count)</p><a href="https://www.amazon.com/dp/B08Y2J4C4C?tag=eloabder-20&linkCode=osi&th=1&psc=1">View Product</a></div><div class="product"><a href="https://www.amazon.com/dp/B0D6X64LWH?tag=eloabder-20&linkCode=osi&th=1&psc=1"><img src="https://m.media-amazon.com/images/I/41MQiiwVEsL._SL500_.jpg" alt="Product Image"></a><p>White Knight M12x1.25 Lug Nuts for Select Nissan and Infiniti, Factory Style Chrome Med Mag with Washer - 5306-20AM (20 Pack)</p><p> -16% 0FF </p><p>$20.88</p><a href="https://www.amazon.com/dp/B0D6X64LWH?tag=eloabder-20&linkCode=osi&th=1&psc=1">View Product</a></div>
<div class="product"><a href="https://www.amazon.com/dp/B0CKWZTJTL?tag=eloabder-20&linkCode=osi&th=1&psc=1"><img src="https://m.media-amazon.com/images/I/51x2qwWd-3L._SL500_.jpg" alt="Product Image"></a><p>VEVOR 4pcs Machinery Mover, 8T Machinery Skate Dolly, 17637lbs Machinery Moving Skate, Machinery Mover Skate w/ 360¬∞ Rotation Cap and 4 Rollers, Heavy Duty Industrial Moving Equipment, Yellow</p><p> -5% 0FF </p><p>$142.49</p><a href="https://www.amazon.com/dp/B0CKWZTJTL?tag=eloabder-20&linkCode=osi&th=1&psc=1">View Product</a></div><div class="product"><a href="https://www.amazon.com/dp/B0CB8VNTLN?tag=eloabder-20&linkCode=osi&th=1&psc=1"><img src="https://m.media-amazon.com/images/I/41PG7e4nerL._SL500_.jpg" alt="Product Image"></a><p>VEVOR Machinery Skate Dolly, 13,200 LBS/6T Industrial Machinery Mover, Heavy Duty Carbon Steel Machinery Moving Skate with 4 PU Wheels and 360¬∞ Rotation Non-Slip Cap for Warehouse, Workshop, Factory</p><p> -26% 0FF </p><p>$29.69</p><a href="https://www.amazon.com/dp/B0CB8VNTLN?tag=eloabder-20&linkCode=osi&th=1&psc=1">View Product</a></div><div class="product"><a href="https://www.amazon.com/dp/B0BG5HT6VK?tag=eloabder-20&linkCode=osi&th=1&psc=1"><img src="https://m.media-amazon.com/images/I/419hHIpihrL._SL500_.jpg" alt="Product Image"></a><p>VEVOR Machinery Skate Dolly, 6614 LBS/3T Industrial Machinery Mover with Handle, Carbon Steel Machinery Moving Skate with 3 360¬∞ Swivel PU Wheels, 360¬∞ Rotation Non-Slip Cap for Warehouse, Workshop</p><p> -9% 0FF </p><p>$99.99</p><a href="https://www.amazon.com/dp/B0BG5HT6VK?tag=eloabder-20&linkCode=osi&th=1&psc=1">View Product</a></div>
<div class="product"><a href="https://www.amazon.com/dp/B07R71PYPH?tag=eloabder-20&linkCode=osi&th=1&psc=1"><img src="https://m.media-amazon.com/images/I/51xY0A0dj6L._SL500_.jpg" alt="Product Image"></a><p>NEENCA Professional Knee Brace for Pain Relief, Medical Knee Support with Patella Pad & Side Stabilizers, Compression Knee Sleeve for Meniscus Tear, ACL, Joint Pain, Runner, Workout - FSA/HSA Eligible</p><p> -15% 0FF </p><p>$22.07</p><a href="https://www.amazon.com/dp/B07R71PYPH?tag=eloabder-20&linkCode=osi&th=1&psc=1">View Product</a></div><div class="product"><a href="https://www.amazon.com/dp/B0D8KQ4349?tag=eloabder-20&linkCode=osi&th=1&psc=1"><img src="https://m.media-amazon.com/images/I/41E0E-DrOiL._SL500_.jpg" alt="Product Image"></a><p>Rechargeable EMF Meter, 5 Level LED Portable Handheld Magnetic Field Detector for Ghost Hunting and Inspections in Home, Electromagnetic Paranormal Equipment Tester Up to 20 + MG</p><p> -17% 0FF </p><p>$14.99</p><a href="https://www.amazon.com/dp/B0D8KQ4349?tag=eloabder-20&linkCode=osi&th=1&psc=1">View Product</a></div><div class="product"><a href="https://www.amazon.com/dp/B08R6XRYVD?tag=eloabder-20&linkCode=osi&th=1&psc=1"><img src="https://m.media-amazon.com/images/I/31Oss0Gr+fL._SL500_.jpg" alt="Product Image"></a><p>99.9% Copper Dowsing Rods - 2PCS Divining Rods - for Ghost Hunting Tools, Divining Water, Treasure, Buried Items Etc</p><p> -30% 0FF </p><p>$13.99</p><a href="https://www.amazon.com/dp/B08R6XRYVD?tag=eloabder-20&linkCode=osi&th=1&psc=1">View Product</a></div>
<div class="product"><a href="https://www.amazon.com/dp/B0723914V1?tag=eloabder-20&linkCode=osi&th=1&psc=1"><img src="https://m.media-amazon.com/images/I/51A+d87r2aL._SL500_.jpg" alt="Product Image"></a><p>DEKOPRO 228 Piece Socket Wrench Auto Repair Tool Combination Package Mixed Tool Set Hand Tool Kit with Plastic Toolbox Storage Case</p><p> -20% 0FF </p><p>$79.99</p><a href="https://www.amazon.com/dp/B0723914V1?tag=eloabder-20&linkCode=osi&th=1&psc=1">View Product</a></div><div class="product"><a href="https://www.amazon.com/dp/B0105SSMRO?tag=eloabder-20&linkCode=osi&th=1&psc=1"><img src="https://m.media-amazon.com/images/I/313ovohBnZL._SL500_.jpg" alt="Product Image"></a><p>7-piece Workpro Pliers Set with Groove Joint, Long Nose, Slip Joint, Linesman, and Diagonal Pliers for DIY & Home Use</p><p> -20% 0FF </p><p>$19.99</p><a href="https://www.amazon.com/dp/B0105SSMRO?tag=eloabder-20&linkCode=osi&th=1&psc=1">View Product</a></div><div class="product"><a href="https://www.amazon.com/dp/B0BR8B8XKJ?tag=eloabder-20&linkCode=osi&th=1&psc=1"><img src="https://m.media-amazon.com/images/I/41fSDIgwWCL._SL500_.jpg" alt="Product Image"></a><p>2Pcs Heavy Duty Automatic Center Punch, 5'' Premium Steel Spring Loaded Center Hole Punch, Adjustable Spring Impact Center Marker Scriber Tool for Metel, Plastics, Wood, Glass by karmiero</p><p> -20% 0FF </p><p>$3.99</p><a href="https://www.amazon.com/dp/B0BR8B8XKJ?tag=eloabder-20&linkCode=osi&th=1&psc=1">View Product</a></div><div class="product"><a href="https://www.amazon.com/dp/B08YRLZCPJ?tag=eloabder-20&linkCode=osi&th=1&psc=1"><img src="https://m.media-amazon.com/images/I/51LIpo1iBZS._SL500_.jpg" alt="Product Image"></a><p>Egofine 46 Pieces 1/4 inch Drive Socket Ratchet Wrench Set, with Bit Socket Set Metric and Extension Bar for Auto Repairing and Household, with Storage Case</p><p> -23% 0FF </p><p>$19.87</p><a href="https://www.amazon.com/dp/B08YRLZCPJ?tag=eloabder-20&linkCode=osi&th=1&psc=1">View Product</a></div><div class="product"><a href="https://www.amazon.com/dp/B07WP4165D?tag=eloabder-20&linkCode=osi&th=1&psc=1"><img src="https://m.media-amazon.com/images/I/51TA+8eP4zL._SL500_.jpg" alt="Product Image"></a><p>Laser Level Line Tool, Multipurpose Laser Level Kit Standard Cross Line Laser leveler Beam Tool with Metric Rulers 8ft/2.5M for Picture Hanging cabinets Tile Walls by AikTryee.</p><p> -48% 0FF </p><p>$9.95</p><a href="https://www.amazon.com/dp/B07WP4165D?tag=eloabder-20&linkCode=osi&th=1&psc=1">View Product</a></div><div class="product"><a href="https://www.amazon.com/dp/B09TB7M842?tag=eloabder-20&linkCode=osi&th=1&psc=1"><img src="https://m.media-amazon.com/images/I/412U9M3sOcL._SL500_.jpg" alt="Product Image"></a><p>DEWALT 20V MAX XR Cut Off Tool, Brushless and Compact, Bare Tool Only (DCS438B)</p><p> -37% 0FF </p><p>$125.90</p><a href="https://www.amazon.com/dp/B09TB7M842?tag=eloabder-20&linkCode=osi&th=1&psc=1">View Product</a></div><div class="product"><a href="https://www.amazon.com/dp/B0BRPVRC77?tag=eloabder-20&linkCode=osi&th=1&psc=1"><img src="https://m.media-amazon.com/images/I/51DFLa11vEL._SL500_.jpg" alt="Product Image"></a><p>HORUSDY 16-Piece Punch and Chisel Set, Including Taper Punch, Cold Chisels, Pin Punch, Center Punch</p><p> -22% 0FF </p><p>$20.99</p><a href="https://www.amazon.com/dp/B0BRPVRC77?tag=eloabder-20&linkCode=osi&th=1&psc=1">View Product</a></div>
<div class="product"><a href="https://www.amazon.com/dp/B088M48Z3G?tag=eloabder-20&linkCode=osi&th=1&psc=1"><img src="https://m.media-amazon.com/images/I/51MV5+juS8L._SL500_.jpg" alt="Product Image"></a><p>anezus Self Healing Sewing Mat, 12inch x 18inch Rotary Cutting Mat Double Sided 5-Ply Craft Cutting Board for Sewing Crafts Hobby Fabric Precision Scrapbooking Project</p><p> -44% 0FF </p><p>$8.99</p><a href="https://www.amazon.com/dp/B088M48Z3G?tag=eloabder-20&linkCode=osi&th=1&psc=1">View Product</a></div><div class="product"><a href="https://www.amazon.com/dp/B0BX2BN5KQ?tag=eloabder-20&linkCode=osi&th=1&psc=1"><img src="https://m.media-amazon.com/images/I/31VTaTFWBXL._SL500_.jpg" alt="Product Image"></a><p>12 * 12 inch Packing Paper for Moving 100 Sheets Protecting Fragile China and Glasses,Small Wrapping Paper for Shipping and Moving Box Filler</p><p> -20% 0FF </p><p>$6.99 ($0.07 / Count)</p><a href="https://www.amazon.com/dp/B0BX2BN5KQ?tag=eloabder-20&linkCode=osi&th=1&psc=1">View Product</a></div>
<div class="product"><a href="https://www.amazon.com/dp/B0CMZZGXPX?tag=eloabder-20&linkCode=osi&th=1&psc=1"><img src="https://m.media-amazon.com/images/I/31YMA2qw31L._SL500_.jpg" alt="Product Image"></a><p>CREGEAR ABS Plastic Sheet 1/8 Inch Thick - 12" x 12", Black Plastic Sheet Rigid Thermoplastic Sheet, ABS Plastic Board for Sign, Craft, DIY Project, 2 Different Surfaces - Texture & Smooth, 1 Pack</p><p> -11% 0FF </p><p>$7.97</p><a href="https://www.amazon.com/dp/B0CMZZGXPX?tag=eloabder-20&linkCode=osi&th=1&psc=1">View Product</a></div>
<div class="product"><a href="https://www.amazon.com/dp/B0B293QNWQ?tag=eloabder-20&linkCode=osi&th=1&psc=1"><img src="https://m.media-amazon.com/images/I/41+feq08GCL._SL500_.jpg" alt="Product Image"></a><p>Metal Ice Scoop 6 OzÔºåKitchen Ice Scooper for Ice Maker, Small Food Scoops for Bar Party Wedding Pet Dog Food, Stainless Steel Silver</p><p> -30% 0FF </p><p>$6.99</p><a href="https://www.amazon.com/dp/B0B293QNWQ?tag=eloabder-20&linkCode=osi&th=1&psc=1">View Product</a></div><div class="product"><a href="https://www.amazon.com/dp/B07PXLJ9MP?tag=eloabder-20&linkCode=osi&th=1&psc=1"><img src="https://m.media-amazon.com/images/I/41YOR10YvIL._SL500_.jpg" alt="Product Image"></a><p>Fayleeko Wire Coat Hangers 40 Pack Strong Heavy Duty Stainless Steel Metal Ultra Thin Space Saving Clothes Hangers 16.5 Inch</p><p> -38% 0FF </p><p>$24.88 ($0.62 / Count)</p><a href="https://www.amazon.com/dp/B07PXLJ9MP?tag=eloabder-20&linkCode=osi&th=1&psc=1">View Product</a></div><div class="product"><a href="https://www.amazon.com/dp/B000H5W3PI?tag=eloabder-20&linkCode=osi&th=1&psc=1"><img src="https://m.media-amazon.com/images/I/21FCToLy5VL._SL500_.jpg" alt="Product Image"></a><p>K&S Sheet Metal Stock, Made in The USA,Stainless Steel/Silver</p><p> -14% 0FF </p><p>$6.47</p><a href="https://www.amazon.com/dp/B000H5W3PI?tag=eloabder-20&linkCode=osi&th=1&psc=1">View Product</a></div><div class="product"><a href="https://www.amazon.com/dp/B07GDDF5JB?tag=eloabder-20&linkCode=osi&th=1&psc=1"><img src="https://m.media-amazon.com/images/I/31dFxe1Df0L._SL500_.jpg" alt="Product Image"></a><p>HURRICANE 10 Inch Aviation Tin Snips, Heavy Duty Metal Cutter Shears for Cutting Sheet Metal, Straight Cut, Chrome Vanadium Steel</p><p> -30% 0FF </p><p>$13.99</p><a href="https://www.amazon.com/dp/B07GDDF5JB?tag=eloabder-20&linkCode=osi&th=1&psc=1">View Product</a></div>
<div class="product"><a href="https://www.amazon.com/dp/B0D95L6W5J?tag=eloabder-20&linkCode=osi&th=1&psc=1"><img src="https://m.media-amazon.com/images/I/41tbedSgDfL._SL500_.jpg" alt="Product Image"></a><p>Tandefio 40 Sticks Brazing Rods Bcup-5 Solder Phos Copper Brazing Alloys Flat Welding Rods Industry 0.050"x1/8"x10" for Air Conditioning Refrigerator Cold Storage HVAC Units (Phosphor Copper)</p><p> -5% 0FF </p><p>$20.99</p><a href="https://www.amazon.com/dp/B0D95L6W5J?tag=eloabder-20&linkCode=osi&th=1&psc=1">View Product</a></div>
<div class="product"><a href="https://www.amazon.com/dp/B0053KMAMI?tag=eloabder-20&linkCode=osi&th=1&psc=1"><img src="https://m.media-amazon.com/images/I/41f4ot2fnZL._SL500_.jpg" alt="Product Image"></a><p>Party Dimensions Plastic 300 Count Cutlery Combo Box, Clear, Combo Box, Clear 300 Count</p><p> -25% 0FF </p><p>$14.99</p><a href="https://www.amazon.com/dp/B0053KMAMI?tag=eloabder-20&linkCode=osi&th=1&psc=1">View Product</a></div><div class="product"><a href="https://www.amazon.com/dp/B0CCMNPWGW?tag=eloabder-20&linkCode=osi&th=1&psc=1"><img src="https://m.media-amazon.com/images/I/41k5QSXXF8L._SL500_.jpg" alt="Product Image"></a><p>6 Pack Black Plastic Sheets 8x12x0.04 in Flexible High Tensile Plastic Sheets,Plastic Sheet Hard Plastic Sheet Black Plastic Panel for DIY Materials Handicrafts Home Decoration</p><p> -22% 0FF </p><p>$6.99</p><a href="https://www.amazon.com/dp/B0CCMNPWGW?tag=eloabder-20&linkCode=osi&th=1&psc=1">View Product</a></div><div class="product"><a href="https://www.amazon.com/dp/B085T6685R?tag=eloabder-20&linkCode=osi&th=1&psc=1"><img src="https://m.media-amazon.com/images/I/41RbX0YJ2PL._SL500_.jpg" alt="Product Image"></a><p>POSATE Heavy Weight Plastic Forks, Clear Disposable, 100 Count</p><p> -47% 0FF </p><p>$13.80</p><a href="https://www.amazon.com/dp/B085T6685R?tag=eloabder-20&linkCode=osi&th=1&psc=1">View Product</a></div><div class="product"><a href="https://www.amazon.com/dp/B0C1JMKHL4?tag=eloabder-20&linkCode=osi&th=1&psc=1"><img src="https://m.media-amazon.com/images/I/51vGnsuo0GL._SL500_.jpg" alt="Product Image"></a><p>MOACOCK 200 Count Plastic Silverware, Heavy Weight Plastic Forks Spoons Disposable Utensils Cutlery Set for Wedding Party Supplies Everyday Use</p><p> -7% 0FF </p><p>$12.99</p><a href="https://www.amazon.com/dp/B0C1JMKHL4?tag=eloabder-20&linkCode=osi&th=1&psc=1">View Product</a></div><div class="product"><a href="https://www.amazon.com/dp/B0CZHZ4VYY?tag=eloabder-20&linkCode=osi&th=1&psc=1"><img src="https://m.media-amazon.com/images/I/41NCRYSzzPL._SL500_.jpg" alt="Product Image"></a><p>Dealusy 100 Count Extra Heavy Duty Clear Plastic Knives Disposable, BPA-Free, Heat Resistant, Solid and Durable Disposable Knives Bulk, Premium Plastic Knives heavy duty for Party Supply</p><p> -31% 0FF </p><p>$8.99</p><a href="https://www.amazon.com/dp/B0CZHZ4VYY?tag=eloabder-20&linkCode=osi&th=1&psc=1">View Product</a></div><div class="product"><a href="https://www.amazon.com/dp/B00I9J3ACY?tag=eloabder-20&linkCode=osi&th=1&psc=1"><img src="https://m.media-amazon.com/images/I/51W96ohIwyL._SL500_.jpg" alt="Product Image"></a><p>Hefty Party On Disposable Plastic Cups, Red, 18 Ounce, 50 Count</p><p> -27% 0FF </p><p>$5.84 ($0.12 / Count)</p><a href="https://www.amazon.com/dp/B00I9J3ACY?tag=eloabder-20&linkCode=osi&th=1&psc=1">View Product</a></div>
<div class="product"><a href="https://www.amazon.com/dp/B08ZX4PNGL?tag=eloabder-20&linkCode=osi&th=1&psc=1"><img src="https://m.media-amazon.com/images/I/41qtw-wXhWL._SL500_.jpg" alt="Product Image"></a><p>Soil Moist SAP Water Storing Crystals Polymer Small Granular_20-100 mesh (1), White</p><p> -18% 0FF </p><p>$12.99 ($0.81 / Ounce)</p><a href="https://www.amazon.com/dp/B08ZX4PNGL?tag=eloabder-20&linkCode=osi&th=1&psc=1">View Product</a></div><div class="product"><a href="https://www.amazon.com/dp/B099KS2PDW?tag=eloabder-20&linkCode=osi&th=1&psc=1"><img src="https://m.media-amazon.com/images/I/51JgOs5PnML._SL500_.jpg" alt="Product Image"></a><p>Polymaker PLA PRO Filament 1.75mm, Tough & High Rigidity Black PLA Filament 1.75mm 1kg Cardboard Spool - PolyLite PLA PRO 3D Printer Filament 1.75mm, Print with Most 3D Printers Using 3D Filament</p><p> -14% 0FF </p><p>$24.99 ($0.71 / Ounce)</p><a href="https://www.amazon.com/dp/B099KS2PDW?tag=eloabder-20&linkCode=osi&th=1&psc=1">View Product</a></div><div class="product"><a href="https://www.amazon.com/dp/B0CK9D7FYJ?tag=eloabder-20&linkCode=osi&th=1&psc=1"><img src="https://m.media-amazon.com/images/I/51lrOOPPi4L._SL500_.jpg" alt="Product Image"></a><p>Scrub Daddy Color Sponge - Scratch-Free Multipurpose Dish Sponge Color Variety Pack - BPA Free & Made with Polymer Foam - Stain & Odor Resistant Kitchen Sponge (3 Count, 2 Pack)</p><p> -12% 0FF </p><p>$19.30 ($3.22 / Count)</p><a href="https://www.amazon.com/dp/B0CK9D7FYJ?tag=eloabder-20&linkCode=osi&th=1&psc=1">View Product</a></div><div class="product"><a href="https://www.amazon.com/dp/B00XXOFV2M?tag=eloabder-20&linkCode=osi&th=1&psc=1"><img src="https://m.media-amazon.com/images/I/31DpBHBqqxL._SL500_.jpg" alt="Product Image"></a><p>Intertape Polymer Group K2525P293 Central 260 Medium Duty Reinforced Water Activated Tape, 3" Width, 450' Length, FRAGILE, Pack of 10</p><p> -12% 0FF </p><p>$89.16 ($8.92 / Count)</p><a href="https://www.amazon.com/dp/B00XXOFV2M?tag=eloabder-20&linkCode=osi&th=1&psc=1">View Product</a></div><div class="product"><a href="https://www.amazon.com/dp/B0C6DNQF1H?tag=eloabder-20&linkCode=osi&th=1&psc=1"><img src="https://m.media-amazon.com/images/I/51lbJOfwjFL._SL500_.jpg" alt="Product Image"></a><p>DIYMAG Ceramic Round Magnets for Crafts 35 Packs with Adhesive Backing. 0.98Inch (25mm) Small Magnets Perfect for Fridge, DIY, Building, Scientific, Craft, and Office.Ôºà0.98 * 0.2Inch-35pÔºâ</p><p> -13% 0FF </p><p>$6.99 ($0.20 / Count)</p><a href="https://www.amazon.com/dp/B0C6DNQF1H?tag=eloabder-20&linkCode=osi&th=1&psc=1">View Product</a></div>
<div class="product"><a href="https://www.amazon.com/dp/B001TK0DSY?tag=eloabder-20&linkCode=osi&th=1&psc=1"><img src="https://m.media-amazon.com/images/I/41sY5CJF40L._SL500_.jpg" alt="Product Image"></a><p>Chemical Guys CWS_301_16 Citrus Wash & Gloss Foaming Car Wash Soap (Works with Foam Cannons, Foam Guns or Bucket Washes) Safe for Cars, Trucks, Motorcycles, RVs & More, 16 fl oz, Citrus Scent</p><p> -17% 0FF </p><p>$9.97 ($0.62 / Fl Oz)</p><a href="https://www.amazon.com/dp/B001TK0DSY?tag=eloabder-20&linkCode=osi&th=1&psc=1">View Product</a></div><div class="product"><a href="https://www.amazon.com/dp/B00HK95ZZY?tag=eloabder-20&linkCode=osi&th=1&psc=1"><img src="https://m.media-amazon.com/images/I/41ztWGvZpCL._SL500_.jpg" alt="Product Image"></a><p>SmartSign - U9-1214-NA_7x10 "Danger - Chemical Storage Area, Authorized Personnel Only" Sign | 7" x 10" Aluminum Black/Red on White</p><p> -16% 0FF </p><p>$10.93</p><a href="https://www.amazon.com/dp/B00HK95ZZY?tag=eloabder-20&linkCode=osi&th=1&psc=1">View Product</a></div>
<div class="product"><a href="https://www.amazon.com/dp/B0916KZ598?tag=eloabder-20&linkCode=osi&th=1&psc=1"><img src="https://m.media-amazon.com/images/I/510bNE6qm3L._SL500_.jpg" alt="Product Image"></a><p>Gorilla Max Strength Clear Construction Adhesive, 2.5 Ounce Squeeze Tube, Clear, (Pack of 1)</p><p> -11% 0FF </p><p>$7.97 ($3.19 / Fl Oz)</p><a href="https://www.amazon.com/dp/B0916KZ598?tag=eloabder-20&linkCode=osi&th=1&psc=1">View Product</a></div><div class="product"><a href="https://www.amazon.com/dp/B0BM27YSBB?tag=eloabder-20&linkCode=osi&th=1&psc=1"><img src="https://m.media-amazon.com/images/I/41j2z0sRK8L._SL500_.jpg" alt="Product Image"></a><p>Gorilla Heavy Duty Construction Adhesive, 7 Ounce Squeeze Tube, White, (Pack of 1)</p><p> -5% 0FF </p><p>$9.47 ($1.35 / Fl Oz)</p><a href="https://www.amazon.com/dp/B0BM27YSBB?tag=eloabder-20&linkCode=osi&th=1&psc=1">View Product</a></div><div class="product"><a href="https://www.amazon.com/dp/B07VNSXY31?tag=eloabder-20&linkCode=osi&th=1&psc=1"><img src="https://m.media-amazon.com/images/I/31AwF4uloCL._SL500_.jpg" alt="Product Image"></a><p>EZlifego Double Sided Tape Heavy Duty, Extra Large Nano Double Sided Adhesive Tape, Clear Mounting Tape Picture Hanging Adhesive Strips,Removable Wall Tape Sticky Poster Tape Decor Carpet Tape(9.85FT)</p><p> -20% 0FF </p><p>$11.99</p><a href="https://www.amazon.com/dp/B07VNSXY31?tag=eloabder-20&linkCode=osi&th=1&psc=1">View Product</a></div><div class="product"><a href="https://www.amazon.com/dp/B0006HUJCQ?tag=eloabder-20&linkCode=osi&th=1&psc=1"><img src="https://m.media-amazon.com/images/I/511pTqChTCL._SL500_.jpg" alt="Product Image"></a><p>Loctite 1364076 Super Glue Easy Squeeze Gel, .14 oz, Super Glue Liquid</p><p> -45% 0FF </p><p>$3.64 ($26.00 / Fl Oz)</p><a href="https://www.amazon.com/dp/B0006HUJCQ?tag=eloabder-20&linkCode=osi&th=1&psc=1">View Product</a></div><div class="product"><a href="https://www.amazon.com/dp/B000BQYHSY?tag=eloabder-20&linkCode=osi&th=1&psc=1"><img src="https://m.media-amazon.com/images/I/41jVQXZlyKL._SL500_.jpg" alt="Product Image"></a><p>Liquid Nails LN-700 4-Ounce Small Projects and Repairs Adhesive</p><p> -22% 0FF </p><p>$3.98 ($1.00 / Fl Oz)</p><a href="https://www.amazon.com/dp/B000BQYHSY?tag=eloabder-20&linkCode=osi&th=1&psc=1">View Product</a></div>
<div class="product"><a href="https://www.amazon.com/dp/B0002UEPVI?tag=eloabder-20&linkCode=osi&th=1&psc=1"><img src="https://m.media-amazon.com/images/I/41VgMnT8V8L._SL500_.jpg" alt="Product Image"></a><p>Permatex 80050 Clear RTV Silicone Adhesive Sealant, 3 oz</p><p> -28% 0FF </p><p>$5.04 ($1.68 / Ounce)</p><a href="https://www.amazon.com/dp/B0002UEPVI?tag=eloabder-20&linkCode=osi&th=1&psc=1">View Product</a></div><div class="product"><a href="https://www.amazon.com/dp/B01NCSN5AS?tag=eloabder-20&linkCode=osi&th=1&psc=1"><img src="https://m.media-amazon.com/images/I/41u1Bk8aMML._SL500_.jpg" alt="Product Image"></a><p>Gorilla Waterproof Caulk & Seal 100% Silicone Sealant, White, 10oz Cartridge (Pack of 1)</p><p> -10% 0FF </p><p>$9.84 ($0.98 / Ounce)</p><a href="https://www.amazon.com/dp/B01NCSN5AS?tag=eloabder-20&linkCode=osi&th=1&psc=1">View Product</a></div><div class="product"><a href="https://www.amazon.com/dp/B0B8QPH3RW?tag=eloabder-20&linkCode=osi&th=1&psc=1"><img src="https://m.media-amazon.com/images/I/31FmC2PDnsL._SL500_.jpg" alt="Product Image"></a><p>GE All Purpose Silicone Caulk - 100% Waterproof Silicone Sealant, Stronger Adhesion, Freeze & Sun Proof - 10 oz Cartridge, Clear, Pack of 1</p><p> -22% 0FF </p><p>$6.98</p><a href="https://www.amazon.com/dp/B0B8QPH3RW?tag=eloabder-20&linkCode=osi&th=1&psc=1">View Product</a></div><div class="product"><a href="https://www.amazon.com/dp/B000XBDJWC?tag=eloabder-20&linkCode=osi&th=1&psc=1"><img src="https://m.media-amazon.com/images/I/31O8FwTY5WL._SL500_.jpg" alt="Product Image"></a><p>3M Marine Adhesive Sealant 4000 UV, PN06580, White, 295 mL Cartridge, 10 Fl Oz (Pack of 1)</p><p> -15% 0FF </p><p>$18.75 ($1.88 / Fl Oz)</p><a href="https://www.amazon.com/dp/B000XBDJWC?tag=eloabder-20&linkCode=osi&th=1&psc=1">View Product</a></div><div class="product"><a href="https://www.amazon.com/dp/B01MQW8AEM?tag=eloabder-20&linkCode=osi&th=1&psc=1"><img src="https://m.media-amazon.com/images/I/31gdoMW-i8L._SL500_.jpg" alt="Product Image"></a><p>Gorilla 8050002 Clear Silicone Sealant, 1-Pack</p><p> -10% 0FF </p><p>$9.84 ($0.98 / Fl Oz)</p><a href="https://www.amazon.com/dp/B01MQW8AEM?tag=eloabder-20&linkCode=osi&th=1&psc=1">View Product</a></div>

<div class="product"><a href="https://www.amazon.com/dp/B004UICH5O?tag=eloabder-20&linkCode=osi&th=1&psc=1"><img src="https://m.media-amazon.com/images/I/5123T4CVtTL._SL500_.jpg" alt="Product Image"></a><p>Dynarex DynaLube Lubricating Jelly, Water Soluble and Sterile Lubricant Jelly, Used for Body Orifices, Hinged Instruments and Medical Devices, 1 Box of 144 DynaLube Packets, 2.7g</p><p> -5% 0FF </p><p>$12.49 ($0.09 / Count)</p><a href="https://www.amazon.com/dp/B004UICH5O?tag=eloabder-20&linkCode=osi&th=1&psc=1">View Product</a></div><div class="product"><a href="https://www.amazon.com/dp/B087ZHPVRW?tag=eloabder-20&linkCode=osi&th=1&psc=1"><img src="https://m.media-amazon.com/images/I/51My23RlqsL._SL500_.jpg" alt="Product Image"></a><p>3-IN-ONE Professional Garage Door Lubricant with Smart Straw Sprays 2 Ways, 11 OZ Twin Pack, 100584, Clear</p><p> -20% 0FF </p><p>$15.96 ($7.98 / Count)</p><a href="https://www.amazon.com/dp/B087ZHPVRW?tag=eloabder-20&linkCode=osi&th=1&psc=1">View Product</a></div><div class="product"><a href="https://www.amazon.com/dp/B07K323XYQ?tag=eloabder-20&linkCode=osi&th=1&psc=1"><img src="https://m.media-amazon.com/images/I/41Stkw4geDL._SL500_.jpg" alt="Product Image"></a><p>McKesson Lubricating Jelly Sterile 4 oz. Tube 1 Each 16-8919</p><p> -63% 0FF </p><p>$5.48 ($0.11 / Ounce)</p><a href="https://www.amazon.com/dp/B07K323XYQ?tag=eloabder-20&linkCode=osi&th=1&psc=1">View Product</a></div><div class="product"><a href="https://www.amazon.com/dp/B00AF0ODGM?tag=eloabder-20&linkCode=osi&th=1&psc=1"><img src="https://m.media-amazon.com/images/I/418phnGj-VL._SL500_.jpg" alt="Product Image"></a><p>WD-40 Specialist Dry Lube with SMART STRAW SPRAYS 2 WAYS, 10 OZ</p><p> -6% 0FF </p><p>$7.98 ($0.80 / Ounce)</p><a href="https://www.amazon.com/dp/B00AF0ODGM?tag=eloabder-20&linkCode=osi&th=1&psc=1">View Product</a></div><div class="product"><a href="https://www.amazon.com/dp/B0081JE0OO?tag=eloabder-20&linkCode=osi&th=1&psc=1"><img src="https://m.media-amazon.com/images/I/31YRFZU58NL._SL500_.jpg" alt="Product Image"></a><p>Super Lube 92003 Silicone Lubricating Grease with PTFE, 3 oz Tube, Translucent White</p><p> -34% 0FF </p><p>$11.80 ($3.93 / Ounce)</p><a href="https://www.amazon.com/dp/B0081JE0OO?tag=eloabder-20&linkCode=osi&th=1&psc=1">View Product</a></div><div class="product"><a href="https://www.amazon.com/dp/B000UKUHXK?tag=eloabder-20&linkCode=osi&th=1&psc=1"><img src="https://m.media-amazon.com/images/I/31PHNtI4eWL._SL500_.jpg" alt="Product Image"></a><p>Super Lube 51004 Synthetic Oil with PTFE, High Viscosity, 4 oz Bottle,Translucent white(Packaging may vary)</p><p> -27% 0FF </p><p>$7.82 ($1.96 / Fl Oz)</p><a href="https://www.amazon.com/dp/B000UKUHXK?tag=eloabder-20&linkCode=osi&th=1&psc=1">View Product</a></div>

<div class="product"><a href="https://www.amazon.com/dp/B0BRPQW3G9?tag=eloabder-20&linkCode=osi&th=1&psc=1"><img src="https://m.media-amazon.com/images/I/51TpMRJpWeL._SL500_.jpg" alt="Product Image"></a><p>JEGONFRI High Hardness Wood Screws Assortment Kit, 209 pcs, Phillips Drive Flat Head, Wood Screws, Screws, Drywall Screws, Assorted Screws, Screws Set, 6 Sizes (2‚Äù,1-1/2‚Äù,1-1/4‚Äù,1‚Äù,3/4‚Äù,1/2‚Äù)</p><p> -20% 0FF </p><p>$7.96</p><a href="https://www.amazon.com/dp/B0BRPQW3G9?tag=eloabder-20&linkCode=osi&th=1&psc=1">View Product</a></div><div class="product"><a href="https://www.amazon.com/dp/B0BHNK23GJ?tag=eloabder-20&linkCode=osi&th=1&psc=1"><img src="https://m.media-amazon.com/images/I/51ZAmhP99TL._SL500_.jpg" alt="Product Image"></a><p>KURUI Drywall Screws Assortment Kit, #6 Black Wood Screws for Drywall,165pcs Coarse Thread Sheetrock Screws Set, Phillips Drive Self Tapping Dry Wall Screws 4 Sizes 1",1-1/4",1-5/8",2"</p><p> -24% 0FF </p><p>$7.59 ($0.05 / Count)</p><a href="https://www.amazon.com/dp/B0BHNK23GJ?tag=eloabder-20&linkCode=osi&th=1&psc=1">View Product</a></div><div class="product"><a href="https://www.amazon.com/dp/B0D3HVHPXW?tag=eloabder-20&linkCode=osi&th=1&psc=1"><img src="https://m.media-amazon.com/images/I/51boObkp+HL._SL500_.jpg" alt="Product Image"></a><p>GVAKMM Drywall Screws Assortment Kit,#7 Black Wood Screws Set,160pcsÔºå5 Sizes(3'',2'',1-3/8'',1'',5/8''),Coarse Thread Phillips Drive Bugle Head Sharp Point,Ideal for Wood,Sheetrock and More</p><p> -13% 0FF </p><p>$6.99 ($0.58 / Ounce)</p><a href="https://www.amazon.com/dp/B0D3HVHPXW?tag=eloabder-20&linkCode=osi&th=1&psc=1">View Product</a></div>
<div class="product"><a href="https://www.amazon.com/dp/B09KS23KQ6?tag=eloabder-20&linkCode=osi&th=1&psc=1"><img src="https://m.media-amazon.com/images/I/41ZHEcuqY-L._SL500_.jpg" alt="Product Image"></a><p>Mr. Pen- Bolts, Nuts, and Washer Assortment Kit, 113 pcs, Nuts and Bolts Assortment Kit, Assorted Nuts and Bolts, Nut Bolt and Washer Assortment, Bolt and Nut Assortment</p><p> -24% 0FF </p><p>$6.85</p><a href="https://www.amazon.com/dp/B09KS23KQ6?tag=eloabder-20&linkCode=osi&th=1&psc=1">View Product</a></div><div class="product"><a href="https://www.amazon.com/dp/B076CVQZWG?tag=eloabder-20&linkCode=osi&th=1&psc=1"><img src="https://m.media-amazon.com/images/I/51LutRS-fXL._SL500_.jpg" alt="Product Image"></a><p>Jackson Palmer 2201 Piece Hardware Assortment Kit with Screws, Nuts, Bolts & Washers (3 Trays)‚Ä¶</p><p> -24% 0FF </p><p>$37.99</p><a href="https://www.amazon.com/dp/B076CVQZWG?tag=eloabder-20&linkCode=osi&th=1&psc=1">View Product</a></div><div class="product"><a href="https://www.amazon.com/dp/B0BC24J6SS?tag=eloabder-20&linkCode=osi&th=1&psc=1"><img src="https://m.media-amazon.com/images/I/517eaNxBNaL._SL500_.jpg" alt="Product Image"></a><p>720 Pcs Nuts and Bolts Assortment Kit, M3 M4 M5 Carbon Steel Screws Bolts and Nuts and Washers Assortment Set, Assorted Cross Pan Head Machine Screws Nuts and Bolts, with Storage Case</p><p> -10% 0FF </p><p>$8.98</p><a href="https://www.amazon.com/dp/B0BC24J6SS?tag=eloabder-20&linkCode=osi&th=1&psc=1">View Product</a></div><div class="product"><a href="https://www.amazon.com/dp/B0CF8NNVKQ?tag=eloabder-20&linkCode=osi&th=1&psc=1"><img src="https://m.media-amazon.com/images/I/61oepk6Ti8L._SL500_.jpg" alt="Product Image"></a><p>FOLIV 907pcs Grade 8.8 Metric Bolt Assortment, M4 M5 M6 M8 Heavy Duty Bolts and Nuts Kit, Yellow Zinc Plated, Length from 12-30mm</p><p> -20% 0FF </p><p>$35.19</p><a href="https://www.amazon.com/dp/B0CF8NNVKQ?tag=eloabder-20&linkCode=osi&th=1&psc=1">View Product</a></div>
<div class="product"><a href="https://www.amazon.com/dp/B0CP7D6KP4?tag=eloabder-20&linkCode=osi&th=1&psc=1"><img src="https://m.media-amazon.com/images/I/51R0Yv5C8aL._SL500_.jpg" alt="Product Image"></a><p>Dianrui 187PCS Metric Hex Nuts Assortment Kit, 9 Size 304 Stainless Steel Hex Nut M2 M2.5 M3 M4 M5 M6 M10 M12 Hexnut Set Hardware Nuts</p><p> -22% 0FF </p><p>$6.99</p><a href="https://www.amazon.com/dp/B0CP7D6KP4?tag=eloabder-20&linkCode=osi&th=1&psc=1">View Product</a></div><div class="product"><a href="https://www.amazon.com/dp/B002SA36AG?tag=eloabder-20&linkCode=osi&th=1&psc=1"><img src="https://m.media-amazon.com/images/I/51cZlQGUFRL._SL500_.jpg" alt="Product Image"></a><p>Dorman 6110761 Lug Nut (M12 x 1.25 Thread Size)</p><p> -45% 0FF </p><p>$3.49</p><a href="https://www.amazon.com/dp/B002SA36AG?tag=eloabder-20&linkCode=osi&th=1&psc=1">View Product</a></div><div class="product"><a href="https://www.amazon.com/dp/B07WCSW7HR?tag=eloabder-20&linkCode=osi&th=1&psc=1"><img src="https://m.media-amazon.com/images/I/51uxWdeYcjL._SL500_.jpg" alt="Product Image"></a><p>ECCPP 20 Pieces Wheel Lug Nuts M12x1.25 12mmx1.25 Wheel Lug Bolts Shank Length 28mm fits for 2015-2022 for Renegade |2018-2022 for Compass |2014-2022 for Cherokee</p><p> -28% 0FF </p><p>$14.47</p><a href="https://www.amazon.com/dp/B07WCSW7HR?tag=eloabder-20&linkCode=osi&th=1&psc=1">View Product</a></div><div class="product"><a href="https://www.amazon.com/dp/B0D1Y5PQ4K?tag=eloabder-20&linkCode=osi&th=1&psc=1"><img src="https://m.media-amazon.com/images/I/51SyHC67C5L._SL500_.jpg" alt="Product Image"></a><p>Quacc 20pcs M8 Nyloc Steel Nuts, Nylon Locknuts for Fastener, Nylon Inserted Hex Lock Nuts, Silver 304 Stainless Steel Self Locking Nuts for Bolts</p><p> -19% 0FF </p><p>$3.79 ($0.19 / Ounce)</p><a href="https://www.amazon.com/dp/B0D1Y5PQ4K?tag=eloabder-20&linkCode=osi&th=1&psc=1">View Product</a></div>
<div class="product"><a href="https://www.amazon.com/dp/B0BZYSSWY8?tag=eloabder-20&linkCode=osi&th=1&psc=1"><img src="https://m.media-amazon.com/images/I/419sIfP-AJL._SL500_.jpg" alt="Product Image"></a><p>1/4" x 1" Stainless Fender Washer,18-8 (304) Stainless Steel Flat Washer,1/4" ID x 1" OD x 0.078" Thick(40Pcs)</p><p> -31% 0FF </p><p>$6.19</p><a href="https://www.amazon.com/dp/B0BZYSSWY8?tag=eloabder-20&linkCode=osi&th=1&psc=1">View Product</a></div><div class="product"><a href="https://www.amazon.com/dp/B0BFJMK5QW?tag=eloabder-20&linkCode=osi&th=1&psc=1"><img src="https://m.media-amazon.com/images/I/51D9Ij56zKL._SL500_.jpg" alt="Product Image"></a><p>Fender Washers for Screws ‚Äî 225Pcs Washers Assortment, Washers for Bolts in 15 Different Sizes (M2 M2.5 M3 M4 M5 M6 M8 M10 M12)‚ÄîStainless Steel Washers for Home & Industrial Usage</p><p> -9% 0FF </p><p>$20.87 ($0.09 / Count)</p><a href="https://www.amazon.com/dp/B0BFJMK5QW?tag=eloabder-20&linkCode=osi&th=1&psc=1">View Product</a></div><div class="product"><a href="https://www.amazon.com/dp/B07K8W71N1?tag=eloabder-20&linkCode=osi&th=1&psc=1"><img src="https://m.media-amazon.com/images/I/412HYFMiQBL._SL500_.jpg" alt="Product Image"></a><p>100 Qty #8 Stainless Steel Countersunk Finish Washers | 304 SS Finishing Cup (BCP574)</p><p> -30% 0FF </p><p>$7.49 ($0.07 / Count)</p><a href="https://www.amazon.com/dp/B07K8W71N1?tag=eloabder-20&linkCode=osi&th=1&psc=1">View Product</a></div>
<div class="product"><a href="https://www.amazon.com/dp/B09V32CKNJ?tag=eloabder-20&linkCode=osi&th=1&psc=1"><img src="https://m.media-amazon.com/images/I/41MtaPf4TNL._SL500_.jpg" alt="Product Image"></a><p>KURUI 28Pcs Heavy Duty Hollow Wall Anchors for Drywall Ceiling, Toggle Bolts and Wing Nut Kit, Metal Drywall Anchors and Screws Assortment Set, 3 Sizes Butterfly Anchors (1/8in, 3/16in, 1/4in)</p><p> -23% 0FF </p><p>$9.99</p><a href="https://www.amazon.com/dp/B09V32CKNJ?tag=eloabder-20&linkCode=osi&th=1&psc=1">View Product</a></div><div class="product"><a href="https://www.amazon.com/dp/B07VS5QKBC?tag=eloabder-20&linkCode=osi&th=1&psc=1"><img src="https://m.media-amazon.com/images/I/41MIrlAQ6nL._SL500_.jpg" alt="Product Image"></a><p>HongWay 370pcs Plastic Drywall Wall Anchors Kit with Screws, Includes 5 Different Assorted Size Anchors and Screws</p><p> -17% 0FF </p><p>$14.99</p><a href="https://www.amazon.com/dp/B07VS5QKBC?tag=eloabder-20&linkCode=osi&th=1&psc=1">View Product</a></div>
<div class="product"><a href="https://www.amazon.com/dp/B0CY2YK7ZG?tag=eloabder-20&linkCode=osi&th=1&psc=1"><img src="https://m.media-amazon.com/images/I/51kBI181CNL._SL500_.jpg" alt="Product Image"></a><p>Linkup 600pcs 15 Sizes Pop Rivets Assortment Kit,Aluminum Rivets, Silver pop rivet set including 3/32" 1/8" 5/32" 3/16" 1/4" blind rivets for metal Dome Head rivet kit</p><p> -31% 0FF </p><p>$21.99</p><a href="https://www.amazon.com/dp/B0CY2YK7ZG?tag=eloabder-20&linkCode=osi&th=1&psc=1">View Product</a></div><div class="product"><a href="https://www.amazon.com/dp/B08J2NZK4D?tag=eloabder-20&linkCode=osi&th=1&psc=1"><img src="https://m.media-amazon.com/images/I/51iH27ON2BL._SL500_.jpg" alt="Product Image"></a><p>ISPINNER 385pcs 8 Sizes Aluminum Blind Rivets, Pop Rivets Assortment Kit (Silver)</p><p> -21% 0FF </p><p>$13.59</p><a href="https://www.amazon.com/dp/B08J2NZK4D?tag=eloabder-20&linkCode=osi&th=1&psc=1">View Product</a></div><div class="product"><a href="https://www.amazon.com/dp/B0BZ7WKC3V?tag=eloabder-20&linkCode=osi&th=1&psc=1"><img src="https://m.media-amazon.com/images/I/51fSy2j6lSL._SL500_.jpg" alt="Product Image"></a><p>SATANTECH 200PCS Black Rivets Pop Rivets Assortment Kit, Large flange Aluminum Rivets(1/8" 3/16" 1/4") Assorted Blind Rivets with Case</p><p> -16% 0FF </p><p>$21.77</p><a href="https://www.amazon.com/dp/B0BZ7WKC3V?tag=eloabder-20&linkCode=osi&th=1&psc=1">View Product</a></div><div class="product"><a href="https://www.amazon.com/dp/B0CWR7K9P2?tag=eloabder-20&linkCode=osi&th=1&psc=1"><img src="https://m.media-amazon.com/images/I/512Gp89+ScL._SL500_.jpg" alt="Product Image"></a><p>Zuorery 500pcs Pop Rivets Assortment Kit, 14 Sizes Aluminum Blind Rivets (3/32" 1/8" 5/32" 3/16") Assorted Blind Rivets</p><p> -6% 0FF </p><p>$12.99</p><a href="https://www.amazon.com/dp/B0CWR7K9P2?tag=eloabder-20&linkCode=osi&th=1&psc=1">View Product</a></div>
<div class="product"><a href="https://www.amazon.com/dp/B0CNC3WJ58?tag=eloabder-20&linkCode=osi&th=1&psc=1"><img src="https://m.media-amazon.com/images/I/41MDnQ+2C5L._SL500_.jpg" alt="Product Image"></a><p>Eujqo Nails for Hanging Pictures Small Nails Picture Hanging Nails 700Pcs Finishing Nails Hardware Nails for Wall Wood Nails</p><p> -50% 0FF </p><p>$3.99</p><a href="https://www.amazon.com/dp/B0CNC3WJ58?tag=eloabder-20&linkCode=osi&th=1&psc=1">View Product</a></div><div class="product"><a href="https://www.amazon.com/dp/B08BJC6MJC?tag=eloabder-20&linkCode=osi&th=1&psc=1"><img src="https://m.media-amazon.com/images/I/414ssEUuJRL._SL500_.jpg" alt="Product Image"></a><p>Mr. Pen- Nail Assortment Kit, 600 Pcs, 4 Sizes, Silver, Small Nails for Hanging Pictures, Finishing Nails, Gold Wall Nails for Hanging, Pin Nails, Hardware Nails, Assorted Nails, Galvanized Nails</p><p> -54% 0FF </p><p>$5.99</p><a href="https://www.amazon.com/dp/B08BJC6MJC?tag=eloabder-20&linkCode=osi&th=1&psc=1">View Product</a></div><div class="product"><a href="https://www.amazon.com/dp/B0BSH3P97Y?tag=eloabder-20&linkCode=osi&th=1&psc=1"><img src="https://m.media-amazon.com/images/I/515eMwXqY0L._SL500_.jpg" alt="Product Image"></a><p>KURUI 700pcs Hardware Nails for Hanging Pictures Assorted Kit, Up to 2"-Long Picture Hanging Nails for Wall Drywall Wood, Finish Nails Assortment Kit, 640 Frame Nails and 60 Small Finishing Nails</p><p> -36% 0FF </p><p>$6.38</p><a href="https://www.amazon.com/dp/B0BSH3P97Y?tag=eloabder-20&linkCode=osi&th=1&psc=1">View Product</a></div><div class="product"><a href="https://www.amazon.com/dp/B089FLMFPB?tag=eloabder-20&linkCode=osi&th=1&psc=1"><img src="https://m.media-amazon.com/images/I/51p5T9Cef4L._SL500_.jpg" alt="Product Image"></a><p>376pcs Premium Hardware Nails Assortment Kit, Maximum Length 2 Inches Galvanized Nails, Picture Hanging Nails, Wood Nails, Wall Nails with Storage Box | 6 Sizes</p><p> -30% 0FF </p><p>$6.99</p><a href="https://www.amazon.com/dp/B089FLMFPB?tag=eloabder-20&linkCode=osi&th=1&psc=1">View Product</a></div><div class="product"><a href="https://www.amazon.com/dp/B0B3CFCZGW?tag=eloabder-20&linkCode=osi&th=1&psc=1"><img src="https://m.media-amazon.com/images/I/51rr+Y77q0L._SL500_.jpg" alt="Product Image"></a><p>6 Sizes Gold Hardware Nails Assortment Kit, 358pcs, Brass Plated, Nails for Hanging Pictures, Finishing Nails, Wood Nails, Wall Nails for Hanging (3‚Äù, 2‚Äù, 1-1/2‚Äù, 1-1/4", 1‚Äù, 3/4")</p><p> -25% 0FF </p><p>$8.98</p><a href="https://www.amazon.com/dp/B0B3CFCZGW?tag=eloabder-20&linkCode=osi&th=1&psc=1">View Product</a></div>
<div class="product"><a href="https://www.amazon.com/dp/B0BDBJJQJR?tag=eloabder-20&linkCode=osi&th=1&psc=1"><img src="https://m.media-amazon.com/images/I/41iMq4y4RWL._SL500_.jpg" alt="Product Image"></a><p>Standard Chisel Point Staples, 0.25" Leg, 0.5" Crown, Steel, 5,000/Box, 5 Boxes/Pack, 25,000/Pack</p><p> -18% 0FF </p><p>$11.80</p><a href="https://www.amazon.com/dp/B0BDBJJQJR?tag=eloabder-20&linkCode=osi&th=1&psc=1">View Product</a></div><div class="product"><a href="https://www.amazon.com/dp/B0052ECDD6?tag=eloabder-20&linkCode=osi&th=1&psc=1"><img src="https://m.media-amazon.com/images/I/41miIfkguxL._SL500_.jpg" alt="Product Image"></a><p>BOSTITCH BTA706-5C Heavy Duty Construction Staples, 3/8 x 2/5-Inch, 5000-Pack</p><p> -21% 0FF </p><p>$10.48 ($0.00 / Count)</p><a href="https://www.amazon.com/dp/B0052ECDD6?tag=eloabder-20&linkCode=osi&th=1&psc=1">View Product</a></div><div class="product"><a href="https://www.amazon.com/dp/B00004Z2HC?tag=eloabder-20&linkCode=osi&th=1&psc=1"><img src="https://m.media-amazon.com/images/I/51vaslx65UL._SL500_.jpg" alt="Product Image"></a><p>Arrow 215 JT21 Thin Wire Staples for Staple Guns and Staplers, Use for Upholstery, Crafts, General Repairs, 5/16-Inch Leg Length, 7/16-Inch Crown Width, 1000-Pack</p><p> -35% 0FF </p><p>$4.97</p><a href="https://www.amazon.com/dp/B00004Z2HC?tag=eloabder-20&linkCode=osi&th=1&psc=1">View Product</a></div><div class="product"><a href="https://www.amazon.com/dp/B09VP4YTPQ?tag=eloabder-20&linkCode=osi&th=1&psc=1"><img src="https://m.media-amazon.com/images/I/41WvD-VnynL._SL500_.jpg" alt="Product Image"></a><p>OMOTOOL Steel Wire Fencing Staples (200 pcs), Galvanized U-shaped fasteners Nails for Wire Mesh and Woven Fencing</p><p> -30% 0FF </p><p>$6.98</p><a href="https://www.amazon.com/dp/B09VP4YTPQ?tag=eloabder-20&linkCode=osi&th=1&psc=1">View Product</a></div>
<div class="product"><a href="https://www.amazon.com/dp/B08N6DYNKQ?tag=eloabder-20&linkCode=osi&th=1&psc=1"><img src="https://m.media-amazon.com/images/I/51oGt2PvPLL._SL500_.jpg" alt="Product Image"></a><p>Mixiflor 20 Pcs 5 Sizes 60/80/120/240 Grits Abrasive Flap Wheel Sander, 1/4 Inch Shank Flap Wheels for Drill, Die Grinder Flap Wheel,Flap Wheel Sander for Drill</p><p> -15% 0FF </p><p>$22.99</p><a href="https://www.amazon.com/dp/B08N6DYNKQ?tag=eloabder-20&linkCode=osi&th=1&psc=1">View Product</a></div>
<div class="product"><a href="https://www.amazon.com/dp/B0B5GHT937?tag=eloabder-20&linkCode=osi&th=1&psc=1"><img src="https://m.media-amazon.com/images/I/51LBYzTtFqL._SL500_.jpg" alt="Product Image"></a><p>SALI 25 Pack 4-1/2 Inch Grinding Wheels for General Purpose Metal & Stainless Steel, Aluminum Oxide Grinding Disc for Angle Grinder, Depressed Center 4.5" * 1/4" * 7/8"(115 * 6.0 * 22.2 mm)</p><p> -9% 0FF </p><p>$26.49</p><a href="https://www.amazon.com/dp/B0B5GHT937?tag=eloabder-20&linkCode=osi&th=1&psc=1">View Product</a></div><div class="product"><a href="https://www.amazon.com/dp/B00002246K?tag=eloabder-20&linkCode=osi&th=1&psc=1"><img src="https://m.media-amazon.com/images/I/51cqvp+fIGL._SL500_.jpg" alt="Product Image"></a><p>DEWALT DW4514 1/4" Thick Grinding Wheel with 4-1/2" Diameter and 7/8" Arbor</p><p> -46% 0FF </p><p>$1.65</p><a href="https://www.amazon.com/dp/B00002246K?tag=eloabder-20&linkCode=osi&th=1&psc=1">View Product</a></div><div class="product"><a href="https://www.amazon.com/dp/B07SQP8JGR?tag=eloabder-20&linkCode=osi&th=1&psc=1"><img src="https://m.media-amazon.com/images/I/51M3TdMS3OL._SL500_.jpg" alt="Product Image"></a><p>KSEIBI 651006 Grinding Wheels 25-Pack, Aluminum Oxide Discs for Metal & Stainless Steel, 4-1/2" x 1/4" x 7/8", Aggressive Grinding for Angle Grinders, Depressed Center Design</p><p> -6% 0FF </p><p>$26.99</p><a href="https://www.amazon.com/dp/B07SQP8JGR?tag=eloabder-20&linkCode=osi&th=1&psc=1">View Product</a></div><div class="product"><a href="https://www.amazon.com/dp/B00004RH8I?tag=eloabder-20&linkCode=osi&th=1&psc=1"><img src="https://m.media-amazon.com/images/I/6113QduJyJL._SL500_.jpg" alt="Product Image"></a><p>DEWALT Grinding Wheel, General Purpose for Metal, 4-1/2-Inch x 1/4-Inch x 5/8-Inch (DW4523)</p><p> -40% 0FF </p><p>$2.92</p><a href="https://www.amazon.com/dp/B00004RH8I?tag=eloabder-20&linkCode=osi&th=1&psc=1">View Product</a></div><div class="product"><a href="https://www.amazon.com/dp/B0791MGN72?tag=eloabder-20&linkCode=osi&th=1&psc=1"><img src="https://m.media-amazon.com/images/I/51LQaKOgppL._SL500_.jpg" alt="Product Image"></a><p>BHA Depressed Center Metal Grinding Wheels for Angle Grinders, 4.5‚Äù x 1/4‚Äù x 7/8‚Äù - 5 Pack</p><p> -15% 0FF </p><p>$16.99</p><a href="https://www.amazon.com/dp/B0791MGN72?tag=eloabder-20&linkCode=osi&th=1&psc=1">View Product</a></div><div class="product"><a href="https://www.amazon.com/dp/B09TSV5SP9?tag=eloabder-20&linkCode=osi&th=1&psc=1"><img src="https://m.media-amazon.com/images/I/61w4UIIWQdL._SL500_.jpg" alt="Product Image"></a><p>PRETEC 26 Packs Angle Grinder Cutting Flap Grinding Disc Wheel 4 1/2in Inches - 20 Packs 4.5"x1/4"x7/8" Cut off Wheels,3 Packs 4.5"x7/8" 60 Grit Flap Discs, 3 Packs 4.5"x1/25"x7/8" Grinding Wheels</p><p> -8% 0FF </p><p>$22.99</p><a href="https://www.amazon.com/dp/B09TSV5SP9?tag=eloabder-20&linkCode=osi&th=1&psc=1">View Product</a></div><div class="product"><a href="https://www.amazon.com/dp/B07FT71TLC?tag=eloabder-20&linkCode=osi&th=1&psc=1"><img src="https://m.media-amazon.com/images/I/51-wpozOUIL._SL500_.jpg" alt="Product Image"></a><p>NEIKO 11142A 10 Pack Zirconia Flap Discs 4-1/2 for Angle Grinder, 40 Grit Flapper Wheel, Angled T29 Grinding Wheel 4.5 Inch Flap Disc, 7/8" Arbor Grinding Disc, Flap Wheel for Wood & Metal Sanding</p><p> -19% 0FF </p><p>$17.07</p><a href="https://www.amazon.com/dp/B07FT71TLC?tag=eloabder-20&linkCode=osi&th=1&psc=1">View Product</a></div>
<div class="product"><a href="https://www.amazon.com/dp/B0956S39GC?tag=eloabder-20&linkCode=osi&th=1&psc=1"><img src="https://m.media-amazon.com/images/I/51mP1FW0pIL._SL500_.jpg" alt="Product Image"></a><p>Truswe Cut Off Wheels 52 Pack,4 1/2 Inch,0.45 USD/Pack,Metal and Stainless Steel Cutting Wheel for Angle Grinder,Ultra Thin Cut-Off Wheel Cutting Disc (52 PCS 4-1/2 x .045 x 7/8 inch Cut Off Wheels)</p><p> -26% 0FF </p><p>$24.29</p><a href="https://www.amazon.com/dp/B0956S39GC?tag=eloabder-20&linkCode=osi&th=1&psc=1">View Product</a></div><div class="product"><a href="https://www.amazon.com/dp/B07WGSK4V7?tag=eloabder-20&linkCode=osi&th=1&psc=1"><img src="https://m.media-amazon.com/images/I/510MTzQR9sL._SL500_.jpg" alt="Product Image"></a><p>WORKPRO 20-Pack Cut-Off Wheels, 4-1/2 x 7/8-inch Metal&Stainless Steel Cutting Wheel, Thin Metal Cutting Disc for Angle Grinder</p><p> -6% 0FF </p><p>$15.99</p><a href="https://www.amazon.com/dp/B07WGSK4V7?tag=eloabder-20&linkCode=osi&th=1&psc=1">View Product</a></div><div class="product"><a href="https://www.amazon.com/dp/B08C7F9CVS?tag=eloabder-20&linkCode=osi&th=1&psc=1"><img src="https://m.media-amazon.com/images/I/51KoNeHcHyL._SL500_.jpg" alt="Product Image"></a><p>EZARC Diamond Cutting Wheel 4 1/2 x 7/8 Inch for Metal, Cut Off Wheel with 5000+ Cuts on Rebar, Steel, Iron and INOX</p><p> -11% 0FF </p><p>$16.97</p><a href="https://www.amazon.com/dp/B08C7F9CVS?tag=eloabder-20&linkCode=osi&th=1&psc=1">View Product</a></div><div class="product"><a href="https://www.amazon.com/dp/B08FR63K33?tag=eloabder-20&linkCode=osi&th=1&psc=1"><img src="https://m.media-amazon.com/images/I/51Js3m5R8aL._SL500_.jpg" alt="Product Image"></a><p>50 Pack Cut Off Wheels 4 1/2 inch Thin Metal & Stainless Steel Cutting Wheel, Professional Fast Cutting Disc for Angle Grinder</p><p> -20% 0FF </p><p>$26.49</p><a href="https://www.amazon.com/dp/B08FR63K33?tag=eloabder-20&linkCode=osi&th=1&psc=1">View Product</a></div>
<div class="product"><a href="https://www.amazon.com/dp/B01K22Q9R8?tag=eloabder-20&linkCode=osi&th=1&psc=1"><img src="https://m.media-amazon.com/images/I/41VcU0uPlLL._SL500_.jpg" alt="Product Image"></a><p>42 Pcs Wet Dry Sandpaper 120 to 3000 Grit Assortment 9 * 3.6 Inches Abrasive Paper Sheets for Automotive Sanding Wood Furniture Finishing</p><p> -11% 0FF </p><p>$7.99 ($0.19 / Count)</p><a href="https://www.amazon.com/dp/B01K22Q9R8?tag=eloabder-20&linkCode=osi&th=1&psc=1">View Product</a></div><div class="product"><a href="https://www.amazon.com/dp/B0894N7QT2?tag=eloabder-20&linkCode=osi&th=1&psc=1"><img src="https://m.media-amazon.com/images/I/51Rfp3gQTWL._SL500_.jpg" alt="Product Image"></a><p>100PCS 5 Inch 8 Holes Sanding Discs 60 120 240 400 600 800 1000 1200 1500 2000 Grit Sandpaper Sander Round Sand Paper (100pcs 60-2000 grit)</p><p> -24% 0FF </p><p>$12.99</p><a href="https://www.amazon.com/dp/B0894N7QT2?tag=eloabder-20&linkCode=osi&th=1&psc=1">View Product</a></div><div class="product"><a href="https://www.amazon.com/dp/B07HHY6MKY?tag=eloabder-20&linkCode=osi&th=1&psc=1"><img src="https://m.media-amazon.com/images/I/41QDuvYCQlL._SL500_.jpg" alt="Product Image"></a><p>WORKPRO 150-piece Sanding Discs Set - 5-Inch 8-Hole Sandpaper 10 Grades Include 60, 80, 100, 120, 150,180, 240, 320, 400, 600 Grits for Random Orbital Sander(Not for Oscillating Tools or Mouse Sander)</p><p> -20% 0FF </p><p>$19.99 ($0.13 / Count)</p><a href="https://www.amazon.com/dp/B07HHY6MKY?tag=eloabder-20&linkCode=osi&th=1&psc=1">View Product</a></div><div class="product"><a href="https://www.amazon.com/dp/B09X6DY6RW?tag=eloabder-20&linkCode=osi&th=1&psc=1"><img src="https://m.media-amazon.com/images/I/41rifda9wbL._SL500_.jpg" alt="Product Image"></a><p>Afruxy 4 Pack Extra Fine Sanding Block, Washable and Reusable Sanding Sponge for Wood Drywall Metal Glasses Coarse/Medium/Fine/Superfine in 60/80/120/220 Grit Sandpaper Block Sand Paper Brick</p><p> -25% 0FF </p><p>$8.99 ($2.25 / Count)</p><a href="https://www.amazon.com/dp/B09X6DY6RW?tag=eloabder-20&linkCode=osi&th=1&psc=1">View Product</a></div>
<div class="product"><a href="https://www.amazon.com/dp/B07CH6QNCV?tag=eloabder-20&linkCode=osi&th=1&psc=1"><img src="https://m.media-amazon.com/images/I/413Vmyc4FPL._SL500_.jpg" alt="Product Image"></a><p>VASTOOLS Welding Chipping Hammer with Coil Spring Handle,10.5",Cone and Vertical Chisel/ 10" Wire Brush(Free), Black</p><p> -18% 0FF </p><p>$13.99</p><a href="https://www.amazon.com/dp/B07CH6QNCV?tag=eloabder-20&linkCode=osi&th=1&psc=1">View Product</a></div><div class="product"><a href="https://www.amazon.com/dp/B0D6QRJJ4R?tag=eloabder-20&linkCode=osi&th=1&psc=1"><img src="https://m.media-amazon.com/images/I/41KF4m4nNfL._SL500_.jpg" alt="Product Image"></a><p>120A MIG Welding Machine, 110V/220V Flux Core Welder/Lift TIG/Stick Welder 3 in 1, Portable Gasless Welder with IGBT Inverter, Welding Gun & Welding Wire, Weld Kit for Aluminum, Metal</p><p> -56% 0FF </p><p>$69.99</p><a href="https://www.amazon.com/dp/B0D6QRJJ4R?tag=eloabder-20&linkCode=osi&th=1&psc=1">View Product</a></div>
<div class="product"><a href="https://www.amazon.com/dp/B09YGXKZC1?tag=eloabder-20&linkCode=osi&th=1&psc=1"><img src="https://m.media-amazon.com/images/I/417vPDmhw0L._SL500_.jpg" alt="Product Image"></a><p>ARCCAPTAIN Stick Welder, [Large LED Display] 200A ARC/Lift TIG Welding Machine with Synergic Control, IGBT Inverter 110V/220V Portable MMA Welder Machine with Hot Start, Arc force and Anti-Stick</p><p> -31% 0FF </p><p>$116.63</p><a href="https://www.amazon.com/dp/B09YGXKZC1?tag=eloabder-20&linkCode=osi&th=1&psc=1">View Product</a></div><div class="product"><a href="https://www.amazon.com/dp/B0D9LDRJV7?tag=eloabder-20&linkCode=osi&th=1&psc=1"><img src="https://m.media-amazon.com/images/I/51o3VwWmuzL._SL500_.jpg" alt="Product Image"></a><p>AwxryoX Portable Handheld Welding Machine, 110V 140Amp Upgraded Maquina de Soldar with IGBT Inverter 6 Variable Current, Soldadora Welding Tool Set with 3/32"-1/8" Welding Rod & Protective Gloves</p><p> -25% 0FF </p><p>$89.99</p><a href="https://www.amazon.com/dp/B0D9LDRJV7?tag=eloabder-20&linkCode=osi&th=1&psc=1">View Product</a></div><div class="product"><a href="https://www.amazon.com/dp/B09WDGL3GQ?tag=eloabder-20&linkCode=osi&th=1&psc=1"><img src="https://m.media-amazon.com/images/I/518jYZZcNhL._SL500_.jpg" alt="Product Image"></a><p>Welding Machine, Upgraded MMA-250A 110V Welder Machine,Portable Stick Welder IGBT Digital Display LCD,Home DIY Arc Welder,Hot Start Arc Force Anti-stick Mini Welder</p><p> -14% 0FF </p><p>$67.79</p><a href="https://www.amazon.com/dp/B09WDGL3GQ?tag=eloabder-20&linkCode=osi&th=1&psc=1">View Product</a></div><div class="product"><a href="https://www.amazon.com/dp/B0BR8TS34Y?tag=eloabder-20&linkCode=osi&th=1&psc=1"><img src="https://m.media-amazon.com/images/I/51NzsbTpmyL._SL500_.jpg" alt="Product Image"></a><p>Welding machine handheld | 110V IGBT Digital Stick WelderÔºåPortable welder machine with Complete Accessory Set & Carrying Case</p><p> -50% 0FF </p><p>$49.99</p><a href="https://www.amazon.com/dp/B0BR8TS34Y?tag=eloabder-20&linkCode=osi&th=1&psc=1">View Product</a></div><div class="product"><a href="https://www.amazon.com/dp/B0BN81636G?tag=eloabder-20&linkCode=osi&th=1&psc=1"><img src="https://m.media-amazon.com/images/I/41q0oXAoP1L._SL500_.jpg" alt="Product Image"></a><p>AZZUNO MIG Welder,Flux Core Welder Machine 110V 130Amp, Gasless MIG Welding Machine IGBT Inverter Welder Portable Wire Feed Welder (110V)</p><p> -21% 0FF </p><p>$85.99</p><a href="https://www.amazon.com/dp/B0BN81636G?tag=eloabder-20&linkCode=osi&th=1&psc=1">View Product</a></div>
<div class="product"><a href="https://www.amazon.com/dp/B07MKRYWMD?tag=eloabder-20&linkCode=osi&th=1&psc=1"><img src="https://m.media-amazon.com/images/I/31nmFb6CayL._SL500_.jpg" alt="Product Image"></a><p>Hobart 770890 Auto-Darkening Welding Helmet, Large, Black</p><p> -10% 0FF </p><p>$98.99</p><a href="https://www.amazon.com/dp/B07MKRYWMD?tag=eloabder-20&linkCode=osi&th=1&psc=1">View Product</a></div><div class="product"><a href="https://www.amazon.com/dp/B07V9G94NK?tag=eloabder-20&linkCode=osi&th=1&psc=1"><img src="https://m.media-amazon.com/images/I/31SAUhqpDZL._SL500_.jpg" alt="Product Image"></a><p>Lincoln Electric K3034-4 VIKING 3350 Auto Darkening Welding Helmet with 4C Lens Technology, Matte Black, extra large</p><p> -29% 0FF </p><p>$357.99</p><a href="https://www.amazon.com/dp/B07V9G94NK?tag=eloabder-20&linkCode=osi&th=1&psc=1">View Product</a></div><div class="product"><a href="https://www.amazon.com/dp/B0BYXPR9F3?tag=eloabder-20&linkCode=osi&th=1&psc=1"><img src="https://m.media-amazon.com/images/I/51ggHp1dC3L._SL500_.jpg" alt="Product Image"></a><p>TOOLIOM Welding Helmet Solar Power Auto Darkening Welding Helmet Adjustable Shade Range for MIG TIG Stick Welder Mask Blue Eagle</p><p> -13% 0FF </p><p>$27.99</p><a href="https://www.amazon.com/dp/B0BYXPR9F3?tag=eloabder-20&linkCode=osi&th=1&psc=1">View Product</a></div><div class="product"><a href="https://www.amazon.com/dp/B0BV6RYWV9?tag=eloabder-20&linkCode=osi&th=1&psc=1"><img src="https://m.media-amazon.com/images/I/41HBwMbwbaL._SL500_.jpg" alt="Product Image"></a><p>ARCCAPTAIN Welding Helmet Auto Darkening, 3.94"X3.66" Large Viewing Screen True Color Welding Hood with 4 Arc Sensor Solar Powered, Wide Shade 4-5/5-9/9-13 for ARC TIG MIG Welding Helmets for Men</p><p> -17% 0FF </p><p>$59.99</p><a href="https://www.amazon.com/dp/B0BV6RYWV9?tag=eloabder-20&linkCode=osi&th=1&psc=1">View Product</a></div>
<div class="product"><a href="https://www.amazon.com/dp/B07RX7TNBY?tag=eloabder-20&linkCode=osi&th=1&psc=1"><img src="https://m.media-amazon.com/images/I/417ep0UH1cL._SL500_.jpg" alt="Product Image"></a><p>WZQH 16 Inches,932‚Ñâ,Leather Forge Welding Gloves, Heat/Fire Resistant,Mitts for BBQ,Oven,Grill,Fireplace,Tig,Mig,Baking,Furnace,Stove,Pot Holder,Animal Handling Glove.Black-gray</p><p> -32% 0FF </p><p>$19.74 ($19.74 / Count)</p><a href="https://www.amazon.com/dp/B07RX7TNBY?tag=eloabder-20&linkCode=osi&th=1&psc=1">View Product</a></div><div class="product"><a href="https://www.amazon.com/dp/B00IYX04YC?tag=eloabder-20&linkCode=osi&th=1&psc=1"><img src="https://m.media-amazon.com/images/I/51vjm0ZOsgL._SL500_.jpg" alt="Product Image"></a><p>Lincoln Electric Leather Welding Gloves KH641, Premium Hand Protection from Welder and Cutting Torch Heat, Commercial Quality, Cotton Lined, Gauntlet Cuff, Unisex, Grey, One Size</p><p> -5% 0FF </p><p>$18.98</p><a href="https://www.amazon.com/dp/B00IYX04YC?tag=eloabder-20&linkCode=osi&th=1&psc=1">View Product</a></div><div class="product"><a href="https://www.amazon.com/dp/B078FMLJSW?tag=eloabder-20&linkCode=osi&th=1&psc=1"><img src="https://m.media-amazon.com/images/I/41cO-Y-5sjL._SL500_.jpg" alt="Product Image"></a><p>Revco GM1611 Top Grain Leather Cowhide MIG Welding Gloves with Reinforced Palm & Thumb & Index Finger, Seamless Forefinger, 5" Cuff for Extra Protection (Medium)</p><p> -7% 0FF </p><p>$27.99</p><a href="https://www.amazon.com/dp/B078FMLJSW?tag=eloabder-20&linkCode=osi&th=1&psc=1">View Product</a></div>
<div class="product"><a href="https://www.amazon.com/dp/B07W41G6P3?tag=eloabder-20&linkCode=osi&th=1&psc=1"><img src="https://m.media-amazon.com/images/I/51FnU0Vr4ZL._SL500_.jpg" alt="Product Image"></a><p>YESWELDER Flux Core Gasless Mig Wire, Mild Steel E71TGS .030-Diameter, 2-Pound Strong ABS Plastic Spool</p><p> -30% 0FF </p><p>$15.99</p><a href="https://www.amazon.com/dp/B07W41G6P3?tag=eloabder-20&linkCode=osi&th=1&psc=1">View Product</a></div><div class="product"><a href="https://www.amazon.com/dp/B0BRCT2NLM?tag=eloabder-20&linkCode=osi&th=1&psc=1"><img src="https://m.media-amazon.com/images/I/412YtbTwWWL._SL500_.jpg" alt="Product Image"></a><p>0.035 flux core welding wire, 3 Spools E71T-GS Low Splatter gasless Carbon Steel Mig Welding Wire Compatible With HF Fourney Harbor Welder(3 PACK)</p><p> -9% 0FF </p><p>$29.99</p><a href="https://www.amazon.com/dp/B0BRCT2NLM?tag=eloabder-20&linkCode=osi&th=1&psc=1">View Product</a></div><div class="product"><a href="https://www.amazon.com/dp/B003XKH71O?tag=eloabder-20&linkCode=osi&th=1&psc=1"><img src="https://m.media-amazon.com/images/I/51aO46a0SrL._SL500_.jpg" alt="Product Image"></a><p>INEFIL ER70S-6 .030-Inch on 10-Pound Spool Carbon Steel Mig Solid Welding Wire</p><p> -24% 0FF </p><p>$25.05 ($0.16 / Ounce)</p><a href="https://www.amazon.com/dp/B003XKH71O?tag=eloabder-20&linkCode=osi&th=1&psc=1">View Product</a></div><div class="product"><a href="https://www.amazon.com/dp/B00F429SZM?tag=eloabder-20&linkCode=osi&th=1&psc=1"><img src="https://m.media-amazon.com/images/I/41BHKwqBRIL._SL500_.jpg" alt="Product Image"></a><p>Blue Demon E71TGS X .035‚Äù X 2 LB MIG/GMAW Gasless Flux Core Carbon Steel Welding Wire, All Position, Easy Slag Removal, Formulated To Provide Porosity-Free, X-Ray Quality Welds</p><p> -30% 0FF </p><p>$11.91</p><a href="https://www.amazon.com/dp/B00F429SZM?tag=eloabder-20&linkCode=osi&th=1&psc=1">View Product</a></div><div class="product"><a href="https://www.amazon.com/dp/B01I82OSC2?tag=eloabder-20&linkCode=osi&th=1&psc=1"><img src="https://m.media-amazon.com/images/I/41QrzqdrCEL._SL500_.jpg" alt="Product Image"></a><p>Lincoln Electric MIG Welding Wire, NR-211-MP, .035, Spool, Model: ED030584 (Pack of 3)</p><p> -6% 0FF </p><p>$46.99 ($15.66 / Count)</p><a href="https://www.amazon.com/dp/B01I82OSC2?tag=eloabder-20&linkCode=osi&th=1&psc=1">View Product</a></div><div class="product"><a href="https://www.amazon.com/dp/B09YYCRKR2?tag=eloabder-20&linkCode=osi&th=1&psc=1"><img src="https://m.media-amazon.com/images/I/51DpQ1PI8pL._SL500_.jpg" alt="Product Image"></a><p>ARCCAPTAIN Flux Core Welding Wire .030, E71T-GS Mig Welding Wire 2-Pound Spool Gasless Mild Carbon Steel Compatible With Lincoln Miller Forney Harbor Welder</p><p> -8% 0FF </p><p>$16.99</p><a href="https://www.amazon.com/dp/B09YYCRKR2?tag=eloabder-20&linkCode=osi&th=1&psc=1">View Product</a></div><div class="product"><a href="https://www.amazon.com/dp/B09DYCK78H?tag=eloabder-20&linkCode=osi&th=1&psc=1"><img src="https://m.media-amazon.com/images/I/41umOmMUkzL._SL500_.jpg" alt="Product Image"></a><p>TOOLIOM ER70S-6 .030"(0.8 mm) Mild Steel Mig Solid Welding Wire on 10-Pound Spool for TL-200M TL-250M Pro</p><p> -7% 0FF </p><p>$27.99</p><a href="https://www.amazon.com/dp/B09DYCK78H?tag=eloabder-20&linkCode=osi&th=1&psc=1">View Product</a></div>
<div class="product"><a href="https://www.amazon.com/dp/B0B3D96MN6?tag=eloabder-20&linkCode=osi&th=1&psc=1"><img src="https://m.media-amazon.com/images/I/51k0bP+5e6L._SL500_.jpg" alt="Product Image"></a><p>Soldering Iron Premium Kit, 60W Soldering Gun with Ceramic Heater, 12-in-1 Soldering Tool, Adjustable Temperature 200 to 450¬∞C, Includes Soldering Iron Tip, Solder Wire, Pump and Paste</p><p> -20% 0FF </p><p>$23.99</p><a href="https://www.amazon.com/dp/B0B3D96MN6?tag=eloabder-20&linkCode=osi&th=1&psc=1">View Product</a></div><div class="product"><a href="https://www.amazon.com/dp/B087767KNW?tag=eloabder-20&linkCode=osi&th=1&psc=1"><img src="https://m.media-amazon.com/images/I/41rapiHruXL._SL500_.jpg" alt="Product Image"></a><p>Soldering Iron Kit, 60W Soldering Iron with Interchangeable Iron Tips, 10-in-1 Adjustable Temperature Soldering Welding Iron Kit for any Hobby Enthusiast 110V US Plug</p><p> -13% 0FF </p><p>$12.99</p><a href="https://www.amazon.com/dp/B087767KNW?tag=eloabder-20&linkCode=osi&th=1&psc=1">View Product</a></div><div class="product"><a href="https://www.amazon.com/dp/B082F1WKP9?tag=eloabder-20&linkCode=osi&th=1&psc=1"><img src="https://m.media-amazon.com/images/I/518z061SWZL._SL500_.jpg" alt="Product Image"></a><p>YIHUA 926 III 60W Digital Display Soldering Iron Station Kit w 2 Helping Hands, 6 Extra Iron Tips, Lead-Free Solder, Solder Sucker, S/S Tweezers, ¬∞C/¬∫F Conversion, Auto Sleep & Calibration Support</p><p> -17% 0FF </p><p>$49.99</p><a href="https://www.amazon.com/dp/B082F1WKP9?tag=eloabder-20&linkCode=osi&th=1&psc=1">View Product</a></div><div class="product"><a href="https://www.amazon.com/dp/B002PIA6Z4?tag=eloabder-20&linkCode=osi&th=1&psc=1"><img src="https://m.media-amazon.com/images/I/41hE8aKpakL._SL500_.jpg" alt="Product Image"></a><p>Pro'sKit 900-015 Helping Hands Soldering Aid</p><p> -35% 0FF </p><p>$7.59</p><a href="https://www.amazon.com/dp/B002PIA6Z4?tag=eloabder-20&linkCode=osi&th=1&psc=1">View Product</a></div><div class="product"><a href="https://www.amazon.com/dp/B094GZ6CPZ?tag=eloabder-20&linkCode=osi&th=1&psc=1"><img src="https://m.media-amazon.com/images/I/510vFCSfPqL._SL500_.jpg" alt="Product Image"></a><p>Lesnow solder wick braid 10ft Length Desoldering Wick Braid Remover Tool Solder Sucker 1 piece No-Clean soldering Wick Wire Roll and Disassemble Electrical Components</p><p> -20% 0FF </p><p>$7.99</p><a href="https://www.amazon.com/dp/B094GZ6CPZ?tag=eloabder-20&linkCode=osi&th=1&psc=1">View Product</a></div><div class="product"><a href="https://www.amazon.com/dp/B0CZ9KB3PS?tag=eloabder-20&linkCode=osi&th=1&psc=1"><img src="https://m.media-amazon.com/images/I/41i90xEV7CL._SL500_.jpg" alt="Product Image"></a><p>60W Digital Soldering Station Fast Heating Precision Temperature Control Soldering Iron Station with Stable Base Auto Sleep 10 Soldering Iron Tips Soldering Station Kit for Beginners DIY hobbyist</p><p> -15% 0FF </p><p>$39.88</p><a href="https://www.amazon.com/dp/B0CZ9KB3PS?tag=eloabder-20&linkCode=osi&th=1&psc=1">View Product</a></div><div class="product"><a href="https://www.amazon.com/dp/B00NS4J6BY?tag=eloabder-20&linkCode=osi&th=1&psc=1"><img src="https://m.media-amazon.com/images/I/51zuuNWwBjL._SL500_.jpg" alt="Product Image"></a><p>Thermaltronics TMT-TC-2 Tip Tinner (20g) in 0.8oz Container</p><p> -21% 0FF </p><p>$6.35 ($7.94 / Ounce)</p><a href="https://www.amazon.com/dp/B00NS4J6BY?tag=eloabder-20&linkCode=osi&th=1&psc=1">View Product</a></div>
<div class="product"><a href="https://www.amazon.com/dp/B097T8CG94?tag=eloabder-20&linkCode=osi&th=1&psc=1"><img src="https://m.media-amazon.com/images/I/51ciNJ1DuTL._SL500_.jpg" alt="Product Image"></a><p>Soldering Iron Kit,Electric 60W Soldering Gun Welding Tools with ON/OFF Swicth,5 Soldering Iron Tips,Tweezers,solder wire,for soldering Kit and Repairing,DIY</p><p> -50% 0FF </p><p>$5.99</p><a href="https://www.amazon.com/dp/B097T8CG94?tag=eloabder-20&linkCode=osi&th=1&psc=1">View Product</a></div><div class="product"><a href="https://www.amazon.com/dp/B08R3515SF?tag=eloabder-20&linkCode=osi&th=1&psc=1"><img src="https://m.media-amazon.com/images/I/41-UwHjbdpL._SL500_.jpg" alt="Product Image"></a><p>Soldering Iron Kit, 80W 110V LCD Digital Soldering Welding Iron Kit with Ceramic Heater, Portable Soldering Kit with 5pcs Tips, Stand, Solder Tube, Sponge, Solder Paste,for Metal,Electric, DIY</p><p> -23% 0FF </p><p>$9.95</p><a href="https://www.amazon.com/dp/B08R3515SF?tag=eloabder-20&linkCode=osi&th=1&psc=1">View Product</a></div><div class="product"><a href="https://www.amazon.com/dp/B0BW4HMXJ3?tag=eloabder-20&linkCode=osi&th=1&psc=1"><img src="https://m.media-amazon.com/images/I/516tKeqajpL._SL500_.jpg" alt="Product Image"></a><p>Soldering Iron Kit 80W LCD Adjustable Temperature 180-520‚ÑÉ Solder Kit Electronics 13 in 1 Welding Tools with ON/OFF Switch, Solder Wire, Flux, 5 Soldering Tips, Desoldering Pump, Stand, Tweezers</p><p> -27% 0FF </p><p>$18.98</p><a href="https://www.amazon.com/dp/B0BW4HMXJ3?tag=eloabder-20&linkCode=osi&th=1&psc=1">View Product</a></div>
<div class="product"><a href="https://www.amazon.com/dp/B077JDGY1J?tag=eloabder-20&linkCode=osi&th=1&psc=1"><img src="https://m.media-amazon.com/images/I/41yRK+nzODL._SL500_.jpg" alt="Product Image"></a><p>Weller 70 Watt Digital Soldering Station | WE1010NA</p><p> -25% 0FF </p><p>$115.00</p><a href="https://www.amazon.com/dp/B077JDGY1J?tag=eloabder-20&linkCode=osi&th=1&psc=1">View Product</a></div><div class="product"><a href="https://www.amazon.com/dp/B09TXP1KDV?tag=eloabder-20&linkCode=osi&th=1&psc=1"><img src="https://m.media-amazon.com/images/I/51-97nkYLSL._SL500_.jpg" alt="Product Image"></a><p>WEP 927-IV Soldering Station Kit High-Power 110W with 3 Preset Channels, Sleep Mode, LED Magnifier, 5 Extra Iron Tips, Tip Cleaner, 2 Helping Hands, Tip Storage Slots, Lead-free Solder Wire, Tweezers</p><p> -25% 0FF </p><p>$59.99</p><a href="https://www.amazon.com/dp/B09TXP1KDV?tag=eloabder-20&linkCode=osi&th=1&psc=1">View Product</a></div><div class="product"><a href="https://www.amazon.com/dp/B07RVMZNYR?tag=eloabder-20&linkCode=osi&th=1&psc=1"><img src="https://m.media-amazon.com/images/I/51MK9AVKTeL._SL500_.jpg" alt="Product Image"></a><p>YIHUA 939D+ Digital Soldering Station, 75W Equivalent with Precision Heat Control (392¬∞F to 896¬∞F) and Built-in Transformer. ESD Safe, Lead Free with ¬∞C/¬∞F display (Black)</p><p> -17% 0FF </p><p>$59.99</p><a href="https://www.amazon.com/dp/B07RVMZNYR?tag=eloabder-20&linkCode=osi&th=1&psc=1">View Product</a></div><div class="product"><a href="https://www.amazon.com/dp/B0BX5KXBPD?tag=eloabder-20&linkCode=osi&th=1&psc=1"><img src="https://m.media-amazon.com/images/I/51kzeXwC0sL._SL500_.jpg" alt="Product Image"></a><p>WEP 882D Soldering Iron Station 2-IN-1 SMD Hot Air Rework Station with 2 Spools of Solder Wire, 5 Soldering Tips, 3 Hot Air Nozzles, Brass Wool Tip Cleaner, Tweezers, Desoldering pump</p><p> -12% 0FF </p><p>$48.44</p><a href="https://www.amazon.com/dp/B0BX5KXBPD?tag=eloabder-20&linkCode=osi&th=1&psc=1">View Product</a></div><div class="product"><a href="https://www.amazon.com/dp/B07S4GPM66?tag=eloabder-20&linkCode=osi&th=1&psc=1"><img src="https://m.media-amazon.com/images/I/51Z2ti7tGQL._SL500_.jpg" alt="Product Image"></a><p>YIHUA 853D 2A USB SMD Hot Air Rework Soldering Iron Station, DC Power Supply 0-15V 0-2A with 5V USB Charging Port and 35 Volt DC Voltage Test Meter</p><p> -12% 0FF </p><p>$149.99</p><a href="https://www.amazon.com/dp/B07S4GPM66?tag=eloabder-20&linkCode=osi&th=1&psc=1">View Product</a></div><div class="product"><a href="https://www.amazon.com/dp/B07RY5XWVG?tag=eloabder-20&linkCode=osi&th=1&psc=1"><img src="https://m.media-amazon.com/images/I/51C2g+FzzUL._SL500_.jpg" alt="Product Image"></a><p>YIHUA 862BD+ SMD ESD Safe 2 in 1 Soldering Iron Hot Air Rework Station ¬∞F /¬∞C with Multiple Functions</p><p> -27% 0FF </p><p>$101.95</p><a href="https://www.amazon.com/dp/B07RY5XWVG?tag=eloabder-20&linkCode=osi&th=1&psc=1">View Product</a></div>
<div class="product"><a href="https://www.amazon.com/dp/B008ZIV85A?tag=eloabder-20&linkCode=osi&th=1&psc=1"><img src="https://m.media-amazon.com/images/I/41CWW+v4uOL._SL500_.jpg" alt="Product Image"></a><p>SRA Solder 135 Rosin Paste Soldering Flux For Electronics, No Clean Flux Made for Lead and Lead-Free Solder Circuit Boards and Copper Electrical Wire - Safe Clean Residues with No Goopy Mess (2oz Jar)</p><p> -23% 0FF </p><p>$8.49</p><a href="https://www.amazon.com/dp/B008ZIV85A?tag=eloabder-20&linkCode=osi&th=1&psc=1">View Product</a></div><div class="product"><a href="https://www.amazon.com/dp/B08MVXW4RY?tag=eloabder-20&linkCode=osi&th=1&psc=1"><img src="https://m.media-amazon.com/images/I/51ACPA4yj1L._SL500_.jpg" alt="Product Image"></a><p>2 Jar Solder Flux, Flux for Soldering, Rosin Soldering Flux Paste for Lead-Free Electronics Soldering and Soldering DIY (1.2oz/35g in a Jar)</p><p> -30% 0FF </p><p>$6.98</p><a href="https://www.amazon.com/dp/B08MVXW4RY?tag=eloabder-20&linkCode=osi&th=1&psc=1">View Product</a></div>
<div class="product"><a href="https://www.amazon.com/dp/B07PX44JQM?tag=eloabder-20&linkCode=osi&th=1&psc=1"><img src="https://m.media-amazon.com/images/I/41MRmHNswpL._SL500_.jpg" alt="Product Image"></a><p>Metabo HPT Compound Miter Saw, 10" Miter Saw with Large Table Saw for woodworking, Power saw with 15-Amp Motor, Accurate Miter Angles, 0-45¬∞ Bevel, 24T TCT Miter Saw Blade, Positive Stops, C10FCGS</p><p> -25% 0FF </p><p>$119.00</p><a href="https://www.amazon.com/dp/B07PX44JQM?tag=eloabder-20&linkCode=osi&th=1&psc=1">View Product</a></div><div class="product"><a href="https://www.amazon.com/dp/B0CCNY7798?tag=eloabder-20&linkCode=osi&th=1&psc=1"><img src="https://m.media-amazon.com/images/I/51Wb7rA81NL._SL500_.jpg" alt="Product Image"></a><p>DEKOPRO Drill Set: Tool Set with 8V Blue Cordless Drill, Home Tool Kit with Drill, Hand Tool Kits for Women 126 Piece</p><p> -33% 0FF </p><p>$59.99</p><a href="https://www.amazon.com/dp/B0CCNY7798?tag=eloabder-20&linkCode=osi&th=1&psc=1">View Product</a></div><div class="product"><a href="https://www.amazon.com/dp/B07JPFHQKG?tag=eloabder-20&linkCode=osi&th=1&psc=1"><img src="https://m.media-amazon.com/images/I/413RBSqCVzL._SL500_.jpg" alt="Product Image"></a><p>DEWALT 20V MAX XR Jig Saw, 3,200 Blade Speed, Cordless, Brushless Motor, LED Light, Bare Tool Only (DCS334B)</p><p> -46% 0FF </p><p>$129.00</p><a href="https://www.amazon.com/dp/B07JPFHQKG?tag=eloabder-20&linkCode=osi&th=1&psc=1">View Product</a></div><div class="product"><a href="https://www.amazon.com/dp/B01IR1SXVQ?tag=eloabder-20&linkCode=osi&th=1&psc=1"><img src="https://m.media-amazon.com/images/I/41ryU1i4DeL._SL500_.jpg" alt="Product Image"></a><p>BLACK+DECKER 20V MAX Power Tool Combo Kit, 4-Tool Cordless Power Tool Set with 2 Batteries and Charger (BD4KITCDCRL)</p><p> -29% 0FF </p><p>$141.83</p><a href="https://www.amazon.com/dp/B01IR1SXVQ?tag=eloabder-20&linkCode=osi&th=1&psc=1">View Product</a></div>
<div class="product"><a href="https://www.amazon.com/dp/B0C4L88ZFW?tag=eloabder-20&linkCode=osi&th=1&psc=1"><img src="https://m.media-amazon.com/images/I/51SJoHf6mJL._SL500_.jpg" alt="Product Image"></a><p>FADAKWALT Cordless Drill Set,12V Power Drill Set with Battery and Charger, Electric Driver/Drill Bits, 3/8'' Keyless Chuck,21+1 Torque Setting, 180 inch-lbs, with LED Electric Drill Set (Green)</p><p> -20% 0FF </p><p>$23.98</p><a href="https://www.amazon.com/dp/B0C4L88ZFW?tag=eloabder-20&linkCode=osi&th=1&psc=1">View Product</a></div><div class="product"><a href="https://www.amazon.com/dp/B07CR1GPBQ?tag=eloabder-20&linkCode=osi&th=1&psc=1"><img src="https://m.media-amazon.com/images/I/51Py58xkv6L._SL500_.jpg" alt="Product Image"></a><p>AVID POWER 20V MAX Lithium lon Cordless Drill Set, Power Drill Kit with Battery and Charger, 3/8-Inch Keyless Chuck, Variable Speed, 16 Position and 22pcs Drill Bits (Red)</p><p> -12% 0FF </p><p>$43.99</p><a href="https://www.amazon.com/dp/B07CR1GPBQ?tag=eloabder-20&linkCode=osi&th=1&psc=1">View Product</a></div><div class="product"><a href="https://www.amazon.com/dp/B09Y8BWFZB?tag=eloabder-20&linkCode=osi&th=1&psc=1"><img src="https://m.media-amazon.com/images/I/51Ixq-DjI3L._SL500_.jpg" alt="Product Image"></a><p>DEKOPRO 8V Cordless Drill, Drill Set with 3/8"Keyless Chuck, 42pcs Acessories, Built-in LED, Type-C Charge Cable, Pink Power Drill for Drilling and Tightening/Loosening Screws</p><p> -17% 0FF </p><p>$29.99</p><a href="https://www.amazon.com/dp/B09Y8BWFZB?tag=eloabder-20&linkCode=osi&th=1&psc=1">View Product</a></div>
<div class="product"><a href="https://www.amazon.com/dp/B01KJJQ1MC?tag=eloabder-20&linkCode=osi&th=1&psc=1"><img src="https://m.media-amazon.com/images/I/51zT9DcQquL._SL500_.jpg" alt="Product Image"></a><p>Skil 5080-01 13-Amp 7-1/4" Circular Saw, Red</p><p> -33% 0FF </p><p>$39.99</p><a href="https://www.amazon.com/dp/B01KJJQ1MC?tag=eloabder-20&linkCode=osi&th=1&psc=1">View Product</a></div><div class="product"><a href="https://www.amazon.com/dp/B076HPKK19?tag=eloabder-20&linkCode=osi&th=1&psc=1"><img src="https://m.media-amazon.com/images/I/41b2h45bkSS._SL500_.jpg" alt="Product Image"></a><p>BLACK+DECKER 20V MAX* Cordless Reciprocating Saw Kit (BDCR20C)</p><p> -21% 0FF </p><p>$54.99</p><a href="https://www.amazon.com/dp/B076HPKK19?tag=eloabder-20&linkCode=osi&th=1&psc=1">View Product</a></div><div class="product"><a href="https://www.amazon.com/dp/B07WP376TG?tag=eloabder-20&linkCode=osi&th=1&psc=1"><img src="https://m.media-amazon.com/images/I/51PemucX5WL._SL500_.jpg" alt="Product Image"></a><p>GALAX PRO Circular Saw and Reciprocating Saw Combo Kit with 1pcs 4.0Ah Lithium Battery and One Charger, 7 Saw Blades and Tool Bag</p><p> -21% 0FF </p><p>$109.99</p><a href="https://www.amazon.com/dp/B07WP376TG?tag=eloabder-20&linkCode=osi&th=1&psc=1">View Product</a></div><div class="product"><a href="https://www.amazon.com/dp/B00F2CGXGG?tag=eloabder-20&linkCode=osi&th=1&psc=1"><img src="https://m.media-amazon.com/images/I/41gldz3g2lS._SL500_.jpg" alt="Product Image"></a><p>DEWALT (DWE7491RS) 10-Inch Table Saw, 32-1/2-Inch Rip Capacity, Yellow/Black/Silver</p><p> -18% 0FF </p><p>$549.00</p><a href="https://www.amazon.com/dp/B00F2CGXGG?tag=eloabder-20&linkCode=osi&th=1&psc=1">View Product</a></div><div class="product"><a href="https://www.amazon.com/dp/B086SRQVVM?tag=eloabder-20&linkCode=osi&th=1&psc=1"><img src="https://m.media-amazon.com/images/I/41dsapo-W7L._SL500_.jpg" alt="Product Image"></a><p>Electric Circular Saw, HYCHIKA 6.2A Mini Circular Saw with 3 Blades(4-1/2‚Äù), Compact Hand Saw Max Cutting Depth 1-7/8'' (90¬∞), Rubber Handle, 10 Feet Cord, Fit for Wood Soft Metal Plastic Cuts</p><p> -22% 0FF </p><p>$54.38</p><a href="https://www.amazon.com/dp/B086SRQVVM?tag=eloabder-20&linkCode=osi&th=1&psc=1">View Product</a></div>
<div class="product"><a href="https://www.amazon.com/dp/B00RVZ7DNO?tag=eloabder-20&linkCode=osi&th=1&psc=1"><img src="https://m.media-amazon.com/images/I/41WHxI6Z+bL._SL500_.jpg" alt="Product Image"></a><p>DEWALT Angle Grinder, 4.5 Inch, 11 Amp, With Paddle Switch (DWE402)</p><p> -19% 0FF </p><p>$88.82</p><a href="https://www.amazon.com/dp/B00RVZ7DNO?tag=eloabder-20&linkCode=osi&th=1&psc=1">View Product</a></div><div class="product"><a href="https://www.amazon.com/dp/B07L21GNHL?tag=eloabder-20&linkCode=osi&th=1&psc=1"><img src="https://m.media-amazon.com/images/I/5199mmz0eBS._SL500_.jpg" alt="Product Image"></a><p>Metabo HPT 4-1/2-Inch Angle Grinder, Includes 5 Grinding Wheels & Hard Case, 6.2-Amp Motor, Compact & Lightweight, G12SR4</p><p> -20% 0FF </p><p>$39.00</p><a href="https://www.amazon.com/dp/B07L21GNHL?tag=eloabder-20&linkCode=osi&th=1&psc=1">View Product</a></div><div class="product"><a href="https://www.amazon.com/dp/B009ELXH1K?tag=eloabder-20&linkCode=osi&th=1&psc=1"><img src="https://m.media-amazon.com/images/I/41xbd2K1xkL._SL500_.jpg" alt="Product Image"></a><p>DEWALT Angle Grinder, One-Touch Guard, 4-1/2 -Inch (DWE4011)</p><p> -11% 0FF </p><p>$79.00</p><a href="https://www.amazon.com/dp/B009ELXH1K?tag=eloabder-20&linkCode=osi&th=1&psc=1">View Product</a></div><div class="product"><a href="https://www.amazon.com/dp/B06WW85XHR?tag=eloabder-20&linkCode=osi&th=1&psc=1"><img src="https://m.media-amazon.com/images/I/41IyxzFrgQL._SL500_.jpg" alt="Product Image"></a><p>DEWALT Angle Grinder Tool, 4-1/2-Inch to 5-Inch, Trigger Switch (DWE43116)</p><p> -20% 0FF </p><p>$134.93</p><a href="https://www.amazon.com/dp/B06WW85XHR?tag=eloabder-20&linkCode=osi&th=1&psc=1">View Product</a></div><div class="product"><a href="https://www.amazon.com/dp/B0002SRK6M?tag=eloabder-20&linkCode=osi&th=1&psc=1"><img src="https://m.media-amazon.com/images/I/31rUdEYHfiL._SL500_.jpg" alt="Product Image"></a><p>DEWALT Angle Grinder, 7-Inch, 13-Amp, 8,000 RPM, With Dust Ejection System, Corded (DW840)</p><p> -18% 0FF </p><p>$122.13</p><a href="https://www.amazon.com/dp/B0002SRK6M?tag=eloabder-20&linkCode=osi&th=1&psc=1">View Product</a></div><div class="product"><a href="https://www.amazon.com/dp/B01HD4EH4A?tag=eloabder-20&linkCode=osi&th=1&psc=1"><img src="https://m.media-amazon.com/images/I/31bCbZzbjxL._SL500_.jpg" alt="Product Image"></a><p>BOSCH GWS8-45 4-1/2 Inch 7.5 Amp Angle Grinder</p><p> -15% 0FF </p><p>$58.98</p><a href="https://www.amazon.com/dp/B01HD4EH4A?tag=eloabder-20&linkCode=osi&th=1&psc=1">View Product</a></div><div class="product"><a href="https://www.amazon.com/dp/B09MCMN9SJ?tag=eloabder-20&linkCode=osi&th=1&psc=1"><img src="https://m.media-amazon.com/images/I/51bilvYEN5L._SL500_.jpg" alt="Product Image"></a><p>7.5Amp 4-1/2 Inch 12000 RPM Angle Grinder with 2 Guards, 3 Cutting Wheels, 3 Discs, Non-Slip Handle and Carbon Brush for Metal and Wood</p><p> -13% 0FF </p><p>$39.99</p><a href="https://www.amazon.com/dp/B09MCMN9SJ?tag=eloabder-20&linkCode=osi&th=1&psc=1">View Product</a></div><div class="product"><a href="https://www.amazon.com/dp/B01FJLKS1K?tag=eloabder-20&linkCode=osi&th=1&psc=1"><img src="https://m.media-amazon.com/images/I/41OMZZp7LWL._SL500_.jpg" alt="Product Image"></a><p>WEN 944 7-Amp Angle Grinder, 4-1/2", Grey,black,orange</p><p> -30% 0FF </p><p>$24.35</p><a href="https://www.amazon.com/dp/B01FJLKS1K?tag=eloabder-20&linkCode=osi&th=1&psc=1">View Product</a></div>
<div class="product"><a href="https://www.amazon.com/dp/B07FDL1TW5?tag=eloabder-20&linkCode=osi&th=1&psc=1"><img src="https://m.media-amazon.com/images/I/51OYzHg15RL._SL500_.jpg" alt="Product Image"></a><p>SKIL Corded Multi-Function Detail Sander with Micro-Filter Dust Box 3 Additional Attachments & 12pc Sanding Sheet- SR232301</p><p> -27% 0FF </p><p>$29.00</p><a href="https://www.amazon.com/dp/B07FDL1TW5?tag=eloabder-20&linkCode=osi&th=1&psc=1">View Product</a></div><div class="product"><a href="https://www.amazon.com/dp/B0858C7X3M?tag=eloabder-20&linkCode=osi&th=1&psc=1"><img src="https://m.media-amazon.com/images/I/41-u+iAaY0L._SL500_.jpg" alt="Product Image"></a><p>DEWALT Random Orbit Sander, Variable Speed, 5-Inch (DWE6423)</p><p> -29% 0FF </p><p>$69.99</p><a href="https://www.amazon.com/dp/B0858C7X3M?tag=eloabder-20&linkCode=osi&th=1&psc=1">View Product</a></div><div class="product"><a href="https://www.amazon.com/dp/B01ALMMJH8?tag=eloabder-20&linkCode=osi&th=1&psc=1"><img src="https://m.media-amazon.com/images/I/41c+p-fOD8L._SL500_.jpg" alt="Product Image"></a><p>DEWALT Electric Sander, 1/4-Inch Sheet, (DWE6411)</p><p> -17% 0FF </p><p>$53.64</p><a href="https://www.amazon.com/dp/B01ALMMJH8?tag=eloabder-20&linkCode=osi&th=1&psc=1">View Product</a></div><div class="product"><a href="https://www.amazon.com/dp/B07JQM7C28?tag=eloabder-20&linkCode=osi&th=1&psc=1"><img src="https://m.media-amazon.com/images/I/41dKlVcpqTL._SL500_.jpg" alt="Product Image"></a><p>DEWALT 20V MAX Orbital Sander, Tool Only (DCW210B)</p><p> -41% 0FF </p><p>$105.00</p><a href="https://www.amazon.com/dp/B07JQM7C28?tag=eloabder-20&linkCode=osi&th=1&psc=1">View Product</a></div><div class="product"><a href="https://www.amazon.com/dp/B07KL4QGSQ?tag=eloabder-20&linkCode=osi&th=1&psc=1"><img src="https://m.media-amazon.com/images/I/41Ucr142bJL._SL500_.jpg" alt="Product Image"></a><p>WEN Benchtop Belt and Disc Sander with 4 x 36 in. Belt, 6 in. Disc and Cast Iron Base (6502T)</p><p> -27% 0FF </p><p>$98.80</p><a href="https://www.amazon.com/dp/B07KL4QGSQ?tag=eloabder-20&linkCode=osi&th=1&psc=1">View Product</a></div><div class="product"><a href="https://www.amazon.com/dp/B00OJWLVM6?tag=eloabder-20&linkCode=osi&th=1&psc=1"><img src="https://m.media-amazon.com/images/I/41uzJE+Q03L._SL500_.jpg" alt="Product Image"></a><p>BLACK+DECKER 2.0 Amp Electric 1/4 Sheet Orbit Sander (BDEQS300)</p><p> -29% 0FF </p><p>$28.41</p><a href="https://www.amazon.com/dp/B00OJWLVM6?tag=eloabder-20&linkCode=osi&th=1&psc=1">View Product</a></div>
<div class="product"><a href="https://www.amazon.com/dp/B0DC68CKKH?tag=eloabder-20&linkCode=osi&th=1&psc=1"><img src="https://m.media-amazon.com/images/I/41gqGPLD28L._SL500_.jpg" alt="Product Image"></a><p>VEVOR Air Compressor 80 Gallon, 6.5HP 15.5SCFM@90 PSI, 2-Stage 145PSI Oil Free Stationary Air Compressor Tank, 86dB Quiet Compressor for Industrial Manufacturing, Construction Sites (3-Phase Power)</p><p> -6% 0FF </p><p>$1,141.99</p><a href="https://www.amazon.com/dp/B0DC68CKKH?tag=eloabder-20&linkCode=osi&th=1&psc=1">View Product</a></div><div class="product"><a href="https://www.amazon.com/dp/B0CSZ1NVW4?tag=eloabder-20&linkCode=osi&th=1&psc=1"><img src="https://m.media-amazon.com/images/I/41RAQPUKmVL._SL500_.jpg" alt="Product Image"></a><p>FYPower Air Compressor Whip Hose 3/8 Inch x 10 Feet Lead in Hybrid Hose with Fittings, Flexible and Kink Resistant, 1/4" Industrial Quick Coupler and Plug Kit - Red</p><p> -50% 0FF </p><p>$9.49</p><a href="https://www.amazon.com/dp/B0CSZ1NVW4?tag=eloabder-20&linkCode=osi&th=1&psc=1">View Product</a></div><div class="product"><a href="https://www.amazon.com/dp/B0D1QK5ZKD?tag=eloabder-20&linkCode=osi&th=1&psc=1"><img src="https://m.media-amazon.com/images/I/41lJM5B8d2L._SL500_.jpg" alt="Product Image"></a><p>Uharbour Air Compressor Hose 1/4" x 50 Feet, 1/4 Air Hose PVC/Rubber Hybrid, Air Hose for Compressor with 1/4" MNPT Brass Fitting, Air Hose 50 ft for Air Compressor</p><p> -50% 0FF </p><p>$11.49 ($0.23 / Foot)</p><a href="https://www.amazon.com/dp/B0D1QK5ZKD?tag=eloabder-20&linkCode=osi&th=1&psc=1">View Product</a></div><div class="product"><a href="https://www.amazon.com/dp/B0CQ1ZXN5N?tag=eloabder-20&linkCode=osi&th=1&psc=1"><img src="https://m.media-amazon.com/images/I/413MD4U9LOL._SL500_.jpg" alt="Product Image"></a><p>DEWENWILS 3/8 Inch x 50FT Hybrid Air Hose 300 PSI, Heavy Duty Air Compressor Hose with 1/4" Industrial Quick Coupler Fittings, Flexible and Kink Resistant Air Hose (Red)</p><p> -50% 0FF </p><p>$16.24 ($0.32 / Foot)</p><a href="https://www.amazon.com/dp/B0CQ1ZXN5N?tag=eloabder-20&linkCode=osi&th=1&psc=1">View Product</a></div><div class="product"><a href="https://www.amazon.com/dp/B0CHB3GDSV?tag=eloabder-20&linkCode=osi&th=1&psc=1"><img src="https://m.media-amazon.com/images/I/41TgWdqGdPL._SL500_.jpg" alt="Product Image"></a><p>Giraffe Tools TA15BPLUS Retractable Air Hose Reel with Swivel Bracket 3/8" x 50 ft Hybrid Hose, Ceiling/Wall Mounted Heavy Duty Industrial Air Compressor Hose Reel, 300PSI, 50ft</p><p> -9% 0FF </p><p>$99.99</p><a href="https://www.amazon.com/dp/B0CHB3GDSV?tag=eloabder-20&linkCode=osi&th=1&psc=1">View Product</a></div><div class="product"><a href="https://www.amazon.com/dp/B08PDT69XS?tag=eloabder-20&linkCode=osi&th=1&psc=1"><img src="https://m.media-amazon.com/images/I/41a6Z-s1uhL._SL500_.jpg" alt="Product Image"></a><p>Craftsman 20-piece Air Accessory Kit</p><p> -24% 0FF </p><p>$33.28</p><a href="https://www.amazon.com/dp/B08PDT69XS?tag=eloabder-20&linkCode=osi&th=1&psc=1">View Product</a></div><div class="product"><a href="https://www.amazon.com/dp/B07MBY35K6?tag=eloabder-20&linkCode=osi&th=1&psc=1"><img src="https://m.media-amazon.com/images/I/41wG+631zAL._SL500_.jpg" alt="Product Image"></a><p>AZUNO Digital Tire Inflator with Pressure Gauge, 200 PSI (0.1 Res) w/LED Flashlight, Heavy Duty Air Compressor Accessories 7pcs Set, w/Lock on Air Dual Head Chuck and 90¬∞ Tire Valve</p><p> -6% 0FF </p><p>$25.99</p><a href="https://www.amazon.com/dp/B07MBY35K6?tag=eloabder-20&linkCode=osi&th=1&psc=1">View Product</a></div>
<div class="product"><a href="https://www.amazon.com/dp/B0918CSK8N?tag=eloabder-20&linkCode=osi&th=1&psc=1"><img src="https://m.media-amazon.com/images/I/51PHon751vL._SL500_.jpg" alt="Product Image"></a><p>TOOLPEAK 1/4 inch angle air die grinder with 22 pcs 2-inch roll lock sanding discs, polished color angle pneumatic die grinder, air die grinder kit</p><p> -5% 0FF </p><p>$38.57</p><a href="https://www.amazon.com/dp/B0918CSK8N?tag=eloabder-20&linkCode=osi&th=1&psc=1">View Product</a></div><div class="product"><a href="https://www.amazon.com/dp/B000VZAENC?tag=eloabder-20&linkCode=osi&th=1&psc=1"><img src="https://m.media-amazon.com/images/I/21onsePfIFL._SL500_.jpg" alt="Product Image"></a><p>Ingersoll Rand 114GQC Quick Change Air Hammer 3-Piece Chisel Set, 3500 BPM, 2-5/8" Stroke, .401 Shank</p><p> -13% 0FF </p><p>$64.99</p><a href="https://www.amazon.com/dp/B000VZAENC?tag=eloabder-20&linkCode=osi&th=1&psc=1">View Product</a></div><div class="product"><a href="https://www.amazon.com/dp/B079FCZT4N?tag=eloabder-20&linkCode=osi&th=1&psc=1"><img src="https://m.media-amazon.com/images/I/41MB8jWnISS._SL500_.jpg" alt="Product Image"></a><p>WEN 61721 18-Gauge 3/8-Inch to 2-Inch Pneumatic Brad Nailer</p><p> -38% 0FF </p><p>$27.99</p><a href="https://www.amazon.com/dp/B079FCZT4N?tag=eloabder-20&linkCode=osi&th=1&psc=1">View Product</a></div><div class="product"><a href="https://www.amazon.com/dp/B00OK3TWUW?tag=eloabder-20&linkCode=osi&th=1&psc=1"><img src="https://m.media-amazon.com/images/I/314nu+8-0xL._SL500_.jpg" alt="Product Image"></a><p>DEWALT Grinder Tool, Self-locking Touch Control, 3-Inch (DWMT70784)</p><p> -66% 0FF </p><p>$42.84</p><a href="https://www.amazon.com/dp/B00OK3TWUW?tag=eloabder-20&linkCode=osi&th=1&psc=1">View Product</a></div><div class="product"><a href="https://www.amazon.com/dp/B008JYRDEU?tag=eloabder-20&linkCode=osi&th=1&psc=1"><img src="https://m.media-amazon.com/images/I/316BGYzWEtL._SL500_.jpg" alt="Product Image"></a><p>Ingersoll Rand 301B 1/4-Inch Right-Angle Air Die Grinder</p><p> -17% 0FF </p><p>$66.55</p><a href="https://www.amazon.com/dp/B008JYRDEU?tag=eloabder-20&linkCode=osi&th=1&psc=1">View Product</a></div><div class="product"><a href="https://www.amazon.com/dp/B07MSL5X4W?tag=eloabder-20&linkCode=osi&th=1&psc=1"><img src="https://m.media-amazon.com/images/I/41Q7jIwxfQS._SL500_.jpg" alt="Product Image"></a><p>Metabo HPT Palm Nailer | Pro Preferred Brand of Pneumatic Nailers | Over-molded Rubber Grip | 360 Degree Swivel Fitting | Magnetic Nose | Ideal For Tight Spaces | 5-Year Warranty | NH90AB</p><p> -20% 0FF </p><p>$39.00</p><a href="https://www.amazon.com/dp/B07MSL5X4W?tag=eloabder-20&linkCode=osi&th=1&psc=1">View Product</a></div><div class="product"><a href="https://www.amazon.com/dp/B09XQ9Z1B9?tag=eloabder-20&linkCode=osi&th=1&psc=1"><img src="https://m.media-amazon.com/images/I/61exAD7KuDL._SL500_.jpg" alt="Product Image"></a><p>Air Cut Off Tool with 5Pcs 3-inch Die Grinder Cut-Off Wheels, Pneumatic Metal Sheet Cutting Tool, Heavy Duty Air Cutter Cut off Tool</p><p> -9% 0FF </p><p>$31.99</p><a href="https://www.amazon.com/dp/B09XQ9Z1B9?tag=eloabder-20&linkCode=osi&th=1&psc=1">View Product</a></div><div class="product"><a href="https://www.amazon.com/dp/B0CWV1M883?tag=eloabder-20&linkCode=osi&th=1&psc=1"><img src="https://m.media-amazon.com/images/I/415GvPJJSYL._SL500_.jpg" alt="Product Image"></a><p>Pneumatic Chamfering Tool Handheld, Mini Air-Powered Chamfering Machine Trimming, 45¬∞ Arc Corner with 1/4 Inch Air Inlet for Metal Wood Beveling Deburring (C&R Angle Blades)</p><p> -7% 0FF </p><p>$51.99</p><a href="https://www.amazon.com/dp/B0CWV1M883?tag=eloabder-20&linkCode=osi&th=1&psc=1">View Product</a></div>
<div class="product"><a href="https://www.amazon.com/dp/B0BZNPPBBN?tag=eloabder-20&linkCode=osi&th=1&psc=1"><img src="https://m.media-amazon.com/images/I/51U1TjcJAVL._SL500_.jpg" alt="Product Image"></a><p>6 Pack Hydraulic Seal Installation Tools, Hydraulic Cylinder Piston Repair Rebuild Seal Kit, U-Cup Rod Seal Installation Tool Kits Upgraded Super Strong Seal Twistor Install Tool Set</p><p> -5% 0FF </p><p>$38.99</p><a href="https://www.amazon.com/dp/B0BZNPPBBN?tag=eloabder-20&linkCode=osi&th=1&psc=1">View Product</a></div>
<div class="product"><a href="https://www.amazon.com/dp/B008ASBLJI?tag=eloabder-20&linkCode=osi&th=1&psc=1"><img src="https://m.media-amazon.com/images/I/4191b6i6byL._SL500_.jpg" alt="Product Image"></a><p>Forearm Forklift 2-Person Lifting and Moving Straps; Lift, Move and Carry Furniture, Appliances, Mattresses or Any Item up to 800 lbs. Safely and Easily Like a Pro, Orange</p><p> -33% 0FF </p><p>$19.99</p><a href="https://www.amazon.com/dp/B008ASBLJI?tag=eloabder-20&linkCode=osi&th=1&psc=1">View Product</a></div><div class="product"><a href="https://www.amazon.com/dp/B01G6C1R8O?tag=eloabder-20&linkCode=osi&th=1&psc=1"><img src="https://m.media-amazon.com/images/I/41BBAL4ekvS._SL500_.jpg" alt="Product Image"></a><p>Gymreapers Knee Sleeves (1 Pair) With Gym Bag - IPF Approved - Knee Sleeve & Compression Brace for Squats, Fitness, Weightlifting, and Powerlifting 7MM Sleeve Pair - For Men & Women (Large)</p><p> -14% 0FF </p><p>$59.99</p><a href="https://www.amazon.com/dp/B01G6C1R8O?tag=eloabder-20&linkCode=osi&th=1&psc=1">View Product</a></div><div class="product"><a href="https://www.amazon.com/dp/B0CB8NRQNJ?tag=eloabder-20&linkCode=osi&th=1&psc=1"><img src="https://m.media-amazon.com/images/I/41TGm-OVXtL._SL500_.jpg" alt="Product Image"></a><p>HOLKIE Retractable Casters Heavy Duty Casters with Lifting and Lowering Function Maximum Load of 700 lbs (4 casters) for Workbenches or Other Equipment</p><p> -13% 0FF </p><p>$25.99 ($6.50 / Count)</p><a href="https://www.amazon.com/dp/B0CB8NRQNJ?tag=eloabder-20&linkCode=osi&th=1&psc=1">View Product</a></div>
<div class="product"><a href="https://www.amazon.com/dp/B08669YYV7?tag=eloabder-20&linkCode=osi&th=1&psc=1"><img src="https://m.media-amazon.com/images/I/51UV5G4XfgL._SL500_.jpg" alt="Product Image"></a><p>RoMech 660lb Digital Hanging Scale with Cast Aluminum Case, Handheld 300Kg Mini Crane Scale with Hooks for Farm Hunting Fishing Outdoor (Orange)</p><p> -25% 0FF </p><p>$29.99</p><a href="https://www.amazon.com/dp/B08669YYV7?tag=eloabder-20&linkCode=osi&th=1&psc=1">View Product</a></div><div class="product"><a href="https://www.amazon.com/dp/B0CMHX7Q2X?tag=eloabder-20&linkCode=osi&th=1&psc=1"><img src="https://m.media-amazon.com/images/I/31NOuexL2YL._SL500_.jpg" alt="Product Image"></a><p>VEVOR Crane Scale, Hanging Scale Industrial Heavy Duty, Digital Crane Scale with Remote Control, Cast Aluminum Case & LED Screen, 2200 lbs/1000 kg,High Precision for Construction, Factory, Farm</p><p> -10% 0FF </p><p>$66.59</p><a href="https://www.amazon.com/dp/B0CMHX7Q2X?tag=eloabder-20&linkCode=osi&th=1&psc=1">View Product</a></div>
<div class="product"><a href="https://www.amazon.com/dp/B0CQCDVKJ1?tag=eloabder-20&linkCode=osi&th=1&psc=1"><img src="https://m.media-amazon.com/images/I/41GQHYTm0VL._SL500_.jpg" alt="Product Image"></a><p>VEVOR 2-in-1 Electric Hoist Winch, 1100 lbs Lift Capacity, 1500W Portable Power Winch Crane, 22.9 ft Lifting Height, 13 ft/min with Wired Remote Control, for Garage, Warehouse, Factory Lifting Towing</p><p> -17% 0FF </p><p>$107.99</p><a href="https://www.amazon.com/dp/B0CQCDVKJ1?tag=eloabder-20&linkCode=osi&th=1&psc=1">View Product</a></div><div class="product"><a href="https://www.amazon.com/dp/B0CT2LSGSD?tag=eloabder-20&linkCode=osi&th=1&psc=1"><img src="https://m.media-amazon.com/images/I/41-pWD30jmL._SL500_.jpg" alt="Product Image"></a><p>3 in 1 Electric Hoist Winch,2200LBS Wired and Wireless Remote Control,110/120V-Portable Power Electric Hoist,41ft Lifting Garage Lift Hoist& Pure Copper Motor,forGarage,Factories,Warehouses,Verandahs</p><p> -6% 0FF </p><p>$146.56</p><a href="https://www.amazon.com/dp/B0CT2LSGSD?tag=eloabder-20&linkCode=osi&th=1&psc=1">View Product</a></div><div class="product"><a href="https://www.amazon.com/dp/B09TW27PBZ?tag=eloabder-20&linkCode=osi&th=1&psc=1"><img src="https://m.media-amazon.com/images/I/411FSmkLWEL._SL500_.jpg" alt="Product Image"></a><p>VEVOR Electric Hoist, 440LBS Attic Hoist, Ladder Hoist, 110V Electric Hoist with 14ft Remote Control & Single/Double Slings for Lifting in Factories, Warehouses, Construction Site, Attic</p><p> -15% 0FF </p><p>$82.44</p><a href="https://www.amazon.com/dp/B09TW27PBZ?tag=eloabder-20&linkCode=osi&th=1&psc=1">View Product</a></div><div class="product"><a href="https://www.amazon.com/dp/B0C4DSHF17?tag=eloabder-20&linkCode=osi&th=1&psc=1"><img src="https://m.media-amazon.com/images/I/51EnChC+cEL._SL500_.jpg" alt="Product Image"></a><p>VEVOR 1320lbs Electric Hoist with Wireless Remote Control,110v Electric Hoist with Remote Control, 40ft/20ft Lifting Height & Pure Copper Motor, for Garage Warehouse Factory</p><p> -12% 0FF </p><p>$112.49</p><a href="https://www.amazon.com/dp/B0C4DSHF17?tag=eloabder-20&linkCode=osi&th=1&psc=1">View Product</a></div>
<div class="product"><a href="https://www.amazon.com/dp/B08GQ9VXKK?tag=eloabder-20&linkCode=osi&th=1&psc=1"><img src="https://m.media-amazon.com/images/I/51D47aU7KVL._SL500_.jpg" alt="Product Image"></a><p>Sidasu Forklift Safety Cage 36x36 Inches Forklift Work Platform 1200LBS Capacity with 4 Wheels Aerial Platform Collapsible Lift Basket Aerial Rails for Lifting Loader</p><p> -11% 0FF </p><p>$159.99</p><a href="https://www.amazon.com/dp/B08GQ9VXKK?tag=eloabder-20&linkCode=osi&th=1&psc=1">View Product</a></div><div class="product"><a href="https://www.amazon.com/dp/B0CRYQTYPQ?tag=eloabder-20&linkCode=osi&th=1&psc=1"><img src="https://m.media-amazon.com/images/I/51wrhc6U5NL._SL500_.jpg" alt="Product Image"></a><p>Santiano Forklift Cover,All-Weather Use, Multi-Functional, No Disassembly, Waterproof, Dustproof, Wind & Snow Protection,600D Oxford&EVA Eco-Friendly Material - Work Year-Round!Up to 6000 Lbs</p><p> -10% 0FF </p><p>$89.99</p><a href="https://www.amazon.com/dp/B0CRYQTYPQ?tag=eloabder-20&linkCode=osi&th=1&psc=1">View Product</a></div>
<div class="product"><a href="https://www.amazon.com/dp/B0D3LGSK5H?tag=eloabder-20&linkCode=osi&th=1&psc=1"><img src="https://m.media-amazon.com/images/I/41Stu0GX-WL._SL500_.jpg" alt="Product Image"></a><p>VEVOR Belt Conveyor, 47 x 7.8 inch Conveyor Table, Heavy Duty Stainless Steel Motorized Belt Conveyor for Inkjet Coding Applications Powered PVC Belt Anti-Static Adjustable Speed (Double Guardrail)</p><p> -30% 0FF </p><p>$168.99</p><a href="https://www.amazon.com/dp/B0D3LGSK5H?tag=eloabder-20&linkCode=osi&th=1&psc=1">View Product</a></div><div class="product"><a href="https://www.amazon.com/dp/B0D7Q3GX1Q?tag=eloabder-20&linkCode=osi&th=1&psc=1"><img src="https://m.media-amazon.com/images/I/41FysGv+h2L._SL500_.jpg" alt="Product Image"></a><p>biosp Adjustable Conveyor Roller Stand with Wheels, Conveyor System Table Height Adjusts between 23'' and 36'', Infeed/Outfeed Support Expandable Gravity Conveyor Belt 300 lbs Load Weight Capacity</p><p> -27% 0FF </p><p>$134.99</p><a href="https://www.amazon.com/dp/B0D7Q3GX1Q?tag=eloabder-20&linkCode=osi&th=1&psc=1">View Product</a></div>
<div class="product"><a href="https://www.amazon.com/dp/B085X1KRSY?tag=eloabder-20&linkCode=osi&th=1&psc=1"><img src="https://m.media-amazon.com/images/I/31zzyc8v40L._SL500_.jpg" alt="Product Image"></a><p>Rhino Cart All Terrain Mover - All Terrain Moving Dolly for Heavy Appliance, Furniture, and Building Material Handling with 2,000lb Load Rating</p><p> -11% 0FF </p><p>$141.86</p><a href="https://www.amazon.com/dp/B085X1KRSY?tag=eloabder-20&linkCode=osi&th=1&psc=1">View Product</a></div><div class="product"><a href="https://www.amazon.com/dp/B097K7JG56?tag=eloabder-20&linkCode=osi&th=1&psc=1"><img src="https://m.media-amazon.com/images/I/51L7oLmBU6L._SL500_.jpg" alt="Product Image"></a><p>XClifes Labor-Saving Handle 2 Pack, 12 in Construction Jack, Wall Tile Locator, Multi-Function Height Adjustment Lifting Device, Door Panel Lifting Cabinet Jack, Raised by 6.69 in,Dynamic Load 450 LB</p><p> -70% 0FF </p><p>$41.99</p><a href="https://www.amazon.com/dp/B097K7JG56?tag=eloabder-20&linkCode=osi&th=1&psc=1">View Product</a></div>
<div class="product"><a href="https://www.amazon.com/dp/B0C73SXNLS?tag=eloabder-20&linkCode=osi&th=1&psc=1"><img src="https://m.media-amazon.com/images/I/51wYIKHX3sL._SL500_.jpg" alt="Product Image"></a><p>Space Saving Hangers, 10PCS Magic Hangers, 5 Holes Sturdy Plastic Hanger Clothes Organizer, Closet Organizers and Storage, Space Saver Hangers Organization, College Dorm Room Essentials (Gray)</p><p> -60% 0FF </p><p>$7.97</p><a href="https://www.amazon.com/dp/B0C73SXNLS?tag=eloabder-20&linkCode=osi&th=1&psc=1">View Product</a></div><div class="product"><a href="https://www.amazon.com/dp/B0BS3JQFBN?tag=eloabder-20&linkCode=osi&th=1&psc=1"><img src="https://m.media-amazon.com/images/I/51B12NhX-VL._SL500_.jpg" alt="Product Image"></a><p>HUITEM Space Saving 6 Tier Pant Hangers, Anti-Slip, Stainless Steel, 2 Pack, Black</p><p> -37% 0FF </p><p>$16.99 ($8.50 / Count)</p><a href="https://www.amazon.com/dp/B0BS3JQFBN?tag=eloabder-20&linkCode=osi&th=1&psc=1">View Product</a></div><div class="product"><a href="https://www.amazon.com/dp/B091KFT7WN?tag=eloabder-20&linkCode=osi&th=1&psc=1"><img src="https://m.media-amazon.com/images/I/415blLO8QrS._SL500_.jpg" alt="Product Image"></a><p>Magic Pants Hangers Space Saving - 2 Pack for Closet Multiple Layers Multifunctional Uses Rack Organizer for Trousers Scarves Slack (2 Pack with 10 Metal Clips)</p><p> -32% 0FF </p><p>$17.59 ($8.80 / Count)</p><a href="https://www.amazon.com/dp/B091KFT7WN?tag=eloabder-20&linkCode=osi&th=1&psc=1">View Product</a></div><div class="product"><a href="https://www.amazon.com/dp/B0CX56DY6R?tag=eloabder-20&linkCode=osi&th=1&psc=1"><img src="https://m.media-amazon.com/images/I/41lm5CT5cBL._SL500_.jpg" alt="Product Image"></a><p>ZEDODIER Tank Top Hanger, Rotatable Bra Organzier for Closet, Max 24 Storage Capacity Sport Bra Holder, Metal Space Saving Closet Organizers and Storage, Silver</p><p> -20% 0FF </p><p>$7.99</p><a href="https://www.amazon.com/dp/B0CX56DY6R?tag=eloabder-20&linkCode=osi&th=1&psc=1">View Product</a></div><div class="product"><a href="https://www.amazon.com/dp/B0CPPHDVDJ?tag=eloabder-20&linkCode=osi&th=1&psc=1"><img src="https://m.media-amazon.com/images/I/51sbXFj+BoL._SL500_.jpg" alt="Product Image"></a><p>2 Pack Closet-Organizers-and-Storage,6 Tier Mens-Shorts Pants-Hangers-Space-Saving,Skirt-Hangers with Clips for Closet Organizer,College-Dorm-Room-Essentials,Closet Storage Jean Yoga Legging Hanger</p><p> -8% 0FF </p><p>$11.99</p><a href="https://www.amazon.com/dp/B0CPPHDVDJ?tag=eloabder-20&linkCode=osi&th=1&psc=1">View Product</a></div>
<div class="product"><a href="https://www.amazon.com/dp/B0B7KTX5LC?tag=eloabder-20&linkCode=osi&th=1&psc=1"><img src="https://m.media-amazon.com/images/I/51JTXlpt4rL._SL500_.jpg" alt="Product Image"></a><p>Bezuny 72" H|36" W All-Metal Garage Shelving Unit and Storage-Easy Assembly Shelves 5-Tier Rack|Heavy-Duty Adjustable Shelf|Steel Waterproof Rust-Resistant Shelves for Industrial,Warehouse,Basement</p><p> -30% 0FF </p><p>$69.99</p><a href="https://www.amazon.com/dp/B0B7KTX5LC?tag=eloabder-20&linkCode=osi&th=1&psc=1">View Product</a></div><div class="product"><a href="https://www.amazon.com/dp/B0B5S3PH6P?tag=eloabder-20&linkCode=osi&th=1&psc=1"><img src="https://m.media-amazon.com/images/I/51jO-STn4XL._SL500_.jpg" alt="Product Image"></a><p>REIBII Garage Shelving, 72" Garage Storage Shelves Heavy Duty Shelving Units and Storage Loads 2500LBS, Adjustable 5 Tier Metal Shelving for Garage Shelves, Utility Shelf Rack, 72" H*35.5" W*16" D</p><p> -20% 0FF </p><p>$79.85</p><a href="https://www.amazon.com/dp/B0B5S3PH6P?tag=eloabder-20&linkCode=osi&th=1&psc=1">View Product</a></div><div class="product"><a href="https://www.amazon.com/dp/B0B6BDKTLB?tag=eloabder-20&linkCode=osi&th=1&psc=1"><img src="https://m.media-amazon.com/images/I/51ku-TmYb3L._SL500_.jpg" alt="Product Image"></a><p>REIBII 36" W x 16" D x 72" H Garage Shelving 2500LBS Capacity Adjustable 5-Tier Heavy Duty Metal Shelving Rack Shelf for Garage,Shed, Pantry, Basement,2 Pack</p><p> -40% 0FF </p><p>$117.99</p><a href="https://www.amazon.com/dp/B0B6BDKTLB?tag=eloabder-20&linkCode=osi&th=1&psc=1">View Product</a></div>
<div class="product"><a href="https://www.amazon.com/dp/B0BV5K3K6V?tag=eloabder-20&linkCode=osi&th=1&psc=1"><img src="https://m.media-amazon.com/images/I/41lZ9MOqYgL._SL500_.jpg" alt="Product Image"></a><p>Pro-Lift Garage Storage Shelves - Heavy Duty 4-Tier Adjustable Metal Wire Shelving Units with 8000 lbs Total Capacity for Garage Basement Racking Organization - 72" H X 77" W X 24" D</p><p> -10% 0FF </p><p>$404.99</p><a href="https://www.amazon.com/dp/B0BV5K3K6V?tag=eloabder-20&linkCode=osi&th=1&psc=1">View Product</a></div><div class="product"><a href="https://www.amazon.com/dp/B0BV6P81V5?tag=eloabder-20&linkCode=osi&th=1&psc=1"><img src="https://m.media-amazon.com/images/I/41cJ52D8IXL._SL500_.jpg" alt="Product Image"></a><p>Pro-LifT Garage Storage Shelves - Heavy Duty 3-Tier Adjustable Metal Wire Shelving Units with 3000 lbs Total Capacity for Garage Basement Racking Organization - 48" H X 48" W X 24" D</p><p> -10% 0FF </p><p>$269.99</p><a href="https://www.amazon.com/dp/B0BV6P81V5?tag=eloabder-20&linkCode=osi&th=1&psc=1">View Product</a></div><div class="product"><a href="https://www.amazon.com/dp/B099RT478T?tag=eloabder-20&linkCode=osi&th=1&psc=1"><img src="https://m.media-amazon.com/images/I/51qH610h91L._SL500_.jpg" alt="Product Image"></a><p>FLEXIMOUNTS Garage Shelving, 3-Tier Heavy Duty Adjustable Shelf, 4650 lbs Weight Capacity Storage Rack, 4 Feet Tall Industrial Metal Shelving</p><p> -20% 0FF </p><p>$159.99</p><a href="https://www.amazon.com/dp/B099RT478T?tag=eloabder-20&linkCode=osi&th=1&psc=1">View Product</a></div><div class="product"><a href="https://www.amazon.com/dp/B0BVB3KSF8?tag=eloabder-20&linkCode=osi&th=1&psc=1"><img src="https://m.media-amazon.com/images/I/41OiNKSrE9L._SL500_.jpg" alt="Product Image"></a><p>Pro-LifT Garage Storage Shelves - Heavy Duty 5-Tier Adjustable Metal Wire Shelving Units with 4000 lbs Total Capacity for Garage Basement Racking Organization - 72" H X 48" W X 18" D</p><p> -21% 0FF </p><p>$172.90</p><a href="https://www.amazon.com/dp/B0BVB3KSF8?tag=eloabder-20&linkCode=osi&th=1&psc=1">View Product</a></div><div class="product"><a href="https://www.amazon.com/dp/B00EZEN2KW?tag=eloabder-20&linkCode=osi&th=1&psc=1"><img src="https://m.media-amazon.com/images/I/41NZ6KW-NBL._SL500_.jpg" alt="Product Image"></a><p>BestOffice 18x48x72 Storage Shelves Commercial Heavy Duty Metal Shelves Garage Organizer Wire Rack Shelving Storage Unit Shelf Adjustable Utility 6000 LBS Capacity,Chrome</p><p> -32% 0FF </p><p>$88.99</p><a href="https://www.amazon.com/dp/B00EZEN2KW?tag=eloabder-20&linkCode=osi&th=1&psc=1">View Product</a></div>
<div class="product"><a href="https://www.amazon.com/dp/B0052PPNQO?tag=eloabder-20&linkCode=osi&th=1&psc=1"><img src="https://m.media-amazon.com/images/I/41wsX9EmOEL._SL500_.jpg" alt="Product Image"></a><p>Vestil PLP2-4840-GREEN Polyethylene Pallet with 4 Way Entry 8000 lbs Capacity 40 In Length 48 In Width 6 In Height</p><p> -11% 0FF </p><p>$178.00</p><a href="https://www.amazon.com/dp/B0052PPNQO?tag=eloabder-20&linkCode=osi&th=1&psc=1">View Product</a></div>
<div class="product"><a href="https://www.amazon.com/dp/B0D3HYC8H1?tag=eloabder-20&linkCode=osi&th=1&psc=1"><img src="https://m.media-amazon.com/images/I/51g1Q8n8fvL._SL500_.jpg" alt="Product Image"></a><p>Dealusy 50 Pack (100-Piece) 24 oz Meal Prep Containers Reusable with Lids, Sturdy Leakproof & Food Safe, Microwave, Freezer, Dishwasher Safe Food Prep Containers, To Go Take Out Plastic Food Storage</p><p> -38% 0FF </p><p>$19.99 ($0.40 / Count)</p><a href="https://www.amazon.com/dp/B0D3HYC8H1?tag=eloabder-20&linkCode=osi&th=1&psc=1">View Product</a></div><div class="product"><a href="https://www.amazon.com/dp/B0BJ8DLPZ2?tag=eloabder-20&linkCode=osi&th=1&psc=1"><img src="https://m.media-amazon.com/images/I/51uDVTFjr8L._SL500_.jpg" alt="Product Image"></a><p>Axe Sickle 200 Count Clear Plastic Hinged Take Out Containers Clamshell Takeout Tray Food Clamshell Containers Outside Diameter 5.3 x 4.7 inch for Dessert, Snacksetc, Cakes, Cookies, Salads</p><p> -8% 0FF </p><p>$23.99 ($0.12 / Count)</p><a href="https://www.amazon.com/dp/B0BJ8DLPZ2?tag=eloabder-20&linkCode=osi&th=1&psc=1">View Product</a></div>
<div class="product"><a href="https://www.amazon.com/dp/B01A12J3GI?tag=eloabder-20&linkCode=osi&th=1&psc=1"><img src="https://m.media-amazon.com/images/I/51OnLlU2IyL._SL500_.jpg" alt="Product Image"></a><p>DEWALT DPG82-11 Concealer Clear Anti-Fog Dual Mold Safety Goggle, Clear Lens, 1 Pair</p><p> -6% 0FF </p><p>$12.24</p><a href="https://www.amazon.com/dp/B01A12J3GI?tag=eloabder-20&linkCode=osi&th=1&psc=1">View Product</a></div><div class="product"><a href="https://www.amazon.com/dp/B0BGSFQJF6?tag=eloabder-20&linkCode=osi&th=1&psc=1"><img src="https://m.media-amazon.com/images/I/510nceKxovL._SL500_.jpg" alt="Product Image"></a><p>TICONN 12 Clear Safety Glasses for Men, Safety Goggles with Scratch Impact Resistant Meets ANSI Z87.1 Standard (12 Pack)</p><p> -13% 0FF </p><p>$12.99</p><a href="https://www.amazon.com/dp/B0BGSFQJF6?tag=eloabder-20&linkCode=osi&th=1&psc=1">View Product</a></div>
<div class="product"><a href="https://www.amazon.com/dp/B093FJWP7J?tag=eloabder-20&linkCode=osi&th=1&psc=1"><img src="https://m.media-amazon.com/images/I/51YRhBJ7CiL._SL500_.jpg" alt="Product Image"></a><p>Personal Protective Equipment (PPE) Isolation Door Caddy, Nylon Oxford NFPA-701 Large Scale Flame Retardant Coating 18.5 X 31 Inch, Included 2 Hooks - Royal Blue (with Back Pockets)</p><p> -13% 0FF </p><p>$84.97</p><a href="https://www.amazon.com/dp/B093FJWP7J?tag=eloabder-20&linkCode=osi&th=1&psc=1">View Product</a></div>
<div class="product"><a href="https://www.amazon.com/dp/B01AWK1XAS?tag=eloabder-20&linkCode=osi&th=1&psc=1"><img src="https://m.media-amazon.com/images/I/41Oax+1e+4L._SL500_.jpg" alt="Product Image"></a><p>NoCry Clear Safety Glasses for Men and Women with Anti-Fog and Scratch Resistant Wrap Around Lenses, Adjustable Temples and Nose Pads ‚Äî Certified ANSI Z87 Safety Glasses ‚Äî 100% UV Protective Eyewear</p><p> -18% 0FF </p><p>$13.99</p><a href="https://www.amazon.com/dp/B01AWK1XAS?tag=eloabder-20&linkCode=osi&th=1&psc=1">View Product</a></div><div class="product"><a href="https://www.amazon.com/dp/B0BNHKWR6W?tag=eloabder-20&linkCode=osi&th=1&psc=1"><img src="https://m.media-amazon.com/images/I/41yahLzQNGL._SL500_.jpg" alt="Product Image"></a><p>HPYNPES Safety GlassesClear Anti-Fog Goggles Over-Spec Glasses Protective Eye Wear Industrial Approved Wide-VisionÔºà4 PACKÔºâ</p><p> -50% 0FF </p><p>$9.99</p><a href="https://www.amazon.com/dp/B0BNHKWR6W?tag=eloabder-20&linkCode=osi&th=1&psc=1">View Product</a></div><div class="product"><a href="https://www.amazon.com/dp/B08S35C88L?tag=eloabder-20&linkCode=osi&th=1&psc=1"><img src="https://m.media-amazon.com/images/I/31X6+YNSuzS._SL500_.jpg" alt="Product Image"></a><p>SolidWork Safety Glasses Clear Lens with Side Shields, Anti Fog, Anti Scratch, Anti-Glare, Protective Eyewear for Men & Women</p><p> -15% 0FF </p><p>$16.99</p><a href="https://www.amazon.com/dp/B08S35C88L?tag=eloabder-20&linkCode=osi&th=1&psc=1">View Product</a></div><div class="product"><a href="https://www.amazon.com/dp/B016KZ2APQ?tag=eloabder-20&linkCode=osi&th=1&psc=1"><img src="https://m.media-amazon.com/images/I/311+k1qPWOL._SL500_.jpg" alt="Product Image"></a><p>3M Safety Glasses Solus 1000 Series ANSI Z87 Scotchgard Anti-Fog Clear Lens Low Profile Blue/Black Frame</p><p> -12% 0FF </p><p>$15.86</p><a href="https://www.amazon.com/dp/B016KZ2APQ?tag=eloabder-20&linkCode=osi&th=1&psc=1">View Product</a></div>
<div class="product"><a href="https://www.amazon.com/dp/B001FPCUHA?tag=eloabder-20&linkCode=osi&th=1&psc=1"><img src="https://m.media-amazon.com/images/I/31F0QDXn4KL._SL500_.jpg" alt="Product Image"></a><p>Flents Foam Ear Plugs, 10 Pair with Case for Sleeping, Snoring, Loud Noise, Traveling, Concerts, Construction, & Studying, NRR 33, Purple, Made in the USA,10 Count (Pack of 1)</p><p> -51% 0FF </p><p>$3.46 ($0.35 / Count)</p><a href="https://www.amazon.com/dp/B001FPCUHA?tag=eloabder-20&linkCode=osi&th=1&psc=1">View Product</a></div><div class="product"><a href="https://www.amazon.com/dp/B004CZYJLA?tag=eloabder-20&linkCode=osi&th=1&psc=1"><img src="https://m.media-amazon.com/images/I/31N8m8qA-yL._SL500_.jpg" alt="Product Image"></a><p>Flents Foam Ear Plugs, 10 Pair with Case for Sleeping, Snoring, Loud Noise, Traveling, Concerts, Construction, & Studying, NRR 33, Green, Made in the USA</p><p> -39% 0FF </p><p>$4.26 ($0.43 / Count)</p><a href="https://www.amazon.com/dp/B004CZYJLA?tag=eloabder-20&linkCode=osi&th=1&psc=1">View Product</a></div><div class="product"><a href="https://www.amazon.com/dp/B0DCZBPB4B?tag=eloabder-20&linkCode=osi&th=1&psc=1"><img src="https://m.media-amazon.com/images/I/41YdD7Ib+fL._SL500_.jpg" alt="Product Image"></a><p>Ear plugs for Sleeping 45dB Noise Cancelling Ear plugs for Concert, Work, Travel, Focus & Noise Sensitivity Silicone Hearing Protection Earplugs with 8 Ear Tips Reusable Noise Reduction Ear plug Black</p><p> -33% 0FF </p><p>$19.99</p><a href="https://www.amazon.com/dp/B0DCZBPB4B?tag=eloabder-20&linkCode=osi&th=1&psc=1">View Product</a></div><div class="product"><a href="https://www.amazon.com/dp/B085VNX9RT?tag=eloabder-20&linkCode=osi&th=1&psc=1"><img src="https://m.media-amazon.com/images/I/51-GbKB7ecL._SL500_.jpg" alt="Product Image"></a><p>Ear Plugs for Sleeping,16 Pairs Noise Canceling Soft Reusable Silicone Earplugs Waterproof Noise Reduction Earplugs for Concert,Swimming,Study,Loud Noise,Snoring</p><p> -34% 0FF </p><p>$8.59</p><a href="https://www.amazon.com/dp/B085VNX9RT?tag=eloabder-20&linkCode=osi&th=1&psc=1">View Product</a></div><div class="product"><a href="https://www.amazon.com/dp/B07G1MWHNR?tag=eloabder-20&linkCode=osi&th=1&psc=1"><img src="https://m.media-amazon.com/images/I/51xb3+YIUzL._SL500_.jpg" alt="Product Image"></a><p>Mack's Pillow Soft Silicone Earplugs, 12 Pair ‚Äì The Original Moldable Silicone Putty Ear Plugs for Sleeping, Snoring, Swimming, Travel, Concerts and Studying | Made in USA</p><p> -15% 0FF </p><p>$10.98 ($0.92 / Count)</p><a href="https://www.amazon.com/dp/B07G1MWHNR?tag=eloabder-20&linkCode=osi&th=1&psc=1">View Product</a></div><div class="product"><a href="https://www.amazon.com/dp/B0C852XHM7?tag=eloabder-20&linkCode=osi&th=1&psc=1"><img src="https://m.media-amazon.com/images/I/41cVUZQHT1L._SL500_.jpg" alt="Product Image"></a><p>Lenicany 30Pair Soft Foam EarPlugs, 32dB Disposable Sound Blocking Noise Cancelling Ear Plugs for Sleeping/Concerts Loud Music/Shooting Guns/Work Construction, Hearing Safety Protection (Blue)</p><p> -10% 0FF </p><p>$5.39 ($0.18 / Count)</p><a href="https://www.amazon.com/dp/B0C852XHM7?tag=eloabder-20&linkCode=osi&th=1&psc=1">View Product</a></div>
<div class="product"><a href="https://www.amazon.com/dp/B007JZ1N00?tag=eloabder-20&linkCode=osi&th=1&psc=1"><img src="https://m.media-amazon.com/images/I/41xRp2ZPBML._SL500_.jpg" alt="Product Image"></a><p>3M Half Facepiece Reusable Respirator 6200, NIOSH, Four-Point Harness, Comfortable Fit, Dual Airline Supplied Air Compatible, Bayonet Connections, Painting, Sanding, Cleaning, Medium</p><p> -28% 0FF </p><p>$14.75</p><a href="https://www.amazon.com/dp/B007JZ1N00?tag=eloabder-20&linkCode=osi&th=1&psc=1">View Product</a></div><div class="product"><a href="https://www.amazon.com/dp/B00004Z4EB?tag=eloabder-20&linkCode=osi&th=1&psc=1"><img src="https://m.media-amazon.com/images/I/51AYNvsO9wL._SL500_.jpg" alt="Product Image"></a><p>3M P95/OV Paint Project Reusable Respirator 6211, Medium Size, NIOSH-APPROVED Organic Vapor Cartridge & P95 Rated Filters, Lightweight, Flexible, Thermoplastic Faceseal For Comfort (6211P1-DC)</p><p> -14% 0FF </p><p>$34.20</p><a href="https://www.amazon.com/dp/B00004Z4EB?tag=eloabder-20&linkCode=osi&th=1&psc=1">View Product</a></div><div class="product"><a href="https://www.amazon.com/dp/B00IF7RCU6?tag=eloabder-20&linkCode=osi&th=1&psc=1"><img src="https://m.media-amazon.com/images/I/41AYgABL6KL._SL500_.jpg" alt="Product Image"></a><p>3M Rugged Comfort Quick Latch Half Facepiece Reusable Respirator 6503QL, NIOSH, Cool Flow Exhalation Valve, Bayonet Connection, Silicone Face Seal, for Gases, Vapors, Dust, Maintenance, Construction,L</p><p> -23% 0FF </p><p>$28.11</p><a href="https://www.amazon.com/dp/B00IF7RCU6?tag=eloabder-20&linkCode=osi&th=1&psc=1">View Product</a></div><div class="product"><a href="https://www.amazon.com/dp/B087FCW79Y?tag=eloabder-20&linkCode=osi&th=1&psc=1"><img src="https://m.media-amazon.com/images/I/41C6rOloEmL._SL500_.jpg" alt="Product Image"></a><p>RANKSING Reusable Respirator Gas Mask Half Facepiece Shield 6200 Face Cover with Filters for Dust, Fumes, Asbestos, Chemicals and Other Airborne Particles while Painting, Spraying, Polishing and More</p><p> -40% 0FF </p><p>$17.99</p><a href="https://www.amazon.com/dp/B087FCW79Y?tag=eloabder-20&linkCode=osi&th=1&psc=1">View Product</a></div><div class="product"><a href="https://www.amazon.com/dp/B007JZ1LG6?tag=eloabder-20&linkCode=osi&th=1&psc=1"><img src="https://m.media-amazon.com/images/I/41PsiHhcy1L._SL500_.jpg" alt="Product Image"></a><p>3M Full Facepiece Reusable Respirator 6800, NIOSH, Large Lens, ANSI High Impact Eye Protection, Silicone Face Seal, Four-Point Harness, Comfortable Fit, Painting, Dust, Chemicals, Medium</p><p> -56% 0FF </p><p>$93.00</p><a href="https://www.amazon.com/dp/B007JZ1LG6?tag=eloabder-20&linkCode=osi&th=1&psc=1">View Product</a></div>
<div class="product"><a href="https://www.amazon.com/dp/B08SYM9K52?tag=eloabder-20&linkCode=osi&th=1&psc=1"><img src="https://m.media-amazon.com/images/I/41bReMzs8sL._SL500_.jpg" alt="Product Image"></a><p>Klein Tools 60347 Hard Hat, Vented Full Brim, Class C, Premium KARBN Pattern, Rechargeable Lamp, Padded Sweat-Wicking Sweatband, Top Pad</p><p> -32% 0FF </p><p>$79.99</p><a href="https://www.amazon.com/dp/B08SYM9K52?tag=eloabder-20&linkCode=osi&th=1&psc=1">View Product</a></div><div class="product"><a href="https://www.amazon.com/dp/B07FQTCYTW?tag=eloabder-20&linkCode=osi&th=1&psc=1"><img src="https://m.media-amazon.com/images/I/41xEGl20DeL._SL500_.jpg" alt="Product Image"></a><p>Pyramex HP24110 Full Brim Hard Hat 4 Point Ratchet Suspension - White, 12 Count</p><p> -6% 0FF </p><p>$109.53</p><a href="https://www.amazon.com/dp/B07FQTCYTW?tag=eloabder-20&linkCode=osi&th=1&psc=1">View Product</a></div><div class="product"><a href="https://www.amazon.com/dp/B07L6QMYGG?tag=eloabder-20&linkCode=osi&th=1&psc=1"><img src="https://m.media-amazon.com/images/I/31xNCnPSZXL._SL500_.jpg" alt="Product Image"></a><p>Pyramex Ridgeline Full Brim Hard Hat 4 Point Ratchet Vented Matte Black Graphite Pattern</p><p> -15% 0FF </p><p>$28.00</p><a href="https://www.amazon.com/dp/B07L6QMYGG?tag=eloabder-20&linkCode=osi&th=1&psc=1">View Product</a></div><div class="product"><a href="https://www.amazon.com/dp/B078B9QD55?tag=eloabder-20&linkCode=osi&th=1&psc=1"><img src="https://m.media-amazon.com/images/I/41zmuOz7-DL._SL500_.jpg" alt="Product Image"></a><p>Pyramex Ridgeline Cap Style Hard Hat 4 Point Ratchet Vented Matte Black Graphite Pattern</p><p> -21% 0FF </p><p>$27.00</p><a href="https://www.amazon.com/dp/B078B9QD55?tag=eloabder-20&linkCode=osi&th=1&psc=1">View Product</a></div>
<div class="product"><a href="https://www.amazon.com/dp/B0BW9185XF?tag=eloabder-20&linkCode=osi&th=1&psc=1"><img src="https://m.media-amazon.com/images/I/51lDE-LgnFL._SL500_.jpg" alt="Product Image"></a><p>NEOTRIL Safety Work Gloves MicroFoam Nitrile Coated-3 Pairs, Seamless Knit Nylon Bulk Pack Working Gloves with Grip for Men Women Light Duty Work,Automotive,Warehouse (Gray,L)</p><p> -31% 0FF </p><p>$9.99</p><a href="https://www.amazon.com/dp/B0BW9185XF?tag=eloabder-20&linkCode=osi&th=1&psc=1">View Product</a></div><div class="product"><a href="https://www.amazon.com/dp/B00004XOH8?tag=eloabder-20&linkCode=osi&th=1&psc=1"><img src="https://m.media-amazon.com/images/I/41vrr-XI8HL._SL500_.jpg" alt="Product Image"></a><p>Ironclad General Utility Work Gloves GUG, All-Purpose, Performance Fit, Durable, Machine Washable, (1 Pair), Large - GUG-04-L , Black</p><p> -34% 0FF </p><p>$14.83</p><a href="https://www.amazon.com/dp/B00004XOH8?tag=eloabder-20&linkCode=osi&th=1&psc=1">View Product</a></div><div class="product"><a href="https://www.amazon.com/dp/B0797N2YW1?tag=eloabder-20&linkCode=osi&th=1&psc=1"><img src="https://m.media-amazon.com/images/I/41JMMfokSfL._SL500_.jpg" alt="Product Image"></a><p>HANDLANDY Mens Work Gloves Touch screen, Synthetic Leather Utility Gloves, Flexible Breathable Fit- Padded Knuckles & Palm (Large)</p><p> -19% 0FF </p><p>$12.80 ($12.80 / Count)</p><a href="https://www.amazon.com/dp/B0797N2YW1?tag=eloabder-20&linkCode=osi&th=1&psc=1">View Product</a></div>
<div class="product"><a href="https://www.amazon.com/dp/B01N5L2JG7?tag=eloabder-20&linkCode=osi&th=1&psc=1"><img src="https://m.media-amazon.com/images/I/41TB3tRdI3L._SL500_.jpg" alt="Product Image"></a><p>Skechers Men's Flex Advantage Bendon Work Shoe, Black, 9</p><p> -17% 0FF </p><p>$70.83</p><a href="https://www.amazon.com/dp/B01N5L2JG7?tag=eloabder-20&linkCode=osi&th=1&psc=1">View Product</a></div><div class="product"><a href="https://www.amazon.com/dp/B00QX3UKXA?tag=eloabder-20&linkCode=osi&th=1&psc=1"><img src="https://m.media-amazon.com/images/I/41y-VMqnzVL._SL500_.jpg" alt="Product Image"></a><p>Skechers womens Sure Track Trickel-w health care and food service shoes, Black, 9 X-Wide US</p><p> -38% 0FF </p><p>$58.63</p><a href="https://www.amazon.com/dp/B00QX3UKXA?tag=eloabder-20&linkCode=osi&th=1&psc=1">View Product</a></div><div class="product"><a href="https://www.amazon.com/dp/B08XLM93P7?tag=eloabder-20&linkCode=osi&th=1&psc=1"><img src="https://m.media-amazon.com/images/I/41VlYm6BhQL._SL500_.jpg" alt="Product Image"></a><p>Shoes for Crews Everlight Mens Non Slip Work Shoes - Men's Work & Safety Footwear, Lace-Up Breathable Work Shoes for Men, Zapato de Trabajo para Hombre, Size 11.5 Black</p><p> -14% 0FF </p><p>$59.98</p><a href="https://www.amazon.com/dp/B08XLM93P7?tag=eloabder-20&linkCode=osi&th=1&psc=1">View Product</a></div><div class="product"><a href="https://www.amazon.com/dp/B01KXSD3Q6?tag=eloabder-20&linkCode=osi&th=1&psc=1"><img src="https://m.media-amazon.com/images/I/41KIVA8d16L._SL500_.jpg" alt="Product Image"></a><p>Skechers Men's Dighton Athletic Work Food Service Shoe, Black, 10.5</p><p> -19% 0FF </p><p>$40.35</p><a href="https://www.amazon.com/dp/B01KXSD3Q6?tag=eloabder-20&linkCode=osi&th=1&psc=1">View Product</a></div><div class="product"><a href="https://www.amazon.com/dp/B0CRB5HDWQ?tag=eloabder-20&linkCode=osi&th=1&psc=1"><img src="https://m.media-amazon.com/images/I/410N9FwQahL._SL500_.jpg" alt="Product Image"></a><p>Non Slip Waterproof Shoes for Men Work Slip Resistant Oil Slip On Loafers Chef Kitchen Restaurant Food Service Zapatos de Trabajo para Hombres antideslizante para cocina Black</p><p> -20% 0FF </p><p>$39.89</p><a href="https://www.amazon.com/dp/B0CRB5HDWQ?tag=eloabder-20&linkCode=osi&th=1&psc=1">View Product</a></div><div class="product"><a href="https://www.amazon.com/dp/B0777Z16G2?tag=eloabder-20&linkCode=osi&th=1&psc=1"><img src="https://m.media-amazon.com/images/I/41ZjAWKjD1L._SL500_.jpg" alt="Product Image"></a><p>Skechers Men's Nampa Food Service Shoe, Black, 14 Wide</p><p> -28% 0FF </p><p>$40.34</p><a href="https://www.amazon.com/dp/B0777Z16G2?tag=eloabder-20&linkCode=osi&th=1&psc=1">View Product</a></div>
<div class="product"><a href="https://www.amazon.com/dp/B0032U3JXA?tag=eloabder-20&linkCode=osi&th=1&psc=1"><img src="https://m.media-amazon.com/images/I/51fQWw+gCYL._SL500_.jpg" alt="Product Image"></a><p>Guardian Fall Protection 00815 BOS-T50 Bucket of Safe-Tie - 5 Gallon Bucket, 50 ft. Vertical Lifeline Assembly, 5 Temper Reusable Anchor, Safety Harness Kit, Yellow</p><p> -20% 0FF </p><p>$87.92</p><a href="https://www.amazon.com/dp/B0032U3JXA?tag=eloabder-20&linkCode=osi&th=1&psc=1">View Product</a></div><div class="product"><a href="https://www.amazon.com/dp/B004A7XV50?tag=eloabder-20&linkCode=osi&th=1&psc=1"><img src="https://m.media-amazon.com/images/I/41Cmyb7QFkL._SL500_.jpg" alt="Product Image"></a><p>Guardian Fall Protection 10785 Premium 3-Foot Cross-Arm Straps with Large and Small D-Rings</p><p> -21% 0FF </p><p>$26.13</p><a href="https://www.amazon.com/dp/B004A7XV50?tag=eloabder-20&linkCode=osi&th=1&psc=1">View Product</a></div>
<div class="product"><a href="https://www.amazon.com/dp/B00HSJCS06?tag=eloabder-20&linkCode=osi&th=1&psc=1"><img src="https://m.media-amazon.com/images/I/51FCdQhuNVL._SL500_.jpg" alt="Product Image"></a><p>Accuform Lockout Tags, Pack of 25, Bilingual Danger Do Not Operation Equipment Lock Out, US Made OSHA Compliant Tags, Tear & Water Resistant PF-Cardstock, 5.75"x 3.25", TSP105CTP</p><p> -11% 0FF </p><p>$17.86 ($0.71 / Count)</p><a href="https://www.amazon.com/dp/B00HSJCS06?tag=eloabder-20&linkCode=osi&th=1&psc=1">View Product</a></div>
<div class="product"><a href="https://www.amazon.com/dp/B0C5M773VW?tag=eloabder-20&linkCode=osi&th=1&psc=1"><img src="https://m.media-amazon.com/images/I/51uxbEonuhL._SL500_.jpg" alt="Product Image"></a><p>SecuCaptain Emergency Fire Blanket for Home and Kitchen - 2 Pack 40"x40" Flame Suppression Fiberglass Fire Blankets for House Camping Car Office Warehouse Emergency Survival Safety</p><p> -43% 0FF </p><p>$16.99</p><a href="https://www.amazon.com/dp/B0C5M773VW?tag=eloabder-20&linkCode=osi&th=1&psc=1">View Product</a></div><div class="product"><a href="https://www.amazon.com/dp/B001229JCU?tag=eloabder-20&linkCode=osi&th=1&psc=1"><img src="https://m.media-amazon.com/images/I/31W6FuKPMcL._SL500_.jpg" alt="Product Image"></a><p>First Alert EZ Fire Spray, Extinguishing Aerosol Spray, AF400 Red 18 Ounce (Pack of 1)</p><p> -55% 0FF </p><p>$12.49</p><a href="https://www.amazon.com/dp/B001229JCU?tag=eloabder-20&linkCode=osi&th=1&psc=1">View Product</a></div><div class="product"><a href="https://www.amazon.com/dp/B00002ND64?tag=eloabder-20&linkCode=osi&th=1&psc=1"><img src="https://m.media-amazon.com/images/I/41r+PeZkpJL._SL500_.jpg" alt="Product Image"></a><p>Kidde FA110 Multi Purpose Fire Extinguisher 1A10BC, 1 Pack, red</p><p> -31% 0FF </p><p>$25.49</p><a href="https://www.amazon.com/dp/B00002ND64?tag=eloabder-20&linkCode=osi&th=1&psc=1">View Product</a></div><div class="product"><a href="https://www.amazon.com/dp/B07CQJCD6G?tag=eloabder-20&linkCode=osi&th=1&psc=1"><img src="https://m.media-amazon.com/images/I/31EmoFZ3KTL._SL500_.jpg" alt="Product Image"></a><p>Sellstrom Odyssey II Wildland Fire Safety Goggles - Anti-Fog, Anti-Scratch Eye Protection Goggles for Men & Women - FR Strap, fits over Glasses, ANSI Z87.1</p><p> -28% 0FF </p><p>$16.78</p><a href="https://www.amazon.com/dp/B07CQJCD6G?tag=eloabder-20&linkCode=osi&th=1&psc=1">View Product</a></div><div class="product"><a href="https://www.amazon.com/dp/B00005OU7B?tag=eloabder-20&linkCode=osi&th=1&psc=1"><img src="https://m.media-amazon.com/images/I/51O8BtvNfSL._SL500_.jpg" alt="Product Image"></a><p>Kidde Fire Escape Ladder, 2-Story Rope Ladder, Extends to 13-Feet, Anti-Slip Rungs</p><p> -36% 0FF </p><p>$40.99</p><a href="https://www.amazon.com/dp/B00005OU7B?tag=eloabder-20&linkCode=osi&th=1&psc=1">View Product</a></div><div class="product"><a href="https://www.amazon.com/dp/B08Z61XL6V?tag=eloabder-20&linkCode=osi&th=1&psc=1"><img src="https://m.media-amazon.com/images/I/519EzZgGD6L._SL500_.jpg" alt="Product Image"></a><p>Mart Cobra Emergency Fire Blanket for Home and Kitchen - 2 Pack - Fire Blankets Emergency for Home 40‚Äù x 40‚Äù - Fire Suppression Blanket - Home Safety</p><p> -25% 0FF </p><p>$29.87</p><a href="https://www.amazon.com/dp/B08Z61XL6V?tag=eloabder-20&linkCode=osi&th=1&psc=1">View Product</a></div>
<div class="product"><a href="https://www.amazon.com/dp/B07D6QGQYB?tag=eloabder-20&linkCode=osi&th=1&psc=1"><img src="https://m.media-amazon.com/images/I/41y18ggm8GL._SL500_.jpg" alt="Product Image"></a><p>Kidde Fire Extinguisher for Home, 1-A:10-B:C, Dry Chemical Extinguisher, Red, Mounting Bracket Included, 2 Pack</p><p> -41% 0FF </p><p>$32.98</p><a href="https://www.amazon.com/dp/B07D6QGQYB?tag=eloabder-20&linkCode=osi&th=1&psc=1">View Product</a></div><div class="product"><a href="https://www.amazon.com/dp/B07B9BNN24?tag=eloabder-20&linkCode=osi&th=1&psc=1"><img src="https://m.media-amazon.com/images/I/41SbuH+cdQL._SL500_.jpg" alt="Product Image"></a><p>FIRST ALERT HOME2PRO Rechargeable Compliance Fire Extinguisher, UL RATED 2-A:10-B:C, Red, 1-Pack</p><p> -27% 0FF </p><p>$36.48</p><a href="https://www.amazon.com/dp/B07B9BNN24?tag=eloabder-20&linkCode=osi&th=1&psc=1">View Product</a></div><div class="product"><a href="https://www.amazon.com/dp/B0C63914WK?tag=eloabder-20&linkCode=osi&th=1&psc=1"><img src="https://m.media-amazon.com/images/I/51IS9bq94IL._SL500_.jpg" alt="Product Image"></a><p>Kidde Kitchen Fire Extinguishers for Home & Office Use, 2 Pack: One 1-A:10-B:C and One Specialty Kitchen Extinguisher, Wall Mount & Strap Brackets Included</p><p> -7% 0FF </p><p>$34.99</p><a href="https://www.amazon.com/dp/B0C63914WK?tag=eloabder-20&linkCode=osi&th=1&psc=1">View Product</a></div><div class="product"><a href="https://www.amazon.com/dp/B0CB9GFZ9M?tag=eloabder-20&linkCode=osi&th=1&psc=1"><img src="https://m.media-amazon.com/images/I/41VJGkO+jDL._SL500_.jpg" alt="Product Image"></a><p>Kidde Fire Extinguisher for Home & Office Use, 5-B:C, 3.2 Lbs., USCG Approved with Strap Bracket (Included)</p><p> -23% 0FF </p><p>$23.10</p><a href="https://www.amazon.com/dp/B0CB9GFZ9M?tag=eloabder-20&linkCode=osi&th=1&psc=1">View Product</a></div><div class="product"><a href="https://www.amazon.com/dp/B0030ZZAR0?tag=eloabder-20&linkCode=osi&th=1&psc=1"><img src="https://m.media-amazon.com/images/I/41R9Nqadh4L._SL500_.jpg" alt="Product Image"></a><p>BUCKEYE Fire Extinguisher, 4A:80B:C, 10 lb., 21in.H, Red</p><p> -13% 0FF </p><p>$77.99</p><a href="https://www.amazon.com/dp/B0030ZZAR0?tag=eloabder-20&linkCode=osi&th=1&psc=1">View Product</a></div>
<div class="product"><a href="https://www.amazon.com/dp/B08LL1HRKW?tag=eloabder-20&linkCode=osi&th=1&psc=1"><img src="https://m.media-amazon.com/images/I/41OyhHgXG4S._SL500_.jpg" alt="Product Image"></a><p>X-Sense Smoke Alarm, 10-Year Battery Fire Alarm Smoke Detector with LED Indicator & Silence Button, SD2J0AX</p><p> -10% 0FF </p><p>$16.99</p><a href="https://www.amazon.com/dp/B08LL1HRKW?tag=eloabder-20&linkCode=osi&th=1&psc=1">View Product</a></div><div class="product"><a href="https://www.amazon.com/dp/B086S4XM47?tag=eloabder-20&linkCode=osi&th=1&psc=1"><img src="https://m.media-amazon.com/images/I/41vM6F1FfTL._SL500_.jpg" alt="Product Image"></a><p>Kidde Smoke Detector, Hardwired Smoke Alarm with Battery Backup, Test-Silence Button</p><p> -29% 0FF </p><p>$18.19</p><a href="https://www.amazon.com/dp/B086S4XM47?tag=eloabder-20&linkCode=osi&th=1&psc=1">View Product</a></div><div class="product"><a href="https://www.amazon.com/dp/B09YQZV62R?tag=eloabder-20&linkCode=osi&th=1&psc=1"><img src="https://m.media-amazon.com/images/I/31JFQcHDfWL._SL500_.jpg" alt="Product Image"></a><p>AEGISLINK Smoke Detector 10-Year Battery with Test/Silence Button, Fire Alarm with Photoelectric Sensor, Low Battery Warning, S500 (Independent, 1-Pack)</p><p> -33% 0FF </p><p>$9.99</p><a href="https://www.amazon.com/dp/B09YQZV62R?tag=eloabder-20&linkCode=osi&th=1&psc=1">View Product</a></div><div class="product"><a href="https://www.amazon.com/dp/B0CJC73MBZ?tag=eloabder-20&linkCode=osi&th=1&psc=1"><img src="https://m.media-amazon.com/images/I/51jYYKlO4+L._SL500_.jpg" alt="Product Image"></a><p>2 in 1 CO & Smoke Alarm,Carbon Monoxide Detectors, with Battery, Smoke Detector,85dB in Alarm,for Home and Kitchen,LCD Screen,Easy to Install</p><p> -20% 0FF </p><p>$15.98</p><a href="https://www.amazon.com/dp/B0CJC73MBZ?tag=eloabder-20&linkCode=osi&th=1&psc=1">View Product</a></div>
<div class="product"><a href="https://www.amazon.com/dp/B0B9YTGGJ3?tag=eloabder-20&linkCode=osi&th=1&psc=1"><img src="https://m.media-amazon.com/images/I/41WR-3ndQgL._SL500_.jpg" alt="Product Image"></a><p>Light and small automatic fire extinguisher, environmentally friendly and clean, car fire extinguisher, automatic fire extinguisher, suitable for electric box, ship cabin, car, ABCEF fire extinguisher</p><p> -13% 0FF </p><p>$34.99</p><a href="https://www.amazon.com/dp/B0B9YTGGJ3?tag=eloabder-20&linkCode=osi&th=1&psc=1">View Product</a></div>



<div class="product"><a href="https://www.amazon.com/dp/B01G1Y42H0?tag=eloabder-20&linkCode=osi&th=1&psc=1"><img src="https://m.media-amazon.com/images/I/41ml0ECvMBL._SL500_.jpg" alt="Product Image"></a><p>Command Broom and Mop Grippers Wall Hook, Damage Free Hanging Wall Mount Broom and Mop Holder, No Tools Household Cleaning Organizer for Living Spaces, 2 Hangers and 4 Command Strips</p><p> -20% 0FF </p><p>$13.58 ($6.79 / Count)</p><a href="https://www.amazon.com/dp/B01G1Y42H0?tag=eloabder-20&linkCode=osi&th=1&psc=1">View Product</a></div><div class="product"><a href="https://www.amazon.com/dp/B0D7S3CS9X?tag=eloabder-20&linkCode=osi&th=1&psc=1"><img src="https://m.media-amazon.com/images/I/51XG4DL1apL._SL500_.jpg" alt="Product Image"></a><p>NEOACT 4 Pack Scrapbook Tape,Double Sided Tape Roller Scrapbook Supplies,0.31In x 26 Ft Glue Tape Runner for Scrapbooking Envelopes Crafts Gift Wrapping Journaling School Office Supplies</p><p> -8% 0FF </p><p>$5.99</p><a href="https://www.amazon.com/dp/B0D7S3CS9X?tag=eloabder-20&linkCode=osi&th=1&psc=1">View Product</a></div><div class="product"><a href="https://www.amazon.com/dp/B07FM4PRY8?tag=eloabder-20&linkCode=osi&th=1&psc=1"><img src="https://m.media-amazon.com/images/I/51HHqS5jGIL._SL500_.jpg" alt="Product Image"></a><p>SUNEE 30 Packs Oversized Reusable Dry Erase Pocket Sleeves with 2 Rings, 10 Assorted Colors 10x14 Ticket Holders, Clear Plastic Sheet Protectors, Teacher School Classroom Supplies</p><p> -33% 0FF </p><p>$19.99</p><a href="https://www.amazon.com/dp/B07FM4PRY8?tag=eloabder-20&linkCode=osi&th=1&psc=1">View Product</a></div><div class="product"><a href="https://www.amazon.com/dp/B07GLCYR5S?tag=eloabder-20&linkCode=osi&th=1&psc=1"><img src="https://m.media-amazon.com/images/I/51BtNdNrdfL._SL500_.jpg" alt="Product Image"></a><p>QIO CHUANG Emergency Mylar Thermal Blankets -Space Blanket Survival kit Camping Blanket (4-Pack). Perfect for Outdoors, Hiking, Survival, Bug Out Bag ÔºåMarathons or First Aid 1</p><p> -46% 0FF </p><p>$6.98 ($1.74 / Count)</p><a href="https://www.amazon.com/dp/B07GLCYR5S?tag=eloabder-20&linkCode=osi&th=1&psc=1">View Product</a></div>
<div class="product"><a href="https://www.amazon.com/dp/B01M7VD07W?tag=eloabder-20&linkCode=osi&th=1&psc=1"><img src="https://m.media-amazon.com/images/I/51fA5JtXB9L._SL500_.jpg" alt="Product Image"></a><p>Gorilla 2 Part Epoxy, 5 Minute Set, Incredibly Strong Bonding, .85 Ounce Syringe, Clear, (Pack of 2)</p><p> -27% 0FF </p><p>$10.90 ($6.41 / Fl Oz)</p><a href="https://www.amazon.com/dp/B01M7VD07W?tag=eloabder-20&linkCode=osi&th=1&psc=1">View Product</a></div><div class="product"><a href="https://www.amazon.com/dp/B0B6HK51C3?tag=eloabder-20&linkCode=osi&th=1&psc=1"><img src="https://m.media-amazon.com/images/I/31uXWAEungL._SL500_.jpg" alt="Product Image"></a><p>Rumba Replacement Side Brush Parts for iRobot Roomba 600 700 800 900 Series 675 692 694 677 671 614 980 960 985 981 880 860 850 861 866 870 890 Vacuum Cleaner Accessories Kit,6 Side Brush,Screw Driver</p><p> -9% 0FF </p><p>$9.99</p><a href="https://www.amazon.com/dp/B0B6HK51C3?tag=eloabder-20&linkCode=osi&th=1&psc=1">View Product</a></div><div class="product"><a href="https://www.amazon.com/dp/B0BZMMR5XW?tag=eloabder-20&linkCode=osi&th=1&psc=1"><img src="https://m.media-amazon.com/images/I/41mpThblwIL._SL500_.jpg" alt="Product Image"></a><p>1614244 Foot Window Replacement for Bissell Crosswave Pet Pro Dry/Vac Vacuums Fits Models: 2328, 2305, 2305K, 2303, 2306A, 2306, 23062, 23068, 2551 Series</p><p> -10% 0FF </p><p>$26.83</p><a href="https://www.amazon.com/dp/B0BZMMR5XW?tag=eloabder-20&linkCode=osi&th=1&psc=1">View Product</a></div><div class="product"><a href="https://www.amazon.com/dp/B0CZLK6QMF?tag=eloabder-20&linkCode=osi&th=1&psc=1"><img src="https://m.media-amazon.com/images/I/311BgZOYsCL._SL500_.jpg" alt="Product Image"></a><p>Generic 7413197 Inlet Deflector Part Replacement, Vaccuum Accessory</p><p> -10% 0FF </p><p>$8.99</p><a href="https://www.amazon.com/dp/B0CZLK6QMF?tag=eloabder-20&linkCode=osi&th=1&psc=1">View Product</a></div><div class="product"><a href="https://www.amazon.com/dp/B0D1K3XHSP?tag=eloabder-20&linkCode=osi&th=1&psc=1"><img src="https://m.media-amazon.com/images/I/41UOnU2oiqL._SL500_.jpg" alt="Product Image"></a><p>RUKHOOL Dust Bin Replacement for Dyson V11 V15 SV14 SV15 SV22 Vacuum Cleaner Canister Bin Bucket Container Replacement Parts for Dyson V11 Large Bin Part No. 970050-01 and 965443-01</p><p> -11% 0FF </p><p>$33.99</p><a href="https://www.amazon.com/dp/B0D1K3XHSP?tag=eloabder-20&linkCode=osi&th=1&psc=1">View Product</a></div>

<div class="product"><a href="https://www.amazon.com/dp/B0BHGT88KF?tag=eloabder-20&linkCode=osi&th=1&psc=1"><img src="https://m.media-amazon.com/images/I/51Wy2vWqMnL._SL500_.jpg" alt="Product Image"></a><p>Fit Geno Back Brace Posture Corrector for Women, Shoulder Straightener, Adjustable Full Back Support, Upper and Lower Back Pain Relief - Scoliosis, Hunchback, Hump, Thoracic, Spine Corrector (Small)</p><p> -10% 0FF </p><p>$35.99</p><a href="https://www.amazon.com/dp/B0BHGT88KF?tag=eloabder-20&linkCode=osi&th=1&psc=1">View Product</a></div><div class="product"><a href="https://www.amazon.com/dp/B003N2DXPG?tag=eloabder-20&linkCode=osi&th=1&psc=1"><img src="https://m.media-amazon.com/images/I/41scKHD+h0L._SL500_.jpg" alt="Product Image"></a><p>Plackers Twin-Line Dental Flossers, Cool Mint Flavor, Dual Action Flossing System, Easy Storage, Super Tuffloss, 2X The Clean, 75 Count</p><p> -31% 0FF </p><p>$2.74 ($0.04 / Foot)</p><a href="https://www.amazon.com/dp/B003N2DXPG?tag=eloabder-20&linkCode=osi&th=1&psc=1">View Product</a></div>


<div class="product"><a href="https://www.amazon.com/dp/B0CGR3R8M2?tag=eloabder-20&linkCode=osi&th=1&psc=1"><img src="https://m.media-amazon.com/images/I/31dJH244FqL._SL500_.jpg" alt="Product Image"></a><p>Stainless Steel Lung Remover, Rubber Handle, Comfortable Grip, Efficient, Reliable Tool Head with Great Grip, Chicken Slaughter Equipment That Improves Efficiency, Easy to Clean</p><p> -7% 0FF </p><p>$12.98</p><a href="https://www.amazon.com/dp/B0CGR3R8M2?tag=eloabder-20&linkCode=osi&th=1&psc=1">View Product</a></div><div class="product"><a href="https://www.amazon.com/dp/B000R8ETKW?tag=eloabder-20&linkCode=osi&th=1&psc=1"><img src="https://m.media-amazon.com/images/I/41rNYbbsqpL._SL500_.jpg" alt="Product Image"></a><p>Fluke 789 ProcessMeter, Includes Standard DMM Capabilities, Measure, Source, Simulate 4-20 mA signals, and Built-In 24 V Loop Supply</p><p> -21% 0FF </p><p>$1,048.39</p><a href="https://www.amazon.com/dp/B000R8ETKW?tag=eloabder-20&linkCode=osi&th=1&psc=1">View Product</a></div><div class="product"><a href="https://www.amazon.com/dp/B0CHYSJBGR?tag=eloabder-20&linkCode=osi&th=1&psc=1"><img src="https://m.media-amazon.com/images/I/31MHdOP3u7L._SL500_.jpg" alt="Product Image"></a><p>SUS 304 Stainless Steel Lung Remover, Food Grade Chicken Processing Equipment with Super Strong Working Head and Ergonomic Handle to Remove Poultry Lungs, Essential Kitchen Tool Easy to Clean</p><p> -17% 0FF </p><p>$9.99</p><a href="https://www.amazon.com/dp/B0CHYSJBGR?tag=eloabder-20&linkCode=osi&th=1&psc=1">View Product</a></div><div class="product"><a href="https://www.amazon.com/dp/B0CR37JVN4?tag=eloabder-20&linkCode=osi&th=1&psc=1"><img src="https://m.media-amazon.com/images/I/41DwoJmzWmL._SL500_.jpg" alt="Product Image"></a><p>TIVOLI Professional Butcher Knife Set for Meat Processing, 7Pcs High Carbon Steel Hand Forged BBQ Knife Set, Serbian Chef Knife Set with Ergonomic Handles for Kitchen Outdoor Cooking Father's Day Gift</p><p> -5% 0FF </p><p>$69.99</p><a href="https://www.amazon.com/dp/B0CR37JVN4?tag=eloabder-20&linkCode=osi&th=1&psc=1">View Product</a></div><div class="product"><a href="https://www.amazon.com/dp/B01HPT0XFU?tag=eloabder-20&linkCode=osi&th=1&psc=1"><img src="https://m.media-amazon.com/images/I/51F+BRGdU+L._SL500_.jpg" alt="Product Image"></a><p>NoCry Premium Cut Resistant Gloves Food Grade ‚Äî Level 5 Protection; Ambidextrous; Machine Washable; Superior Comfort and Dexterity; Lightweight Protective Gloves; Complimentary eBook</p><p> -14% 0FF </p><p>$13.79 ($13.79 / Count)</p><a href="https://www.amazon.com/dp/B01HPT0XFU?tag=eloabder-20&linkCode=osi&th=1&psc=1">View Product</a></div><div class="product"><a href="https://www.amazon.com/dp/B071ZPSQ88?tag=eloabder-20&linkCode=osi&th=1&psc=1"><img src="https://m.media-amazon.com/images/I/31FiGEAJ9VL._SL500_.jpg" alt="Product Image"></a><p>Fluke 787B ProcessMeter</p><p> -15% 0FF </p><p>$1,020.84</p><a href="https://www.amazon.com/dp/B071ZPSQ88?tag=eloabder-20&linkCode=osi&th=1&psc=1">View Product</a></div>
<div class="product"><a href="https://www.amazon.com/dp/B0D8YPW46Y?tag=eloabder-20&linkCode=osi&th=1&psc=1"><img src="https://m.media-amazon.com/images/I/51sr1XVXPoL._SL500_.jpg" alt="Product Image"></a><p>Shelly 1 Gen3 | WiFi & Bluetooth Smart Relay Switch with Dry Contacts, 1-Channel 16A | Home Automation | Alexa, SmartThings & Google Home Compatible | No Hub | DIY Remote Control | Garage Door Opener</p><p> -8% 0FF </p><p>$16.99</p><a href="https://www.amazon.com/dp/B0D8YPW46Y?tag=eloabder-20&linkCode=osi&th=1&psc=1">View Product</a></div><div class="product"><a href="https://www.amazon.com/dp/B0D5XSGYB4?tag=eloabder-20&linkCode=osi&th=1&psc=1"><img src="https://m.media-amazon.com/images/I/31pj-zqLcYL._SL500_.jpg" alt="Product Image"></a><p>OUVOPO Zigbee Contact Sensor 2 Pack, Mini Smart Door Sensor, Home Automation, Kid Safety, Burglar Alert, Work with Alexa, SmartThings, Home Assistant, Aeotec, Homey, Hubitat with Build-in Zigbee Hub</p><p> -11% 0FF </p><p>$24.99</p><a href="https://www.amazon.com/dp/B0D5XSGYB4?tag=eloabder-20&linkCode=osi&th=1&psc=1">View Product</a></div><div class="product"><a href="https://www.amazon.com/dp/B0CXN2B9RS?tag=eloabder-20&linkCode=osi&th=1&psc=1"><img src="https://m.media-amazon.com/images/I/51NXNRAdSxL._SL500_.jpg" alt="Product Image"></a><p>Shelly Plus RGBW PM | WiFi & Bluetooth Smart Remote Control for RGBW with Power Metering | Home Automation | No Hub | Compatible with Alexa & Google Home | iOS Android App</p><p> -8% 0FF </p><p>$24.99</p><a href="https://www.amazon.com/dp/B0CXN2B9RS?tag=eloabder-20&linkCode=osi&th=1&psc=1">View Product</a></div><div class="product"><a href="https://www.amazon.com/dp/B006P591RW?tag=eloabder-20&linkCode=osi&th=1&psc=1"><img src="https://m.media-amazon.com/images/I/41EwZRzPrJL._SL500_.jpg" alt="Product Image"></a><p>Progressive Automations Mounting Bracket BRK-14 for Linear actuators PA-14, PA-14P, PA-08</p><p> -16% 0FF </p><p>$11.69</p><a href="https://www.amazon.com/dp/B006P591RW?tag=eloabder-20&linkCode=osi&th=1&psc=1">View Product</a></div>
<div class="product"><a href="https://www.amazon.com/dp/B08CZ4MG5P?tag=eloabder-20&linkCode=osi&th=1&psc=1"><img src="https://m.media-amazon.com/images/I/61lF1Z1BQ1L._SL500_.jpg" alt="Product Image"></a><p>ELEGOO Conqueror Robot Tank Kit with UNO R3 for Arduino Robotics for Kids Ages 8-12 12-16 STEM Science Kits Coding Robots Toys for 8+ Year Old Boys Girls Teens Circuits Engineering Building Project</p><p> -23% 0FF </p><p>$99.98</p><a href="https://www.amazon.com/dp/B08CZ4MG5P?tag=eloabder-20&linkCode=osi&th=1&psc=1">View Product</a></div><div class="product"><a href="https://www.amazon.com/dp/B0CYPVS3FF?tag=eloabder-20&linkCode=osi&th=1&psc=1"><img src="https://m.media-amazon.com/images/I/41tiE6fqJOL._SL500_.jpg" alt="Product Image"></a><p>Lefant M210 Pro Robot Vacuum Cleaner, 2200Pa Suction,120 Mins Runtime, Self-Charging Slim Robotic Vacuums, APP/Voice/Remote Control, Works with Alexa, Ideal for Pet Hair,Low-Pile Carpet, Hard Floor</p><p> -52% 0FF </p><p>$99.99</p><a href="https://www.amazon.com/dp/B0CYPVS3FF?tag=eloabder-20&linkCode=osi&th=1&psc=1">View Product</a></div><div class="product"><a href="https://www.amazon.com/dp/B09NNF5RHN?tag=eloabder-20&linkCode=osi&th=1&psc=1"><img src="https://m.media-amazon.com/images/I/41yl24NcAYL._SL500_.jpg" alt="Product Image"></a><p>roborock Q7 Max+ Robot Vacuum Cleaner, Hands-Free Cleaning for up to 7 Weeks, Robotic Vacuum with APP-Controlled Mopping, 4200Pa Suction, No-Mop&No-Go Zones, 180mins Runtime</p><p> -37% 0FF </p><p>$549.99</p><a href="https://www.amazon.com/dp/B09NNF5RHN?tag=eloabder-20&linkCode=osi&th=1&psc=1">View Product</a></div><div class="product"><a href="https://www.amazon.com/dp/B07GNDY96N?tag=eloabder-20&linkCode=osi&th=1&psc=1"><img src="https://m.media-amazon.com/images/I/41WDVdRkesL._SL500_.jpg" alt="Product Image"></a><p>ELEGOO Penguin Bot Biped Robot Kit Robotics for Kids Adults Coding for Kids 8-12 STEM Kits for Kids Ages 12-14 14-16 Boys Toys Teens Circuits Engineering Kits Compatible with Arduino</p><p> -8% 0FF </p><p>$45.99</p><a href="https://www.amazon.com/dp/B07GNDY96N?tag=eloabder-20&linkCode=osi&th=1&psc=1">View Product</a></div>
<div class="product"><a href="https://www.amazon.com/dp/B0C8GZJRMF?tag=eloabder-20&linkCode=osi&th=1&psc=1"><img src="https://m.media-amazon.com/images/I/6156CbXZ8ZL._SL500_.jpg" alt="Product Image"></a><p>Jevuta Engineer Gifts, Mechanical Engineering Gifts, Gifts For Engineers, Future Engineer Gifts, Aerospace Engineering Gifts, Graduation Gifts For Engineers, Retirement Gift For Engineer Tumbler 20oz</p><p> -12% 0FF </p><p>$21.99</p><a href="https://www.amazon.com/dp/B0C8GZJRMF?tag=eloabder-20&linkCode=osi&th=1&psc=1">View Product</a></div><div class="product"><a href="https://www.amazon.com/dp/B06XXZ19HX?tag=eloabder-20&linkCode=osi&th=1&psc=1"><img src="https://m.media-amazon.com/images/I/41QRwC6XcmL._SL500_.jpg" alt="Product Image"></a><p>Komelon 52425IE; 25' x 1.06" Powerblade II" Engineer Tape Measure; Yellow/Black</p><p> -10% 0FF </p><p>$13.51</p><a href="https://www.amazon.com/dp/B06XXZ19HX?tag=eloabder-20&linkCode=osi&th=1&psc=1">View Product</a></div><div class="product"><a href="https://www.amazon.com/dp/B00002N5LW?tag=eloabder-20&linkCode=osi&th=1&psc=1"><img src="https://m.media-amazon.com/images/I/41S2-EUZhgL._SL500_.jpg" alt="Product Image"></a><p>Crescent Lufkin 5/8" X 6' Red End¬Æ Engineer's Scale Wood Rule - 1066DN , White</p><p> -40% 0FF </p><p>$14.50</p><a href="https://www.amazon.com/dp/B00002N5LW?tag=eloabder-20&linkCode=osi&th=1&psc=1">View Product</a></div><div class="product"><a href="https://www.amazon.com/dp/B002MJMXD4?tag=eloabder-20&linkCode=osi&th=1&psc=1"><img src="https://m.media-amazon.com/images/I/31ZLLX+aOwL._SL500_.jpg" alt="Product Image"></a><p>ENGINEER Engineer Solder Suction Device SS-02</p><p> -25% 0FF </p><p>$19.56</p><a href="https://www.amazon.com/dp/B002MJMXD4?tag=eloabder-20&linkCode=osi&th=1&psc=1">View Product</a></div><div class="product"><a href="https://www.amazon.com/dp/B0BYD7H5PZ?tag=eloabder-20&linkCode=osi&th=1&psc=1"><img src="https://m.media-amazon.com/images/I/513DsoLDRFL._SL500_.jpg" alt="Product Image"></a><p>JERIO Engineer Gifts for Men,Engineer Coffee Tumbler Nutrition Facts - Funny Birthday,Graduation,Fathers Day,Christmas Gift Idea for Mechanical, Electrical, Civil, Science, Computer Programmer</p><p> -50% 0FF </p><p>$10.99</p><a href="https://www.amazon.com/dp/B0BYD7H5PZ?tag=eloabder-20&linkCode=osi&th=1&psc=1">View Product</a></div>
<div class="product"><a href="https://www.amazon.com/dp/B0D8HQJDT5?tag=eloabder-20&linkCode=osi&th=1&psc=1"><img src="https://m.media-amazon.com/images/I/41vCRs7ecqL._SL500_.jpg" alt="Product Image"></a><p>Amzany Bed Vacuum Cleaner - 5-in-1 Cordless Mattress Vacuum Cleaner, Powered by UV-C Light & Ultrasonic Technology, 16Kpa Strong Suction,Low Noise,Suitable for Dust, Pet Hair, Etc - Grey</p><p> -38% 0FF </p><p>$79.99</p><a href="https://www.amazon.com/dp/B0D8HQJDT5?tag=eloabder-20&linkCode=osi&th=1&psc=1">View Product</a></div><div class="product"><a href="https://www.amazon.com/dp/B081RJ8DW1?tag=eloabder-20&linkCode=osi&th=1&psc=1"><img src="https://m.media-amazon.com/images/I/41XdbpXmFvL._SL500_.jpg" alt="Product Image"></a><p>Gskyer Telescope, 70mm Aperture 400mm AZ Mount Astronomical Refracting Telescope for Kids Beginners - Travel Telescope with Carry Bag, Phone Adapter and Wireless Remote.</p><p> -33% 0FF </p><p>$86.99</p><a href="https://www.amazon.com/dp/B081RJ8DW1?tag=eloabder-20&linkCode=osi&th=1&psc=1">View Product</a></div><div class="product"><a href="https://www.amazon.com/dp/B008HOSQQQ?tag=eloabder-20&linkCode=osi&th=1&psc=1"><img src="https://m.media-amazon.com/images/I/31eIm02e4iL._SL500_.jpg" alt="Product Image"></a><p>Refrigeration Technologies RT201B Nylog Gasket/Thread Sealant, 30 ml (1 Pack)</p><p> -55% 0FF </p><p>$8.99</p><a href="https://www.amazon.com/dp/B008HOSQQQ?tag=eloabder-20&linkCode=osi&th=1&psc=1">View Product</a></div><div class="product"><a href="https://www.amazon.com/dp/B00UZ1WWUK?tag=eloabder-20&linkCode=osi&th=1&psc=1"><img src="https://m.media-amazon.com/images/I/318bhhXmhBL._SL500_.jpg" alt="Product Image"></a><p>BW Technologies Corded Electric BWC2-H BW Clip Single Gas H2S Monitor, 10/15 (1 Pack)</p><p> -34% 0FF </p><p>$91.14</p><a href="https://www.amazon.com/dp/B00UZ1WWUK?tag=eloabder-20&linkCode=osi&th=1&psc=1">View Product</a></div><div class="product"><a href="https://www.amazon.com/dp/B007885Y3K?tag=eloabder-20&linkCode=osi&th=1&psc=1"><img src="https://m.media-amazon.com/images/I/41Uh4TbGoGL._SL500_.jpg" alt="Product Image"></a><p>Safety Technology International, Inc. STI-13010FR Universal Stopper¬Æ, Flush Mount and Fire label, Indoor/Outdoor Protective Polycarbonate Cover for Pull Stations or Call Points, Red</p><p> -32% 0FF </p><p>$40.29</p><a href="https://www.amazon.com/dp/B007885Y3K?tag=eloabder-20&linkCode=osi&th=1&psc=1">View Product</a></div><div class="product"><a href="https://www.amazon.com/dp/B000FTADX0?tag=eloabder-20&linkCode=osi&th=1&psc=1"><img src="https://m.media-amazon.com/images/I/31HT3jGR4YL._SL500_.jpg" alt="Product Image"></a><p>Fluke Networks 26000900 Pro3000 Tone Generator and Probe Kit with SmartTone Technology, Blue</p><p> -37% 0FF </p><p>$88.48</p><a href="https://www.amazon.com/dp/B000FTADX0?tag=eloabder-20&linkCode=osi&th=1&psc=1">View Product</a></div>
<div class="product"><a href="https://www.amazon.com/dp/B0CN6F2GBN?tag=eloabder-20&linkCode=osi&th=1&psc=1"><img src="https://m.media-amazon.com/images/I/314BZ1QOH0L._SL500_.jpg" alt="Product Image"></a><p>Listerine Clinical Solutions Gum Health Antiseptic Mouthwash, Antigingivitis & Antiplaque Oral Rinse Helps Prevent Buildup & Immediately Kills Germs for Healthier Gums, ICY Mint, 1 L</p><p> -11% 0FF </p><p>$11.97 ($0.35 / Fl Oz)</p><a href="https://www.amazon.com/dp/B0CN6F2GBN?tag=eloabder-20&linkCode=osi&th=1&psc=1">View Product</a></div><div class="product"><a href="https://www.amazon.com/dp/B00WIMUVU2?tag=eloabder-20&linkCode=osi&th=1&psc=1"><img src="https://m.media-amazon.com/images/I/41ZdoGErSaL._SL500_.jpg" alt="Product Image"></a><p>Carpet Miracle - Carpet Cleaner Shampoo Solution for Machine Use, Deep Stain Remover and Odor Deodorizing Formula, Use On Rug Car Upholstery and Carpets (32FL OZ)</p><p> -23% 0FF </p><p>$19.99 ($0.62 / Fl Oz)</p><a href="https://www.amazon.com/dp/B00WIMUVU2?tag=eloabder-20&linkCode=osi&th=1&psc=1">View Product</a></div><div class="product"><a href="https://www.amazon.com/dp/B002C2O5EQ?tag=eloabder-20&linkCode=osi&th=1&psc=1"><img src="https://m.media-amazon.com/images/I/412RaKelAmL._SL500_.jpg" alt="Product Image"></a><p>Betadine Antiseptic Liquid First Aid Solution, Povidone-iodine 10%, Infection Protection, Kills Germs In Minor Cuts Scrapes And Burns, No Sting Promise, No Alcohol or Hydrogen Peroxide, 8 FL OZ</p><p> -24% 0FF </p><p>$13.29 ($1.66 / Fl Oz)</p><a href="https://www.amazon.com/dp/B002C2O5EQ?tag=eloabder-20&linkCode=osi&th=1&psc=1">View Product</a></div>

<div class="product"><a href="https://www.amazon.com/dp/B005LJ8EXU?tag=eloabder-20&linkCode=osi&th=1&psc=1"><img src="https://m.media-amazon.com/images/I/51y1lIaCqZL._SL500_.jpg" alt="Product Image"></a><p>iSpring RCC7AK, NSF Certified 75 GPD, Alkaline 6-Stage Reverse Osmosis System, pH+ Remineralization RO Water Filter System Under Sink, Superb Taste Drinking Water Filter</p><p> -33% 0FF </p><p>$186.14</p><a href="https://www.amazon.com/dp/B005LJ8EXU?tag=eloabder-20&linkCode=osi&th=1&psc=1">View Product</a></div><div class="product"><a href="https://www.amazon.com/dp/B00I0ZGOZM?tag=eloabder-20&linkCode=osi&th=1&psc=1"><img src="https://m.media-amazon.com/images/I/419oT125q0L._SL500_.jpg" alt="Product Image"></a><p>APEC Water Systems ROES-50 Essence Series Top Tier 5-Stage WQA Certified Ultra Safe Reverse Osmosis Drinking Water Filter System</p><p> -7% 0FF </p><p>$185.00</p><a href="https://www.amazon.com/dp/B00I0ZGOZM?tag=eloabder-20&linkCode=osi&th=1&psc=1">View Product</a></div><div class="product"><a href="https://www.amazon.com/dp/B00J2DGTD8?tag=eloabder-20&linkCode=osi&th=1&psc=1"><img src="https://m.media-amazon.com/images/I/51a5ku-MyBL._SL500_.jpg" alt="Product Image"></a><p>Express Water RO5DX Reverse Osmosis Filtration NSF Certified 5 Stage RO System with Faucet and Tank ‚Äì Under Sink Water Plus 4 Filters ‚Äì 50 GPD, 14 x 17 x 5, White</p><p> -21% 0FF </p><p>$157.48</p><a href="https://www.amazon.com/dp/B00J2DGTD8?tag=eloabder-20&linkCode=osi&th=1&psc=1">View Product</a></div><div class="product"><a href="https://www.amazon.com/dp/B01F9A4UVU?tag=eloabder-20&linkCode=osi&th=1&psc=1"><img src="https://m.media-amazon.com/images/I/41UItWTKFsS._SL500_.jpg" alt="Product Image"></a><p>iSpring WGB21B 2-Stage Whole House Water Filtration System, with 10" x 4.5" Sediment CTO(Chlorine, Taste, and Odor) Filter, 1" Inlet/Outlet</p><p> -30% 0FF </p><p>$127.49</p><a href="https://www.amazon.com/dp/B01F9A4UVU?tag=eloabder-20&linkCode=osi&th=1&psc=1">View Product</a></div><div class="product"><a href="https://www.amazon.com/dp/B07Y42RD9T?tag=eloabder-20&linkCode=osi&th=1&psc=1"><img src="https://m.media-amazon.com/images/I/219MeTcyMBL._SL500_.jpg" alt="Product Image"></a><p>Bard Medical PWF030 Purewick Female External Catheter, Latex, Pack of 30</p><p> -6% 0FF </p><p>$206.00 ($6.87 / Count)</p><a href="https://www.amazon.com/dp/B07Y42RD9T?tag=eloabder-20&linkCode=osi&th=1&psc=1">View Product</a></div><div class="product"><a href="https://www.amazon.com/dp/B00HRHHFPW?tag=eloabder-20&linkCode=osi&th=1&psc=1"><img src="https://m.media-amazon.com/images/I/51ykZ8b1GwL._SL500_.jpg" alt="Product Image"></a><p>APEC Water Systems RO-90 Ultimate Series Top Tier Supreme Certified High Output 90 GPD Ultra Safe Reverse Osmosis Drinking Water Filter System, Chrome Faucet</p><p> -15% 0FF </p><p>$191.55</p><a href="https://www.amazon.com/dp/B00HRHHFPW?tag=eloabder-20&linkCode=osi&th=1&psc=1">View Product</a></div>
<div class="product"><a href="https://www.amazon.com/dp/B00HKAJ018?tag=eloabder-20&linkCode=osi&th=1&psc=1"><img src="https://m.media-amazon.com/images/I/31cVzL2O1zL._SL500_.jpg" alt="Product Image"></a><p>SmartSign 25 x 12 inch ‚ÄúCaution - Maintenance Work In Progress‚Äù Two-Sided Folding Floor Sign, Digitally Printed Polypropylene Plastic, Black and Yellow</p><p> -11% 0FF </p><p>$36.95</p><a href="https://www.amazon.com/dp/B00HKAJ018?tag=eloabder-20&linkCode=osi&th=1&psc=1">View Product</a></div><div class="product"><a href="https://www.amazon.com/dp/B00HSJ4YLW?tag=eloabder-20&linkCode=osi&th=1&psc=1"><img src="https://m.media-amazon.com/images/I/41mCVFnsRpL._SL500_.jpg" alt="Product Image"></a><p>Accuform TAD847 Standard Door Knob Hanger Tag, Legend"Maintenance Employee Inside", 9" Length x 4" Width x 0.015" Thickness, RP-Plastic, Black on Yellow (Pack of 10)</p><p> -24% 0FF </p><p>$27.69 ($2.77 / Count)</p><a href="https://www.amazon.com/dp/B00HSJ4YLW?tag=eloabder-20&linkCode=osi&th=1&psc=1">View Product</a></div><div class="product"><a href="https://www.amazon.com/dp/B00700N1IQ?tag=eloabder-20&linkCode=osi&th=1&psc=1"><img src="https://m.media-amazon.com/images/I/511bcg+-z2L._SL500_.jpg" alt="Product Image"></a><p>NMC RA15RB Security Sign, Legend "RESTRICTED AREA - MAINTENANCE PERSONNEL ONLY", 14" Length x 10" Height, Rigid Plastic, Black/Red on White</p><p> -11% 0FF </p><p>$13.31</p><a href="https://www.amazon.com/dp/B00700N1IQ?tag=eloabder-20&linkCode=osi&th=1&psc=1">View Product</a></div>
<div class="product"><a href="https://www.amazon.com/dp/B0BKKTFWJK?tag=eloabder-20&linkCode=osi&th=1&psc=1"><img src="https://m.media-amazon.com/images/I/41cvC72AHeL._SL500_.jpg" alt="Product Image"></a><p>AceMining Upgraded Door Security Bar & Sliding Patio Bar, Heavy Duty Stoppers Adjustable Jammer for Home, Apartment, Travel (1 Pack,White)</p><p> -17% 0FF </p><p>$23.99</p><a href="https://www.amazon.com/dp/B0BKKTFWJK?tag=eloabder-20&linkCode=osi&th=1&psc=1">View Product</a></div><div class="product"><a href="https://www.amazon.com/dp/B01LDPHXD2?tag=eloabder-20&linkCode=osi&th=1&psc=1"><img src="https://m.media-amazon.com/images/I/41pcC4hFanL._SL500_.jpg" alt="Product Image"></a><p>Ergodyne Unisex Adult Hi Vis Safety GloWear 8377 Type R Class 3 Lime Quilted Bomber Jacket, Large, Lime, Large US</p><p> -34% 0FF </p><p>$34.99</p><a href="https://www.amazon.com/dp/B01LDPHXD2?tag=eloabder-20&linkCode=osi&th=1&psc=1">View Product</a></div><div class="product"><a href="https://www.amazon.com/dp/B0B7KTV8Q8?tag=eloabder-20&linkCode=osi&th=1&psc=1"><img src="https://m.media-amazon.com/images/I/417c5VIfBtL._SL500_.jpg" alt="Product Image"></a><p>RoadHero 18 Inch 4 Pack Collapsible Traffic Safety Cones, Multi Purpose Pop-up Cones with Reflective Collar for Road Safety, Orange Cones for Driving Training, Parking Lots</p><p> -18% 0FF </p><p>$23.65</p><a href="https://www.amazon.com/dp/B0B7KTV8Q8?tag=eloabder-20&linkCode=osi&th=1&psc=1">View Product</a></div>
<div class="product"><a href="https://www.amazon.com/dp/B000GISU1M?tag=eloabder-20&linkCode=osi&th=1&psc=1"><img src="https://m.media-amazon.com/images/I/41YAvhdmLIL._SL500_.jpg" alt="Product Image"></a><p>Optimum Nutrition Gold Standard 100% Whey Protein Powder, Vanilla Ice Creme, 5 Pound (Packaging May Vary)</p><p> -5% 0FF </p><p>$82.06 ($1.03 / Ounce)</p><a href="https://www.amazon.com/dp/B000GISU1M?tag=eloabder-20&linkCode=osi&th=1&psc=1">View Product</a></div><div class="product"><a href="https://www.amazon.com/dp/B084JHKFCW?tag=eloabder-20&linkCode=osi&th=1&psc=1"><img src="https://m.media-amazon.com/images/I/31wQjwQJR2L._SL500_.jpg" alt="Product Image"></a><p>American Standard 5503A00B.020 Slow Elongated Closed Front Toilet Seat, White</p><p> -42% 0FF </p><p>$32.96</p><a href="https://www.amazon.com/dp/B084JHKFCW?tag=eloabder-20&linkCode=osi&th=1&psc=1">View Product</a></div><div class="product"><a href="https://www.amazon.com/dp/B0CYZJM8PZ?tag=eloabder-20&linkCode=osi&th=1&psc=1"><img src="https://m.media-amazon.com/images/I/41d-M4+HpuL._SL500_.jpg" alt="Product Image"></a><p>DEGNJU LED Light Bulbs Daylight 5000K, 60 Watt Equivalent LED Bulbs, A19 Standard Bulbs, 800 LM, 15000 Hours, E26 Base, Non-Dimmable, 8.5W LED Bulbs for Bedroom Living Room 12 Pack</p><p> -27% 0FF </p><p>$17.99 ($1.50 / Count)</p><a href="https://www.amazon.com/dp/B0CYZJM8PZ?tag=eloabder-20&linkCode=osi&th=1&psc=1">View Product</a></div><div class="product"><a href="https://www.amazon.com/dp/B0CHYK75D4?tag=eloabder-20&linkCode=osi&th=1&psc=1"><img src="https://m.media-amazon.com/images/I/51DjecU3ILL._SL500_.jpg" alt="Product Image"></a><p>30-Piece Ultimate All-Purpose Combination Wrench Set in Roll-up Pouch | SAE 1/4‚Äù to 1‚Äù, Metric 6mm to 24mm | Best Value Complete Wrench Set for General Household, Garage, Truck, Car, Travel Emergency</p><p> -18% 0FF </p><p>$32.99</p><a href="https://www.amazon.com/dp/B0CHYK75D4?tag=eloabder-20&linkCode=osi&th=1&psc=1">View Product</a></div><div class="product"><a href="https://www.amazon.com/dp/B0D3XK7Z4J?tag=eloabder-20&linkCode=osi&th=1&psc=1"><img src="https://m.media-amazon.com/images/I/41wMwgcLSxL._SL500_.jpg" alt="Product Image"></a><p>Miucoguier Thread Checker - 28 Nut & Bolt Thread Checker, Bolt Size and Thread Gauge 14 Standard and 14 Metric Sizes, Bolt and Nut Identifier Gauge for Easy Verifying Sizing</p><p> -21% 0FF </p><p>$22.99</p><a href="https://www.amazon.com/dp/B0D3XK7Z4J?tag=eloabder-20&linkCode=osi&th=1&psc=1">View Product</a></div><div class="product"><a href="https://www.amazon.com/dp/B0CL1WBXG6?tag=eloabder-20&linkCode=osi&th=1&psc=1"><img src="https://m.media-amazon.com/images/I/51lHAQ830tL._SL500_.jpg" alt="Product Image"></a><p>GRENPRO Ratcheting Wrench Set, Combination Wrench Set, 22-Piece SAE & Metric and Standard, 72-Tooth Long Open End, 1/4" to 3/4" & 6-18mm, Organizer With Roll Up Pouch, CR-V Steel, Mechanic Tools Sets</p><p> -16% 0FF </p><p>$51.99 ($0.49 / Ounce)</p><a href="https://www.amazon.com/dp/B0CL1WBXG6?tag=eloabder-20&linkCode=osi&th=1&psc=1">View Product</a></div>

<div class="product"><a href="https://www.amazon.com/dp/B0D5V4PM1L?tag=eloabder-20&linkCode=osi&th=1&psc=1"><img src="https://m.media-amazon.com/images/I/51lbOWv6lZL._SL500_.jpg" alt="Product Image"></a><p>2025 Florida State and Federal Labor Laws Poster - OSHA Compliant UV Waterproof Laminated 24" x 36" English and Spanish Version 2PCS Folded - All in One Compliance Posting</p><p> -20% 0FF </p><p>$19.99</p><a href="https://www.amazon.com/dp/B0D5V4PM1L?tag=eloabder-20&linkCode=osi&th=1&psc=1">View Product</a></div>
<div class="product"><a href="https://www.amazon.com/dp/B0CFF8Z1NF?tag=eloabder-20&linkCode=osi&th=1&psc=1"><img src="https://m.media-amazon.com/images/I/41bDsv2AHdL._SL500_.jpg" alt="Product Image"></a><p>Endoscope Camera with Light - Inspection Borescope Camera with 4.3" IPS Screen, 1920P HD Snake Camera with 8 LED Lights, 16.4FT Semi-Rigid Cord Bore Scope, IP67 Waterproof Endoscope for Sewer(Orange)</p><p> -34% 0FF </p><p>$32.98</p><a href="https://www.amazon.com/dp/B0CFF8Z1NF?tag=eloabder-20&linkCode=osi&th=1&psc=1">View Product</a></div><div class="product"><a href="https://www.amazon.com/dp/B01D4QMUVI?tag=eloabder-20&linkCode=osi&th=1&psc=1"><img src="https://m.media-amazon.com/images/I/31UUBvi72zL._SL500_.jpg" alt="Product Image"></a><p>Optional life Telescoping LED Lighted Flexible Inspection Mirror 360 Swivel for Extra Viewing</p><p> -10% 0FF </p><p>$8.99</p><a href="https://www.amazon.com/dp/B01D4QMUVI?tag=eloabder-20&linkCode=osi&th=1&psc=1">View Product</a></div><div class="product"><a href="https://www.amazon.com/dp/B07HX76VM9?tag=eloabder-20&linkCode=osi&th=1&psc=1"><img src="https://m.media-amazon.com/images/I/31lU0HeUxnL._SL500_.jpg" alt="Product Image"></a><p>Juvale 2 Pack Telescoping Inspection Mirror Tool, Round 2-Inch Mirror with 24.5-Inch Extension for Mechanics, Inspectors</p><p> -38% 0FF </p><p>$7.99</p><a href="https://www.amazon.com/dp/B07HX76VM9?tag=eloabder-20&linkCode=osi&th=1&psc=1">View Product</a></div><div class="product"><a href="https://www.amazon.com/dp/B0BR7MKHF9?tag=eloabder-20&linkCode=osi&th=1&psc=1"><img src="https://m.media-amazon.com/images/I/41Oa1v7l6NL._SL500_.jpg" alt="Product Image"></a><p>Endoscope Camera with Light, 1920P HD Borescope Tools with 8 Adjustable LED Lights, Endoscope with 16.4ft Semi-Rigid Snake Camera, 7.9mm IP67 Waterproof Inspection Camera for iOS (Black)</p><p> -48% 0FF </p><p>$30.99</p><a href="https://www.amazon.com/dp/B0BR7MKHF9?tag=eloabder-20&linkCode=osi&th=1&psc=1">View Product</a></div><div class="product"><a href="https://www.amazon.com/dp/B09FK5QFTR?tag=eloabder-20&linkCode=osi&th=1&psc=1"><img src="https://m.media-amazon.com/images/I/41hfMwNfTWL._SL500_.jpg" alt="Product Image"></a><p>Telescoping Magnetic Pickup Tool Set-Extendable Magnet Flashlight with Inspection Mirror-Cool Gadgets Gifts Idea & Birthday Gifts for Father, Men, Him, Boyfriend, Husband, Handyman, Mechanic</p><p> -22% 0FF </p><p>$27.99</p><a href="https://www.amazon.com/dp/B09FK5QFTR?tag=eloabder-20&linkCode=osi&th=1&psc=1">View Product</a></div>
<div class="product"><a href="https://www.amazon.com/dp/B09KZ6TBNY?tag=eloabder-20&linkCode=osi&th=1&psc=1"><img src="https://m.media-amazon.com/images/I/41oPbadBuQL._SL500_.jpg" alt="Product Image"></a><p>iHealth COVID-19 Antigen Rapid Test, 1 Pack, 2 Tests Total, FDA EUA Authorized OTC at-Home Self Test, Results in 15 Minutes with Non-invasive Nasal Swab, Easy to Use & No Discomfort</p><p> -13% 0FF </p><p>$15.69 ($7.84 / Count)</p><a href="https://www.amazon.com/dp/B09KZ6TBNY?tag=eloabder-20&linkCode=osi&th=1&psc=1">View Product</a></div><div class="product"><a href="https://www.amazon.com/dp/B0C3SR4BNC?tag=eloabder-20&linkCode=osi&th=1&psc=1"><img src="https://m.media-amazon.com/images/I/41vH7tiKQaL._SL500_.jpg" alt="Product Image"></a><p>BinaxNOW COVID-19 Antigen Self Test, 1 Pack, 4 Tests Total, COVID Test With 15-Minute Results Without Sending to a Lab, Easy to Use at Home</p><p> -9% 0FF </p><p>$28.88 ($7.22 / Count)</p><a href="https://www.amazon.com/dp/B0C3SR4BNC?tag=eloabder-20&linkCode=osi&th=1&psc=1">View Product</a></div><div class="product"><a href="https://www.amazon.com/dp/B09PZS1N44?tag=eloabder-20&linkCode=osi&th=1&psc=1"><img src="https://m.media-amazon.com/images/I/418W+HhY5PL._SL500_.jpg" alt="Product Image"></a><p>Flowflex COVID-19 Antigen Home Test kit, 1 Pack, 5 Tests Total. FDA EUA Authorized OTC at-Home Self-Test, Non-invasive Nasal Swab, Easy to Use and No Discomfort, Results in 15 Minutes</p><p> -20% 0FF </p><p>$31.99 ($6.40 / Count)</p><a href="https://www.amazon.com/dp/B09PZS1N44?tag=eloabder-20&linkCode=osi&th=1&psc=1">View Product</a></div><div class="product"><a href="https://www.amazon.com/dp/B0D2DQBJS2?tag=eloabder-20&linkCode=osi&th=1&psc=1"><img src="https://m.media-amazon.com/images/I/51PHwjjreKL._SL500_.jpg" alt="Product Image"></a><p>CorDx TyFast Flu A/B & Covid-19 Multiplex Rapid Test, 10 Mins at Home, FDA Authorized, 3-in-1 Combo Kit, 2 Tests</p><p> -29% 0FF </p><p>$21.21</p><a href="https://www.amazon.com/dp/B0D2DQBJS2?tag=eloabder-20&linkCode=osi&th=1&psc=1">View Product</a></div><div class="product"><a href="https://www.amazon.com/dp/B07CF8C4VX?tag=eloabder-20&linkCode=osi&th=1&psc=1"><img src="https://m.media-amazon.com/images/I/51brLSHm6vL._SL500_.jpg" alt="Product Image"></a><p>CONTOUR NEXT Blood Glucose Test Strips for Diabetes, 70 Count (Pack of 1)</p><p> -17% 0FF </p><p>$26.58 ($0.38 / Count)</p><a href="https://www.amazon.com/dp/B07CF8C4VX?tag=eloabder-20&linkCode=osi&th=1&psc=1">View Product</a></div>
<div class="product"><a href="https://www.amazon.com/dp/B01LYBYFTJ?tag=eloabder-20&linkCode=osi&th=1&psc=1"><img src="https://m.media-amazon.com/images/I/518DrPFcK0L._SL500_.jpg" alt="Product Image"></a><p>Accuform MQTL707VP Plastic Sign, "Quality Control Inspection Area", 10" Length x 14" Width x 0.055" Thickness, Green/Black on White</p><p> -7% 0FF </p><p>$12.72</p><a href="https://www.amazon.com/dp/B01LYBYFTJ?tag=eloabder-20&linkCode=osi&th=1&psc=1">View Product</a></div><div class="product"><a href="https://www.amazon.com/dp/B08HQMBQ79?tag=eloabder-20&linkCode=osi&th=1&psc=1"><img src="https://m.media-amazon.com/images/I/41eP15ePWkL._SL500_.jpg" alt="Product Image"></a><p>CO2 Controller Carbon Dioxide Controller Air Quality Monitor CO2 Meter with Day and Night Control Relay Function, NDIR Sensor Probe Cable, CO2 Detector for Plant, Grow Room, Green House, Garden, Home</p><p> -13% 0FF </p><p>$139.59</p><a href="https://www.amazon.com/dp/B08HQMBQ79?tag=eloabder-20&linkCode=osi&th=1&psc=1">View Product</a></div><div class="product"><a href="https://www.amazon.com/dp/B0CPBKHZNC?tag=eloabder-20&linkCode=osi&th=1&psc=1"><img src="https://m.media-amazon.com/images/I/51jPs5y3CJL._SL500_.jpg" alt="Product Image"></a><p>IUYPKQ Steel Wool for Mice Control - 2 Pack of 3"√ó10Ft Steel Wool, Gap Filter for House & Garage - Keep Mice Away from HolesÔºåSidingÔºåPipelineÔºåVents in Garden, House, 7.04oz (2, 100g)</p><p> -18% 0FF </p><p>$8.20</p><a href="https://www.amazon.com/dp/B0CPBKHZNC?tag=eloabder-20&linkCode=osi&th=1&psc=1">View Product</a></div>

<div class="product"><a href="https://www.amazon.com/dp/B084F3YQMH?tag=eloabder-20&linkCode=osi&th=1&psc=1"><img src="https://m.media-amazon.com/images/I/51XzXeJ5EHS._SL500_.jpg" alt="Product Image"></a><p>Ultrasac Blue Recycling Bags 33 Gallon 0.9 MIL, 33.5" x 38" - Pack of 45 - For Recycling, Kitchen, Industrial, & Commercial</p><p> -37% 0FF </p><p>$15.06 ($0.33 / Count)</p><a href="https://www.amazon.com/dp/B084F3YQMH?tag=eloabder-20&linkCode=osi&th=1&psc=1">View Product</a></div>
<div class="product"><a href="https://www.amazon.com/dp/B09RY35M4S?tag=eloabder-20&linkCode=osi&th=1&psc=1"><img src="https://m.media-amazon.com/images/I/41wjzxrudGL._SL500_.jpg" alt="Product Image"></a><p>Kleenex Lotion Facial Tissues with Coconut Oil, 3 Flat Boxes, 120 Tissues Per Box, 3-Ply</p><p> -9% 0FF </p><p>$5.24 ($1.46 / 100 Sheets)</p><a href="https://www.amazon.com/dp/B09RY35M4S?tag=eloabder-20&linkCode=osi&th=1&psc=1">View Product</a></div><div class="product"><a href="https://www.amazon.com/dp/B09M5XF6JV?tag=eloabder-20&linkCode=osi&th=1&psc=1"><img src="https://m.media-amazon.com/images/I/410w59XOeaL._SL500_.jpg" alt="Product Image"></a><p>Kleenex Ultra Soft Facial Tissues, 4 Cube Boxes, 60 Tissues per Box, 3-Ply (240 Total Tissues), Packaging May Vary</p><p> -12% 0FF </p><p>$6.58 ($2.74 / 100 Sheets)</p><a href="https://www.amazon.com/dp/B09M5XF6JV?tag=eloabder-20&linkCode=osi&th=1&psc=1">View Product</a></div><div class="product"><a href="https://www.amazon.com/dp/B09YKRZR22?tag=eloabder-20&linkCode=osi&th=1&psc=1"><img src="https://m.media-amazon.com/images/I/413kbNG2YCL._SL500_.jpg" alt="Product Image"></a><p>Puffs Plus Lotion Facial Tissues, 8 Family Boxes, 124 Facial Tissues per Box, Allergies and Colds</p><p> -26% 0FF </p><p>$13.28 ($1.34 / 100 Sheets)</p><a href="https://www.amazon.com/dp/B09YKRZR22?tag=eloabder-20&linkCode=osi&th=1&psc=1">View Product</a></div>
<div class="product"><a href="https://www.amazon.com/dp/B0CMTR8NFM?tag=eloabder-20&linkCode=osi&th=1&psc=1"><img src="https://m.media-amazon.com/images/I/418XJgVkJIL._SL500_.jpg" alt="Product Image"></a><p>dalattin 12 Pack A19 LED Bulbs, 9W Equivalent 60 Watts, E26 Base, 5000K Daylight White, 800 LM, Efficient Energy Saving Lights for Living Room, Office, 80+ CRI, 120V, UL Listed</p><p> -6% 0FF </p><p>$15.99 ($1.33 / Count)</p><a href="https://www.amazon.com/dp/B0CMTR8NFM?tag=eloabder-20&linkCode=osi&th=1&psc=1">View Product</a></div><div class="product"><a href="https://www.amazon.com/dp/B0CZHCZ5TL?tag=eloabder-20&linkCode=osi&th=1&psc=1"><img src="https://m.media-amazon.com/images/I/31iJMTbdOTL._SL500_.jpg" alt="Product Image"></a><p>TP-Link Tapo Smart Plug Compatible with Alexa, Google Home & Samsung SmartThings, Energy Monitoring, 15A, ETL Certified, 2.4G Wi-Fi Only, Tapo P110, White</p><p> -27% 0FF </p><p>$10.99</p><a href="https://www.amazon.com/dp/B0CZHCZ5TL?tag=eloabder-20&linkCode=osi&th=1&psc=1">View Product</a></div><div class="product"><a href="https://www.amazon.com/dp/B0CCB442CF?tag=eloabder-20&linkCode=osi&th=1&psc=1"><img src="https://m.media-amazon.com/images/I/31oVkQ9gShL._SL500_.jpg" alt="Product Image"></a><p>DEGNJU A19 LED Light Bulbs, 60 Watt Equivalent LED Bulbs, Soft White 2700K, 800 Lumens, E26 Standard Base, Non-Dimmable, 8.5W Warm White LED Bulbs for Bedroom Living Room, 3 Pack</p><p> -33% 0FF </p><p>$7.98 ($2.66 / Count)</p><a href="https://www.amazon.com/dp/B0CCB442CF?tag=eloabder-20&linkCode=osi&th=1&psc=1">View Product</a></div>
<div class="product"><a href="https://www.amazon.com/dp/B08NX1XYBN?tag=eloabder-20&linkCode=osi&th=1&psc=1"><img src="https://m.media-amazon.com/images/I/51lfim+ZIRL._SL500_.jpg" alt="Product Image"></a><p>DIYSELF 2Pack Utility Knife Box Cutter Retractable Blade Heavy Duty(Red)</p><p> -38% 0FF </p><p>$7.99 ($4.00 / Count)</p><a href="https://www.amazon.com/dp/B08NX1XYBN?tag=eloabder-20&linkCode=osi&th=1&psc=1">View Product</a></div><div class="product"><a href="https://www.amazon.com/dp/B08HCW4V4G?tag=eloabder-20&linkCode=osi&th=1&psc=1"><img src="https://m.media-amazon.com/images/I/51A4GvNLy1S._SL500_.jpg" alt="Product Image"></a><p>HORUSDY 4-Pack Box Cutter Utility Knife, Heavy Duty Aluminum Shell Retractable Box Cutter for Cardboard, Boxes and Cartons, Extra 10 Blades.</p><p> -23% 0FF </p><p>$9.99 ($2.50 / Count)</p><a href="https://www.amazon.com/dp/B08HCW4V4G?tag=eloabder-20&linkCode=osi&th=1&psc=1">View Product</a></div><div class="product"><a href="https://www.amazon.com/dp/B097SXK3FG?tag=eloabder-20&linkCode=osi&th=1&psc=1"><img src="https://m.media-amazon.com/images/I/41QvJkjjQuL._SL500_.jpg" alt="Product Image"></a><p>WORKPRO Premium Utility Knife, Retractable All Metal Heavy Duty Box Cutter, Quick Change Blade Razor Knife, with 10 Extra Blades</p><p> -25% 0FF </p><p>$8.99</p><a href="https://www.amazon.com/dp/B097SXK3FG?tag=eloabder-20&linkCode=osi&th=1&psc=1">View Product</a></div><div class="product"><a href="https://www.amazon.com/dp/B01M27QHE2?tag=eloabder-20&linkCode=osi&th=1&psc=1"><img src="https://m.media-amazon.com/images/I/51ULro8xW3L._SL500_.jpg" alt="Product Image"></a><p>INTERNET'S BEST Premium Utility Knife Set | Retractable Box Cutter with Rubber Handle | Heavy-Duty Cutting for Cardboard, Carpet, Plastic | Retractable Blade | Includes 2 Razor Knives & Extra Blades</p><p> -25% 0FF </p><p>$14.99</p><a href="https://www.amazon.com/dp/B01M27QHE2?tag=eloabder-20&linkCode=osi&th=1&psc=1">View Product</a></div><div class="product"><a href="https://www.amazon.com/dp/B09JYJLQXF?tag=eloabder-20&linkCode=osi&th=1&psc=1"><img src="https://m.media-amazon.com/images/I/51IqddPa30L._SL500_.jpg" alt="Product Image"></a><p>M MEEPO Box Cutter, 4-Pack Tough Folding Box Cutter for Heavy Duty Purpose, Razor Sharp Blade, Comfortable Handle, with Extra 10-Piece Blades, Can cut Drywall, Sheet Plastic, Linoleum, Boxes, Rope</p><p> -31% 0FF </p><p>$10.99 ($2.75 / Count)</p><a href="https://www.amazon.com/dp/B09JYJLQXF?tag=eloabder-20&linkCode=osi&th=1&psc=1">View Product</a></div><div class="product"><a href="https://www.amazon.com/dp/B09K7SJH6X?tag=eloabder-20&linkCode=osi&th=1&psc=1"><img src="https://m.media-amazon.com/images/I/41-bwfYeYRL._SL500_.jpg" alt="Product Image"></a><p>WORKPRO Folding Utility Knife with Stainless Steel Head, Quick-change Blade & Back Lock, Wood Handle Heavy Duty Box Cutter, 1PC Razor Knife with Extra 10PC SK5 Blades</p><p> -25% 0FF </p><p>$14.99</p><a href="https://www.amazon.com/dp/B09K7SJH6X?tag=eloabder-20&linkCode=osi&th=1&psc=1">View Product</a></div><div class="product"><a href="https://www.amazon.com/dp/B07DXTP9M9?tag=eloabder-20&linkCode=osi&th=1&psc=1"><img src="https://m.media-amazon.com/images/I/51DsWoOdb2L._SL500_.jpg" alt="Product Image"></a><p>REXBETI 12-Pack Utility Knife, Retractable Box Cutter for Cartons, Cardboard and Boxes, 18mm Wider Razor Sharp Blade, Smooth Mechanism, Perfect for Office and Home use</p><p> -60% 0FF </p><p>$9.99</p><a href="https://www.amazon.com/dp/B07DXTP9M9?tag=eloabder-20&linkCode=osi&th=1&psc=1">View Product</a></div>
<div class="product"><a href="https://www.amazon.com/dp/B07P6PH5SB?tag=eloabder-20&linkCode=osi&th=1&psc=1"><img src="https://m.media-amazon.com/images/I/41h9Fp94OLL._SL500_.jpg" alt="Product Image"></a><p>3M SecureFit Safety Helmet - Climbing Style Inspired Safety Helmet with 6 Point Suspension System, Non-Vented, White, X5001-ANSI, for Construction and Heavy Infrastructure</p><p> -39% 0FF </p><p>$64.83</p><a href="https://www.amazon.com/dp/B07P6PH5SB?tag=eloabder-20&linkCode=osi&th=1&psc=1">View Product</a></div><div class="product"><a href="https://www.amazon.com/dp/B0DCVQRJCJ?tag=eloabder-20&linkCode=osi&th=1&psc=1"><img src="https://m.media-amazon.com/images/I/41bpS1WjabL._SL500_.jpg" alt="Product Image"></a><p>QYZZRS Generator Interlock Kit Compatible with Eaton Cutler Hammer 100 Amp and 125 Amp Panels Breaker,for Safe Usage of Portable Power During Outage,Professional and Interlock Kit (1)</p><p> -16% 0FF </p><p>$27.59</p><a href="https://www.amazon.com/dp/B0DCVQRJCJ?tag=eloabder-20&linkCode=osi&th=1&psc=1">View Product</a></div><div class="product"><a href="https://www.amazon.com/dp/B00C01W6DG?tag=eloabder-20&linkCode=osi&th=1&psc=1"><img src="https://m.media-amazon.com/images/I/41ajsEzhqeL._SL500_.jpg" alt="Product Image"></a><p>ICC Cat6 Riser 1000ft - UTP 23AWG, 100% Solid Pure Copper, Unshielded CMR, Bulk Ethernet Cable, PoE++, 500MHz, Reelex Pull Box, UL Certified, RoHS and TAA Compliant, Blue</p><p> -9% 0FF </p><p>$142.39</p><a href="https://www.amazon.com/dp/B00C01W6DG?tag=eloabder-20&linkCode=osi&th=1&psc=1">View Product</a></div><div class="product"><a href="https://www.amazon.com/dp/B00QXTXSKQ?tag=eloabder-20&linkCode=osi&th=1&psc=1"><img src="https://m.media-amazon.com/images/I/31dvw-xXqDL._SL500_.jpg" alt="Product Image"></a><p>MSA 10048280 Calibration Cylinder, Aluminium Gas Bottle, 34 Liter, 1.45% CH4, 15% O2, 60 PPM CO, 20 PPM H2S, Galaxy GX2 System Test Stand Compatible, Multi-Use Air Tank</p><p> -11% 0FF </p><p>$364.02</p><a href="https://www.amazon.com/dp/B00QXTXSKQ?tag=eloabder-20&linkCode=osi&th=1&psc=1">View Product</a></div><div class="product"><a href="https://www.amazon.com/dp/B016N3609W?tag=eloabder-20&linkCode=osi&th=1&psc=1"><img src="https://m.media-amazon.com/images/I/31qfvZRAQaL._SL500_.jpg" alt="Product Image"></a><p>MSA 815641 Advantage Respirator Cartridge - Iodine Vapor/P100 (GMI), Quantity: 2 per Pack, Chemical and Combination Air-Purifying Respirator Cartridge</p><p> -38% 0FF </p><p>$22.72 ($11.36 / Count)</p><a href="https://www.amazon.com/dp/B016N3609W?tag=eloabder-20&linkCode=osi&th=1&psc=1">View Product</a></div>
<div class="product"><a href="https://www.amazon.com/dp/B00JKHFR2K?tag=eloabder-20&linkCode=osi&th=1&psc=1"><img src="https://m.media-amazon.com/images/I/31-VtYKPhLL._SL500_.jpg" alt="Product Image"></a><p>Childcraft Construction Paper, 9 x 12 Inches, Assorted Colors, 500 Sheets - 1465886</p><p> -12% 0FF </p><p>$14.02 ($0.03 / Count)</p><a href="https://www.amazon.com/dp/B00JKHFR2K?tag=eloabder-20&linkCode=osi&th=1&psc=1">View Product</a></div><div class="product"><a href="https://www.amazon.com/dp/B07BPWV83H?tag=eloabder-20&linkCode=osi&th=1&psc=1"><img src="https://m.media-amazon.com/images/I/51lp+IIfd7L._SL500_.jpg" alt="Product Image"></a><p>REXBETI Knee Pads for Work, Construction Gel Knee Pads Tools, Heavy Duty Comfortable Anti-slip Foam Knee Pads for Cleaning Flooring and Garden, Strong Stretchable Straps, 1 Pair</p><p> -28% 0FF </p><p>$25.99</p><a href="https://www.amazon.com/dp/B07BPWV83H?tag=eloabder-20&linkCode=osi&th=1&psc=1">View Product</a></div><div class="product"><a href="https://www.amazon.com/dp/B0CQ755FYH?tag=eloabder-20&linkCode=osi&th=1&psc=1"><img src="https://m.media-amazon.com/images/I/41lT80YapPL._SL500_.jpg" alt="Product Image"></a><p>Laser Level with Tripod, Huepar 98Ft Self Leveling Laser Level Green Line Laser Cross Line Laser Leveler Tool for Picture Hanging, Tile, Home Renovation, Indoor Project, Battery&Carrying Bag Included</p><p> -38% 0FF </p><p>$49.99</p><a href="https://www.amazon.com/dp/B0CQ755FYH?tag=eloabder-20&linkCode=osi&th=1&psc=1">View Product</a></div><div class="product"><a href="https://www.amazon.com/dp/B09W8LBWJH?tag=eloabder-20&linkCode=osi&th=1&psc=1"><img src="https://m.media-amazon.com/images/I/4115vnIiXsL._SL500_.jpg" alt="Product Image"></a><p>Deinyi Construction Toddler Utensils - Toddler Forks and Spoons - Kids Spoon and Fork Set - Suitable for Kids Utensils - Baby Utensils, Portable Utensils Set for 1 2 3 4 5 year old Toddlers, Yellow</p><p> -37% 0FF </p><p>$11.99</p><a href="https://www.amazon.com/dp/B09W8LBWJH?tag=eloabder-20&linkCode=osi&th=1&psc=1">View Product</a></div><div class="product"><a href="https://www.amazon.com/dp/B002LARR76?tag=eloabder-20&linkCode=osi&th=1&psc=1"><img src="https://m.media-amazon.com/images/I/31K2j809lBL._SL500_.jpg" alt="Product Image"></a><p>Prang (Formerly SunWorks) Construction Paper, Brown, 9" x 12", 100 Sheets</p><p> -11% 0FF </p><p>$4.27 ($0.04 / Count)</p><a href="https://www.amazon.com/dp/B002LARR76?tag=eloabder-20&linkCode=osi&th=1&psc=1">View Product</a></div>
<div class="product"><a href="https://www.amazon.com/dp/B08GFP7PSK?tag=eloabder-20&linkCode=osi&th=1&psc=1"><img src="https://m.media-amazon.com/images/I/41gooaY8RRL._SL500_.jpg" alt="Product Image"></a><p>BESTAMTOY 36 PCS Wooden Sorting Stacking Rocks Stones,Sensory Toddler Toys Learning Montessori Toys, Building Blocks Game for Kids 3 4 5 6 Years Boy and Girl Birthday Gifts for Kids</p><p> -36% 0FF </p><p>$23.19</p><a href="https://www.amazon.com/dp/B08GFP7PSK?tag=eloabder-20&linkCode=osi&th=1&psc=1">View Product</a></div><div class="product"><a href="https://www.amazon.com/dp/B0CWVT99MF?tag=eloabder-20&linkCode=osi&th=1&psc=1"><img src="https://m.media-amazon.com/images/I/31v6b-LC5ML._SL500_.jpg" alt="Product Image"></a><p>IRWIN Quick-Lift Construction Jack, Hand Lifting Jack Tool, Multifunctional, Lift up to 10" and Lift Capacity 330 lbs (IRHT83100)</p><p> -9% 0FF </p><p>$89.99</p><a href="https://www.amazon.com/dp/B0CWVT99MF?tag=eloabder-20&linkCode=osi&th=1&psc=1">View Product</a></div><div class="product"><a href="https://www.amazon.com/dp/B0BWY4444M?tag=eloabder-20&linkCode=osi&th=1&psc=1"><img src="https://m.media-amazon.com/images/I/51esMBM0unL._SL500_.jpg" alt="Product Image"></a><p>XClifes Labor Saving Handle 2 Pack,15 In Construction Jack, Wall Tile Locator, Multi-Function Height Adjustment Lifting Device, Door Panel Lifting Cabinet Jack,Raised 10 in,Dynamic Load 470 LB</p><p> -69% 0FF </p><p>$43.99</p><a href="https://www.amazon.com/dp/B0BWY4444M?tag=eloabder-20&linkCode=osi&th=1&psc=1">View Product</a></div><div class="product"><a href="https://www.amazon.com/dp/0021402442?tag=eloabder-20&linkCode=osi&th=1&psc=1"><img src="https://m.media-amazon.com/images/I/511QbiOnlIL._SL500_.jpg" alt="Product Image"></a><p>Glencoe Carpentry and Building Construction, Student Edition (CARPENTRY & BLDG CONSTRUCTION)</p><p> -47% 0FF </p><p>$59.50</p><a href="https://www.amazon.com/dp/0021402442?tag=eloabder-20&linkCode=osi&th=1&psc=1">View Product</a></div><div class="product"><a href="https://www.amazon.com/dp/B08R3TW6PD?tag=eloabder-20&linkCode=osi&th=1&psc=1"><img src="https://m.media-amazon.com/images/I/51Ca5qyFUyL._SL500_.jpg" alt="Product Image"></a><p>Coodoo Upgraded Magnetic Blocks Tough Tiles STEM Toys for 3+ Year Old Boys and Girls Learning by Playing Games for Toddlers Kids, Compatible with Major Brands Building Blocks - Starter Set</p><p> -9% 0FF </p><p>$19.99</p><a href="https://www.amazon.com/dp/B08R3TW6PD?tag=eloabder-20&linkCode=osi&th=1&psc=1">View Product</a></div><div class="product"><a href="https://www.amazon.com/dp/B0D17SV1WJ?tag=eloabder-20&linkCode=osi&th=1&psc=1"><img src="https://m.media-amazon.com/images/I/41GZRx1QfVL._SL500_.jpg" alt="Product Image"></a><p>10 Pcs Interlocking Deck Tiles 12" x 12", Patio Flooring Outdoor Waterproof, Acacia Wood Tiles All Weather, Floor Tiles for Balcony, Backyard, Indoor and Outdoor use‚Ä¶ (Espresso)</p><p> -15% 0FF </p><p>$38.99</p><a href="https://www.amazon.com/dp/B0D17SV1WJ?tag=eloabder-20&linkCode=osi&th=1&psc=1">View Product</a></div><div class="product"><a href="https://www.amazon.com/dp/B0CPCZ3V7C?tag=eloabder-20&linkCode=osi&th=1&psc=1"><img src="https://m.media-amazon.com/images/I/51zv+eT4kkL._SL500_.jpg" alt="Product Image"></a><p>Titrot Magnetic Blocks Kids Toys, Large Magnetic Building Sticks STEM Educational Sensory Toy Preschool Learning Montessori Toys for Toddlers Boys Girls Ages 3-8 with 1 Car</p><p> -17% 0FF </p><p>$24.99</p><a href="https://www.amazon.com/dp/B0CPCZ3V7C?tag=eloabder-20&linkCode=osi&th=1&psc=1">View Product</a></div>

<div class="product"><a href="https://www.amazon.com/dp/B0D676KYMV?tag=eloabder-20&linkCode=osi&th=1&psc=1"><img src="https://m.media-amazon.com/images/I/41dhQyG9XZL._SL500_.jpg" alt="Product Image"></a><p>Dimgogo Hexagon LED Garage Ceiling Lights,25 Pack 17280LM Super Bright LED car Lights for Warehouse Basement Workshop Gym Car Detailing Shop Wash Room</p><p> -21% 0FF </p><p>$69.99</p><a href="https://www.amazon.com/dp/B0D676KYMV?tag=eloabder-20&linkCode=osi&th=1&psc=1">View Product</a></div>
<div class="product"><a href="https://www.amazon.com/dp/B0C73SFP11?tag=eloabder-20&linkCode=osi&th=1&psc=1"><img src="https://m.media-amazon.com/images/I/31+p7lB1nDL._SL500_.jpg" alt="Product Image"></a><p>2 Pack, 9 Inch Clear Non-Skid Lazy Susan Organizers - Turntable Rack for Kitchen Cabinet, Pantry Organization and Storage, Fridge, Bathroom Closet, Vanity Countertop Makeup Organizing, Spice Rack</p><p> -32% 0FF </p><p>$12.98</p><a href="https://www.amazon.com/dp/B0C73SFP11?tag=eloabder-20&linkCode=osi&th=1&psc=1">View Product</a></div><div class="product"><a href="https://www.amazon.com/dp/B098991PPP?tag=eloabder-20&linkCode=osi&th=1&psc=1"><img src="https://m.media-amazon.com/images/I/41pFHdubflL._SL500_.jpg" alt="Product Image"></a><p>SpaceAid Heavy Duty Moving Bags, Extra Large Storage Totes W/Backpack Straps Strong Handles & Zippers, Alternative to Moving Boxes, Packing & Moving Supplies, Black (8 Pack)</p><p> -24% 0FF </p><p>$36.99 ($4.62 / Count)</p><a href="https://www.amazon.com/dp/B098991PPP?tag=eloabder-20&linkCode=osi&th=1&psc=1">View Product</a></div>
<div class="product"><a href="https://www.amazon.com/dp/B001JT1LCW?tag=eloabder-20&linkCode=osi&th=1&psc=1"><img src="https://m.media-amazon.com/images/I/41-NrbTtXOL._SL500_.jpg" alt="Product Image"></a><p>Logistic Ratchet Strap, 16ft x 2In, 1000lb</p><p> -37% 0FF </p><p>$11.13</p><a href="https://www.amazon.com/dp/B001JT1LCW?tag=eloabder-20&linkCode=osi&th=1&psc=1">View Product</a></div>
<div class="product"><a href="https://www.amazon.com/dp/B07MM6D6H8?tag=eloabder-20&linkCode=osi&th=1&psc=1"><img src="https://m.media-amazon.com/images/I/51-5i+GLJFL._SL500_.jpg" alt="Product Image"></a><p>edxeducation Transport Counters - Mini Jar - Set of 36 - Learn Counting, Colors, Sorting and Sequencing - Hands-on Math Manipulative for Kids</p><p> -6% 0FF </p><p>$12.66</p><a href="https://www.amazon.com/dp/B07MM6D6H8?tag=eloabder-20&linkCode=osi&th=1&psc=1">View Product</a></div><div class="product"><a href="https://www.amazon.com/dp/B0058ORV6Y?tag=eloabder-20&linkCode=osi&th=1&psc=1"><img src="https://m.media-amazon.com/images/I/415rpz1mnxL._SL500_.jpg" alt="Product Image"></a><p>Didax Educational Resources Transportation Counters, 72</p><p> -31% 0FF </p><p>$14.50</p><a href="https://www.amazon.com/dp/B0058ORV6Y?tag=eloabder-20&linkCode=osi&th=1&psc=1">View Product</a></div><div class="product"><a href="https://www.amazon.com/dp/B0BWNRKN6Y?tag=eloabder-20&linkCode=osi&th=1&psc=1"><img src="https://m.media-amazon.com/images/I/51Fau8rx1IL._SL500_.jpg" alt="Product Image"></a><p>Reusable Sticker Book for Kids, Vehicles Truck Stickers Educational Learning Toys Travel Stickers Activity Books for Toddler Girls Boys Age 3+ Birthday Gifts</p><p> -34% 0FF </p><p>$5.95</p><a href="https://www.amazon.com/dp/B0BWNRKN6Y?tag=eloabder-20&linkCode=osi&th=1&psc=1">View Product</a></div>
<div class="product"><a href="https://www.amazon.com/dp/B0BLTY38V7?tag=eloabder-20&linkCode=osi&th=1&psc=1"><img src="https://m.media-amazon.com/images/I/31zmVFnuy3L._SL500_.jpg" alt="Product Image"></a><p>SWEETAPRIL Slow Moving Vehicle Sign, Rust Free Aluminum Slow Moving Vehicle Triangle Signs, 14"X16", 40-Mil Thick Diamond Grade Reflective For Golf Cart, For Golf Cart, Tractor, Utv, Safety Signs</p><p> -47% 0FF </p><p>$9.99</p><a href="https://www.amazon.com/dp/B0BLTY38V7?tag=eloabder-20&linkCode=osi&th=1&psc=1">View Product</a></div><div class="product"><a href="https://www.amazon.com/dp/B0D9NXPMMR?tag=eloabder-20&linkCode=osi&th=1&psc=1"><img src="https://m.media-amazon.com/images/I/418RV63IwdL._SL500_.jpg" alt="Product Image"></a><p>Mini Car Trash Can Bin with Lid and One Roll Plastic Trash Bags, Small Car Garbage Can Leakproof Car Accessories Trash Bin Car Dustbin Organizer Container for Car, Vehicle, Office, Home</p><p> -16% 0FF </p><p>$9.98</p><a href="https://www.amazon.com/dp/B0D9NXPMMR?tag=eloabder-20&linkCode=osi&th=1&psc=1">View Product</a></div><div class="product"><a href="https://www.amazon.com/dp/B000UHP9EU?tag=eloabder-20&linkCode=osi&th=1&psc=1"><img src="https://m.media-amazon.com/images/I/31wK9xXH7wL._SL500_.jpg" alt="Product Image"></a><p>FIRST ALERT AUTOMAR10 Car and Marine Fire Extinguisher, FE10GR, UL RATED 10-B:C, White, 1-Pack</p><p> -32% 0FF </p><p>$26.44</p><a href="https://www.amazon.com/dp/B000UHP9EU?tag=eloabder-20&linkCode=osi&th=1&psc=1">View Product</a></div><div class="product"><a href="https://www.amazon.com/dp/B0CQSH2J4R?tag=eloabder-20&linkCode=osi&th=1&psc=1"><img src="https://m.media-amazon.com/images/I/41NenTedbdL._SL500_.jpg" alt="Product Image"></a><p>Yaocom 1 Set Slow Moving Vehicle Sign with Mounting Bracket 14 x 16 Inch Slow Moving Vehicle Triangle Signs Aluminum Slow Sign Warning Triangles for Vehicles Golf Cart Tractor Outdoor Accessories</p><p> -5% 0FF </p><p>$18.99</p><a href="https://www.amazon.com/dp/B0CQSH2J4R?tag=eloabder-20&linkCode=osi&th=1&psc=1">View Product</a></div><div class="product"><a href="https://www.amazon.com/dp/B000P0DPGQ?tag=eloabder-20&linkCode=osi&th=1&psc=1"><img src="https://m.media-amazon.com/images/I/41S75Iev+4L._SL500_.jpg" alt="Product Image"></a><p>FIRST ALERT AUTO5 Car Fire Extinguisher, FESA5, UL RATED 5-B:C, Red, 1-Pack</p><p> -39% 0FF </p><p>$23.77</p><a href="https://www.amazon.com/dp/B000P0DPGQ?tag=eloabder-20&linkCode=osi&th=1&psc=1">View Product</a></div><div class="product"><a href="https://www.amazon.com/dp/B00CGSF4F0?tag=eloabder-20&linkCode=osi&th=1&psc=1"><img src="https://m.media-amazon.com/images/I/41O8ARwr2cL._SL500_.jpg" alt="Product Image"></a><p>BAZIC 12 X 16 Inches Sale Sign, 2-Line (L-2)</p><p> -12% 0FF </p><p>$5.13</p><a href="https://www.amazon.com/dp/B00CGSF4F0?tag=eloabder-20&linkCode=osi&th=1&psc=1">View Product</a></div>
<div class="product"><a href="https://www.amazon.com/dp/B0829D1D7V?tag=eloabder-20&linkCode=osi&th=1&psc=1"><img src="https://m.media-amazon.com/images/I/51J7vVLjl6L._SL500_.jpg" alt="Product Image"></a><p>2-Pack Bubble Cushioning Nylon Wrap Rolls, 3/16" x 12" x 72' ft Total, Perforated Every 12", 20 Fragile Stickers for Packaging, Shipping, Mailing</p><p> -15% 0FF </p><p>$15.50 ($7.75 / Count)</p><a href="https://www.amazon.com/dp/B0829D1D7V?tag=eloabder-20&linkCode=osi&th=1&psc=1">View Product</a></div><div class="product"><a href="https://www.amazon.com/dp/B09GPNQCW4?tag=eloabder-20&linkCode=osi&th=1&psc=1"><img src="https://m.media-amazon.com/images/I/416VMuii7+L._SL500_.jpg" alt="Product Image"></a><p>Donyson Frosted T Shirt Bags 10x13, 100 Pack Clear Bags for Packaging, Package Bags, Packaging Bags for Small Business, Shipping Bags with Handle</p><p> -5% 0FF </p><p>$20.99 ($0.21 / Count)</p><a href="https://www.amazon.com/dp/B09GPNQCW4?tag=eloabder-20&linkCode=osi&th=1&psc=1">View Product</a></div><div class="product"><a href="https://www.amazon.com/dp/B000J07BRQ?tag=eloabder-20&linkCode=osi&th=1&psc=1"><img src="https://m.media-amazon.com/images/I/517ZAgVhtNL._SL500_.jpg" alt="Product Image"></a><p>Scotch Heavy Duty Shipping and Moving Packing Tape, Clear, Packing and Moving Supplies, 1.88 in. x 22.2 yd., 6 Tape Rolls with Dispensers</p><p> -31% 0FF </p><p>$13.88</p><a href="https://www.amazon.com/dp/B000J07BRQ?tag=eloabder-20&linkCode=osi&th=1&psc=1">View Product</a></div>

<div class="product"><a href="https://www.amazon.com/dp/B09ZV2364K?tag=eloabder-20&linkCode=osi&th=1&psc=1"><img src="https://m.media-amazon.com/images/I/41Ts3dr3u3L._SL500_.jpg" alt="Product Image"></a><p>DEKOPRO Submersible Water Pump 1/3 HP 2450GPH Utility Pump Thermoplastic Electric Portable Transfer Water Pump with 10-Foot Cord for Pool Tub Garden Pond Draining</p><p> -32% 0FF </p><p>$40.99</p><a href="https://www.amazon.com/dp/B09ZV2364K?tag=eloabder-20&linkCode=osi&th=1&psc=1">View Product</a></div><div class="product"><a href="https://www.amazon.com/dp/B0CRKY91RW?tag=eloabder-20&linkCode=osi&th=1&psc=1"><img src="https://m.media-amazon.com/images/I/31v5rVK5BPL._SL500_.jpg" alt="Product Image"></a><p>Sump Pump Submersible 1.4HP 4800GPH Water Pump Electric for Portable Transfer Water Pump Sump Pumps Utility Pump with 8 Accessories for Pool Draining Basement, 120 Voltage</p><p> -21% 0FF </p><p>$49.00</p><a href="https://www.amazon.com/dp/B0CRKY91RW?tag=eloabder-20&linkCode=osi&th=1&psc=1">View Product</a></div><div class="product"><a href="https://www.amazon.com/dp/B09Y918453?tag=eloabder-20&linkCode=osi&th=1&psc=1"><img src="https://m.media-amazon.com/images/I/41rSFmVH4hL._SL500_.jpg" alt="Product Image"></a><p>FOTING Sump Pump 1HP 3960 GPH for Clean/Dirty Water Use, Thermoplastic Submersible Water Pump Utility Electric Portable Transfer Pump for Swimming Pool Garden Pond Basement Window Wells with 25ft Cord</p><p> -14% 0FF </p><p>$66.99</p><a href="https://www.amazon.com/dp/B09Y918453?tag=eloabder-20&linkCode=osi&th=1&psc=1">View Product</a></div>
<div class="product"><a href="https://www.amazon.com/dp/B085RV5SRY?tag=eloabder-20&linkCode=osi&th=1&psc=1"><img src="https://m.media-amazon.com/images/I/41Irw5yYT4L._SL500_.jpg" alt="Product Image"></a><p>(Pack of 10) EFIELD 1/2 Inch Pex Crimp Brass Full Port Shut-off Ball Valve for Hot and Cold Water, UPC Certified</p><p> -35% 0FF </p><p>$29.95 ($3.00 / Count)</p><a href="https://www.amazon.com/dp/B085RV5SRY?tag=eloabder-20&linkCode=osi&th=1&psc=1">View Product</a></div>
<div class="product"><a href="https://www.amazon.com/dp/B07MTK9Y31?tag=eloabder-20&linkCode=osi&th=1&psc=1"><img src="https://m.media-amazon.com/images/I/41w52vo9Q9L._SL500_.jpg" alt="Product Image"></a><p>GeilSpace 6 Pack 3/4" √ó 12" Pre-Cut Black Metal Pipe, Industrial Steel Fits Standard Three Quarters Inch Black Threaded Pipes and Fittings - Vintage DIY Industrial Shelving (3/4" √ó 12", Black)</p><p> -19% 0FF </p><p>$21.99 ($3.66 / Count)</p><a href="https://www.amazon.com/dp/B07MTK9Y31?tag=eloabder-20&linkCode=osi&th=1&psc=1">View Product</a></div><div class="product"><a href="https://www.amazon.com/dp/B000OHANEM?tag=eloabder-20&linkCode=osi&th=1&psc=1"><img src="https://m.media-amazon.com/images/I/51G4C0ueewL._SL500_.jpg" alt="Product Image"></a><p>Flex-Drain 51710 Flexible/Expandable Solid Drainage Pipe, 3.37in (Inside Diameter) by 12ft</p><p> -16% 0FF </p><p>$14.27</p><a href="https://www.amazon.com/dp/B000OHANEM?tag=eloabder-20&linkCode=osi&th=1&psc=1">View Product</a></div><div class="product"><a href="https://www.amazon.com/dp/B0009PU9CK?tag=eloabder-20&linkCode=osi&th=1&psc=1"><img src="https://m.media-amazon.com/images/I/31NqDYLrlqL._SL500_.jpg" alt="Product Image"></a><p>Rectorseal 25790 1-3/4-Ounce Tube No.5 Pipe Thread Sealant</p><p> -20% 0FF </p><p>$4.63 ($2.63 / Ounce)</p><a href="https://www.amazon.com/dp/B0009PU9CK?tag=eloabder-20&linkCode=osi&th=1&psc=1">View Product</a></div><div class="product"><a href="https://www.amazon.com/dp/B06XDK78GQ?tag=eloabder-20&linkCode=osi&th=1&psc=1"><img src="https://m.media-amazon.com/images/I/41h6Lm9j-EL._SL500_.jpg" alt="Product Image"></a><p>Hiware Drinking Straw Cleaner Brush Kit - (3-Size) 9-Piece Extra Long Pipe Cleaners, Straw Cleaning Brush For Tumbler, Sippy Cup, Bottle and Tube</p><p> -38% 0FF </p><p>$4.99</p><a href="https://www.amazon.com/dp/B06XDK78GQ?tag=eloabder-20&linkCode=osi&th=1&psc=1">View Product</a></div><div class="product"><a href="https://www.amazon.com/dp/B0D75YFQYX?tag=eloabder-20&linkCode=osi&th=1&psc=1"><img src="https://m.media-amazon.com/images/I/31eJKO5QnML._SL500_.jpg" alt="Product Image"></a><p>3/4 inch Water Pipe Repair Clamp,Emergency Pipe Repair Kit for Plastic and Metal Pipes,Suitable for PE/PVC pipe repair,Steel Pipes,Iron Pipes(19mm-21mm)</p><p> -20% 0FF </p><p>$9.99</p><a href="https://www.amazon.com/dp/B0D75YFQYX?tag=eloabder-20&linkCode=osi&th=1&psc=1">View Product</a></div>
<div class="product"><a href="https://www.amazon.com/dp/B098LMBLNW?tag=eloabder-20&linkCode=osi&th=1&psc=1"><img src="https://m.media-amazon.com/images/I/51g1okYsY5L._SL500_.jpg" alt="Product Image"></a><p>1/2" Pex Fittings, SUNGATOR 45 PCS 1/2 Inch Pex Fittings Set, 15 Each Elbow Tee Coupling Pex Fittings for Pex Pipe, No Lead Brass, ASTM F1807</p><p> -8% 0FF </p><p>$33.99</p><a href="https://www.amazon.com/dp/B098LMBLNW?tag=eloabder-20&linkCode=osi&th=1&psc=1">View Product</a></div><div class="product"><a href="https://www.amazon.com/dp/B0C3HBKCBY?tag=eloabder-20&linkCode=osi&th=1&psc=1"><img src="https://m.media-amazon.com/images/I/51PQ+3I4XiL._SL500_.jpg" alt="Product Image"></a><p>KOOTANS 66pcs Brass Pipe Fittings Assortment NPT Adapter Fitting, Reducer Bushing, Hex Nipple, Reducing Hex Coupling, Pipe Head Brass Plug Kit</p><p> -13% 0FF </p><p>$69.99</p><a href="https://www.amazon.com/dp/B0C3HBKCBY?tag=eloabder-20&linkCode=osi&th=1&psc=1">View Product</a></div>
<div class="product"><a href="https://www.amazon.com/dp/B08G1B6Z73?tag=eloabder-20&linkCode=osi&th=1&psc=1"><img src="https://m.media-amazon.com/images/I/41fPrg-ewYS._SL500_.jpg" alt="Product Image"></a><p>SANFU Polyurethane Recoil Air Compressor Hose 1/4"ID x 25FT Long Tail with Bend Restrictor,1/4‚Äù MNPT Fittings Brass Quick Coupler and Plug, Blue(25')</p><p> -50% 0FF </p><p>$8.99 ($0.36 / Foot)</p><a href="https://www.amazon.com/dp/B08G1B6Z73?tag=eloabder-20&linkCode=osi&th=1&psc=1">View Product</a></div><div class="product"><a href="https://www.amazon.com/dp/B0D227WPF7?tag=eloabder-20&linkCode=osi&th=1&psc=1"><img src="https://m.media-amazon.com/images/I/41YwBSYYHuL._SL500_.jpg" alt="Product Image"></a><p>SANFU Polyurethane(PU) Air Hose 1/4-Inch x 100ft Reinforced, lightweight, Flexible, 300PSI With 1/4‚Äù Swivel Aluminum Universal 3IN1 Coupler and Plug, 1PCS Safery Coupler, Bend Restrictor</p><p> -50% 0FF </p><p>$25.99 ($0.26 / Foot)</p><a href="https://www.amazon.com/dp/B0D227WPF7?tag=eloabder-20&linkCode=osi&th=1&psc=1">View Product</a></div><div class="product"><a href="https://www.amazon.com/dp/B09W4KSB5X?tag=eloabder-20&linkCode=osi&th=1&psc=1"><img src="https://m.media-amazon.com/images/I/51w1yQMw7aL._SL500_.jpg" alt="Product Image"></a><p>DAVCO 1/2" ID x 25 ft PVC Reinforced Tubing With Spiral Steel Wire, High Pressure Flexible Vinyl Hose Heavy Duty Clear Suction Tube,Non-Toxic, Vacuum Dust Collection Pipe</p><p> -50% 0FF </p><p>$16.99 ($0.68 / Foot)</p><a href="https://www.amazon.com/dp/B09W4KSB5X?tag=eloabder-20&linkCode=osi&th=1&psc=1">View Product</a></div>

<div class="product"><a href="https://www.amazon.com/dp/B0CYYYZRV9?tag=eloabder-20&linkCode=osi&th=1&psc=1"><img src="https://m.media-amazon.com/images/I/41glXO+YSbL._SL500_.jpg" alt="Product Image"></a><p>YAMASO 20 Pcs 608 2RS Ball Bearings ‚Äì Bearing Steel and Double Rubber Sealed Miniature Deep Groove Ball Bearings (8mm x 22mm x 7mm)</p><p> -8% 0FF </p><p>$5.49</p><a href="https://www.amazon.com/dp/B0CYYYZRV9?tag=eloabder-20&linkCode=osi&th=1&psc=1">View Product</a></div><div class="product"><a href="https://www.amazon.com/dp/B09PKD8QZZ?tag=eloabder-20&linkCode=osi&th=1&psc=1"><img src="https://m.media-amazon.com/images/I/41BYfJNmMoL._SL500_.jpg" alt="Product Image"></a><p>SHKI 20 Pcs 608 2RS Ball Bearings ‚Äì Bearing Steel and Double Rubber Sealed Miniature Deep Groove Ball Bearings (8mm x 22mm x 7mm) (608 2RS)</p><p> -40% 0FF </p><p>$5.99 ($0.30 / Count)</p><a href="https://www.amazon.com/dp/B09PKD8QZZ?tag=eloabder-20&linkCode=osi&th=1&psc=1">View Product</a></div><div class="product"><a href="https://www.amazon.com/dp/B073ST742Z?tag=eloabder-20&linkCode=osi&th=1&psc=1"><img src="https://m.media-amazon.com/images/I/51dWjQm393L._SL500_.jpg" alt="Product Image"></a><p>100 Pack 608-2RS Skateboard Bearing, Rolling Bearings, 8x22x7mm 608rs Bearing</p><p> -11% 0FF </p><p>$17.79</p><a href="https://www.amazon.com/dp/B073ST742Z?tag=eloabder-20&linkCode=osi&th=1&psc=1">View Product</a></div><div class="product"><a href="https://www.amazon.com/dp/B07216D1SZ?tag=eloabder-20&linkCode=osi&th=1&psc=1"><img src="https://m.media-amazon.com/images/I/41P6KPblNDL._SL500_.jpg" alt="Product Image"></a><p>Sackorange 608 ZZ Skateboard Bearings, Double Shielded,8x22x7 Miniature Ball BearingsÔºàPack of 20)</p><p> -29% 0FF </p><p>$7.79</p><a href="https://www.amazon.com/dp/B07216D1SZ?tag=eloabder-20&linkCode=osi&th=1&psc=1">View Product</a></div>
<div class="product"><a href="https://www.amazon.com/dp/B09KRGTLVM?tag=eloabder-20&linkCode=osi&th=1&psc=1"><img src="https://m.media-amazon.com/images/I/41zMlgeopqL._SL500_.jpg" alt="Product Image"></a><p>Vevitts Small Brushed Permanent Magnet Electric Motor for E Scooter Drive Speed Control 24V 350W 3000RPM</p><p> -20% 0FF </p><p>$39.98</p><a href="https://www.amazon.com/dp/B09KRGTLVM?tag=eloabder-20&linkCode=osi&th=1&psc=1">View Product</a></div><div class="product"><a href="https://www.amazon.com/dp/B01M58POHF?tag=eloabder-20&linkCode=osi&th=1&psc=1"><img src="https://m.media-amazon.com/images/I/41dQTChYsBL._SL500_.jpg" alt="Product Image"></a><p>AUTOTOOLHOME 6-12V Mini DC Motor High Torque Gear for Traxxas R/C and Power Wheels PCB DIY Electric Drill</p><p> -23% 0FF </p><p>$6.89</p><a href="https://www.amazon.com/dp/B01M58POHF?tag=eloabder-20&linkCode=osi&th=1&psc=1">View Product</a></div><div class="product"><a href="https://www.amazon.com/dp/B072R5G5GR?tag=eloabder-20&linkCode=osi&th=1&psc=1"><img src="https://m.media-amazon.com/images/I/41Z6ru+wWIL._SL500_.jpg" alt="Product Image"></a><p>Greartisan DC 12V 550RPM Gear Motor High Torque Electric Micro Speed Reduction Geared Motor Centric Output Shaft 37mm Diameter Gearbox</p><p> -6% 0FF </p><p>$14.99</p><a href="https://www.amazon.com/dp/B072R5G5GR?tag=eloabder-20&linkCode=osi&th=1&psc=1">View Product</a></div><div class="product"><a href="https://www.amazon.com/dp/B0CZVH445F?tag=eloabder-20&linkCode=osi&th=1&psc=1"><img src="https://m.media-amazon.com/images/I/51cTdXLKa7L._SL500_.jpg" alt="Product Image"></a><p>6Pcs 280 Micro DC Motors 3V-12V 13500RPM 0.5A with 2.8mm Insulated Connector & 6inch 20AWG Wire for RC Boat, DIY Airplane, Model Toys, 12V DC Motor Compatible</p><p> -23% 0FF </p><p>$9.99</p><a href="https://www.amazon.com/dp/B0CZVH445F?tag=eloabder-20&linkCode=osi&th=1&psc=1">View Product</a></div>
<div class="product"><a href="https://www.amazon.com/dp/B07L7XCSDW?tag=eloabder-20&linkCode=osi&th=1&psc=1"><img src="https://m.media-amazon.com/images/I/31lErudRYvL._SL500_.jpg" alt="Product Image"></a><p>DC HOUSE 12 Inch 12" High Speed 14mm/s Linear Actuator Motor 1000N DC12V with Mounting Brackets</p><p> -7% 0FF </p><p>$39.98</p><a href="https://www.amazon.com/dp/B07L7XCSDW?tag=eloabder-20&linkCode=osi&th=1&psc=1">View Product</a></div><div class="product"><a href="https://www.amazon.com/dp/B07X3Z68GV?tag=eloabder-20&linkCode=osi&th=1&psc=1"><img src="https://m.media-amazon.com/images/I/41j8dmqKsnS._SL500_.jpg" alt="Product Image"></a><p>Electric Micro Linear Actuator 12V - 1.2" Stroke, 64N/14.4lb, Speed 0.6inch/s Mini Waterproof Motion Actuator Small 12 V DC, w/Mounting Brackets, for Sofa Robotic TV Table Cabinet Window Opener Lift</p><p> -16% 0FF </p><p>$30.99 ($19.37 / oz)</p><a href="https://www.amazon.com/dp/B07X3Z68GV?tag=eloabder-20&linkCode=osi&th=1&psc=1">View Product</a></div><div class="product"><a href="https://www.amazon.com/dp/B0CRV927YC?tag=eloabder-20&linkCode=osi&th=1&psc=1"><img src="https://m.media-amazon.com/images/I/41dEUHSH6sL._SL500_.jpg" alt="Product Image"></a><p>ECO-WORTHY Linear Actuator Heavy Duty 3000N/660lbs with Mounting Brackets Multi-Function (12V, 12")</p><p> -18% 0FF </p><p>$59.99</p><a href="https://www.amazon.com/dp/B0CRV927YC?tag=eloabder-20&linkCode=osi&th=1&psc=1">View Product</a></div>
<div class="product"><a href="https://www.amazon.com/dp/B07H8GL44M?tag=eloabder-20&linkCode=osi&th=1&psc=1"><img src="https://m.media-amazon.com/images/I/41TaGFITM0L._SL500_.jpg" alt="Product Image"></a><p>FAERSI 22680-7S000 AF10141 for 2003-2014 Altima & 2006-14 Maxima & 07-13 Sentra & 05-15 Xterra & 2003-2015 Murano | Infiniti 08-13 G37 & 05-08 G35 & More MAF Mass Air Flow Sensor</p><p> -30% 0FF </p><p>$21.68</p><a href="https://www.amazon.com/dp/B07H8GL44M?tag=eloabder-20&linkCode=osi&th=1&psc=1">View Product</a></div><div class="product"><a href="https://www.amazon.com/dp/B08TRKL94H?tag=eloabder-20&linkCode=osi&th=1&psc=1"><img src="https://m.media-amazon.com/images/I/314giu3g36L._SL500_.jpg" alt="Product Image"></a><p>Carbon Monoxide Detector,CO Gas Monitor Alarm Detector,CO Sensor with LED Digital Display for Home,Depot,Battery Powered</p><p> -5% 0FF </p><p>$11.99</p><a href="https://www.amazon.com/dp/B08TRKL94H?tag=eloabder-20&linkCode=osi&th=1&psc=1">View Product</a></div><div class="product"><a href="https://www.amazon.com/dp/B092HK5NJB?tag=eloabder-20&linkCode=osi&th=1&psc=1"><img src="https://m.media-amazon.com/images/I/41RyuQ28lQS._SL500_.jpg" alt="Product Image"></a><p>Marsflex TPMS Sensor, 13598772 for GM 315Mhz, Tire Pressure Monitoring Sensor Compatible with Buick Chevy Cadillac GMC, Tire Pressure Sensor Replacement 13586335,13598771 4 Pack</p><p> -21% 0FF </p><p>$23.81</p><a href="https://www.amazon.com/dp/B092HK5NJB?tag=eloabder-20&linkCode=osi&th=1&psc=1">View Product</a></div><div class="product"><a href="https://www.amazon.com/dp/B0DCBDS359?tag=eloabder-20&linkCode=osi&th=1&psc=1"><img src="https://m.media-amazon.com/images/I/519A7-IMkBL._SL500_.jpg" alt="Product Image"></a><p>Dual Knock Sensors with Wiring Harness and Intake Manifold Gasket Kit | for Chevy Silverado Avalanche Tahoe, GMC Sierra Yukon, Cadillac Hummer & More GM Vehicles | Replace# 12601822,213-3521,89060413</p><p> -6% 0FF </p><p>$33.99</p><a href="https://www.amazon.com/dp/B0DCBDS359?tag=eloabder-20&linkCode=osi&th=1&psc=1">View Product</a></div><div class="product"><a href="https://www.amazon.com/dp/B0CZP2DRW1?tag=eloabder-20&linkCode=osi&th=1&psc=1"><img src="https://m.media-amazon.com/images/I/31CtLXOX-tL._SL500_.jpg" alt="Product Image"></a><p>Mass Air Flow Sensor MAF Fit for 2007-2009 Avalanche Yukon Tahoe Sierra Silverado Suburban 1500 2500 3500 Replace 2451149 MA198 7410146 5S8048 15900023</p><p> -5% 0FF </p><p>$40.99</p><a href="https://www.amazon.com/dp/B0CZP2DRW1?tag=eloabder-20&linkCode=osi&th=1&psc=1">View Product</a></div>
<div class="product"><a href="https://www.amazon.com/dp/B0002YXE7K?tag=eloabder-20&linkCode=osi&th=1&psc=1"><img src="https://m.media-amazon.com/images/I/41hV+B-cOEL._SL500_.jpg" alt="Product Image"></a><p>Titebond, 8 oz, 8 Fl Oz</p><p> -46% 0FF </p><p>$6.51 ($0.81 / Fl Oz)</p><a href="https://www.amazon.com/dp/B0002YXE7K?tag=eloabder-20&linkCode=osi&th=1&psc=1">View Product</a></div><div class="product"><a href="https://www.amazon.com/dp/B077Z6LF91?tag=eloabder-20&linkCode=osi&th=1&psc=1"><img src="https://m.media-amazon.com/images/I/41IeFkWcsyL._SL500_.jpg" alt="Product Image"></a><p>APERA INSTRUMENTS AI209-T Value Series PH20 pH Tester Combo Kit, including the Maintenance Set, and a CalPod Solution Holder for Easy Calibration</p><p> -25% 0FF </p><p>$79.13</p><a href="https://www.amazon.com/dp/B077Z6LF91?tag=eloabder-20&linkCode=osi&th=1&psc=1">View Product</a></div><div class="product"><a href="https://www.amazon.com/dp/B09JV7Y9SZ?tag=eloabder-20&linkCode=osi&th=1&psc=1"><img src="https://m.media-amazon.com/images/I/31TckTV+diL._SL500_.jpg" alt="Product Image"></a><p>Dental Code Rings Instrument 100pcs Dental Color Code Rings Non‚Äë Silicone Dental Color Code Rings Accessory Supplies(02)</p><p> -32% 0FF </p><p>$4.29 ($4.29 / Count)</p><a href="https://www.amazon.com/dp/B09JV7Y9SZ?tag=eloabder-20&linkCode=osi&th=1&psc=1">View Product</a></div>
<div class="product"><a href="https://www.amazon.com/dp/B01NASZ0UM?tag=eloabder-20&linkCode=osi&th=1&psc=1"><img src="https://m.media-amazon.com/images/I/31MgtNuzDdL._SL500_.jpg" alt="Product Image"></a><p>BN-LINK Wireless Remote Control Electrical Outlet Switch for Lights, Fans, Christmas Lights, Small Appliance, Long Range White (Learning Code, 3Rx-1Tx) 1200W/10A</p><p> -43% 0FF </p><p>$16.99</p><a href="https://www.amazon.com/dp/B01NASZ0UM?tag=eloabder-20&linkCode=osi&th=1&psc=1">View Product</a></div><div class="product"><a href="https://www.amazon.com/dp/B0CTH8XDKW?tag=eloabder-20&linkCode=osi&th=1&psc=1"><img src="https://m.media-amazon.com/images/I/31-PaaCxdfL._SL500_.jpg" alt="Product Image"></a><p>DEWENWILS Indoor Remote Control Outlet, Wireless Remote Outlets Switch, 200FT Range, Remote Light Switch for Lights, Fans, Christmas Lights, 15A/1800WÔºåFCC & ETL Listed (5 Outlets + 2 Remotes)</p><p> -19% 0FF </p><p>$23.39</p><a href="https://www.amazon.com/dp/B0CTH8XDKW?tag=eloabder-20&linkCode=osi&th=1&psc=1">View Product</a></div><div class="product"><a href="https://www.amazon.com/dp/B072F9DGRL?tag=eloabder-20&linkCode=osi&th=1&psc=1"><img src="https://m.media-amazon.com/images/I/417lNJFodCS._SL500_.jpg" alt="Product Image"></a><p>Fosmon WavePoint Wireless Remote Control Outdoor Electrical Outlet Switch Weatherproof Heavy Duty 3-Prong Plug-in ETL Listed (Battery Included) 1 Pack</p><p> -50% 0FF </p><p>$11.08</p><a href="https://www.amazon.com/dp/B072F9DGRL?tag=eloabder-20&linkCode=osi&th=1&psc=1">View Product</a></div><div class="product"><a href="https://www.amazon.com/dp/B09X2W2TRT?tag=eloabder-20&linkCode=osi&th=1&psc=1"><img src="https://m.media-amazon.com/images/I/31PoJZqeG-L._SL500_.jpg" alt="Product Image"></a><p>DEWENWILS Indoor Remote Control Outlet, Wireless Remote Light Switch, No Interference Remote Outlet Switch, No Wiring, 15A/1875W, 100ft RF Range, Compact Design, Programmable</p><p> -11% 0FF </p><p>$12.99</p><a href="https://www.amazon.com/dp/B09X2W2TRT?tag=eloabder-20&linkCode=osi&th=1&psc=1">View Product</a></div><div class="product"><a href="https://www.amazon.com/dp/B07CYKNDC2?tag=eloabder-20&linkCode=osi&th=1&psc=1"><img src="https://m.media-amazon.com/images/I/31Fu9a5ikOL._SL500_.jpg" alt="Product Image"></a><p>BN-LINK Mini Wireless Remote Control Outlet Switch Power Plug In for Household Appliances, Wireless Remote Light Switch, LED Light Bulbs, White (1 Remote + 3 Outlet) 1250W/10A</p><p> -11% 0FF </p><p>$15.99</p><a href="https://www.amazon.com/dp/B07CYKNDC2?tag=eloabder-20&linkCode=osi&th=1&psc=1">View Product</a></div>
<div class="product"><a href="https://www.amazon.com/dp/B01AKGRTUM?tag=eloabder-20&linkCode=osi&th=1&psc=1"><img src="https://m.media-amazon.com/images/I/41UKqiyvz6L._SL500_.jpg" alt="Product Image"></a><p>Oral-B Pro 1000 Rechargeable Electric Toothbrush, Black</p><p> -29% 0FF </p><p>$49.94</p><a href="https://www.amazon.com/dp/B01AKGRTUM?tag=eloabder-20&linkCode=osi&th=1&psc=1">View Product</a></div><div class="product"><a href="https://www.amazon.com/dp/B0D6Y9PJJ3?tag=eloabder-20&linkCode=osi&th=1&psc=1"><img src="https://m.media-amazon.com/images/I/31CUz26rR-L._SL500_.jpg" alt="Product Image"></a><p>3Pack Car Carplay Cable for iPhone 16 15 Pro Max 15 Plus Car Charger, USB to USB C Cable 3FT for Car Charger Adapter, Carplay USB C Cord Accessories Charging for iPad 10th Gen/iPad Pro Air 5th-White</p><p> -30% 0FF </p><p>$13.99</p><a href="https://www.amazon.com/dp/B0D6Y9PJJ3?tag=eloabder-20&linkCode=osi&th=1&psc=1">View Product</a></div><div class="product"><a href="https://www.amazon.com/dp/B07DFFYCXS?tag=eloabder-20&linkCode=osi&th=1&psc=1"><img src="https://m.media-amazon.com/images/I/41NIsYLJG1L._SL500_.jpg" alt="Product Image"></a><p>Digital Caliper, Adoric 0-6" Calipers Measuring Tool - Electronic Micrometer Caliper with Large LCD Screen, Auto-Off Feature, Inch and Millimeter Conversion</p><p> -42% 0FF </p><p>$6.99</p><a href="https://www.amazon.com/dp/B07DFFYCXS?tag=eloabder-20&linkCode=osi&th=1&psc=1">View Product</a></div><div class="product"><a href="https://www.amazon.com/dp/B0CR3S4Y5V?tag=eloabder-20&linkCode=osi&th=1&psc=1"><img src="https://m.media-amazon.com/images/I/417gCCQxz9L._SL500_.jpg" alt="Product Image"></a><p>iPhone Charger 3Pack 10FT Apple MFi Certified Lightning Cable Fast Charging iPhone Charger Cord Compatible with iPhone 14 13 12 11 Pro Max XR XS X 8 7 6 Plus SE and More - Colorful</p><p> -64% 0FF </p><p>$9.99</p><a href="https://www.amazon.com/dp/B0CR3S4Y5V?tag=eloabder-20&linkCode=osi&th=1&psc=1">View Product</a></div><div class="product"><a href="https://www.amazon.com/dp/B0DBHTZ6CD?tag=eloabder-20&linkCode=osi&th=1&psc=1"><img src="https://m.media-amazon.com/images/I/41-NMv8UKZL._SL500_.jpg" alt="Product Image"></a><p>iPhone Charger 3pack 10FT Apple MFi Certified Long Lightning Cable Fast Charging Nylon Braided USB Charging Cable High Speed Transfer Cord for iPhone 14 13/12/11 Pro Max/XS MAX/XR/XS/X/8/7/Plus/6S</p><p> -30% 0FF </p><p>$6.99</p><a href="https://www.amazon.com/dp/B0DBHTZ6CD?tag=eloabder-20&linkCode=osi&th=1&psc=1">View Product</a></div>
<div class="product"><a href="https://www.amazon.com/dp/B09YSJQWRG?tag=eloabder-20&linkCode=osi&th=1&psc=1"><img src="https://m.media-amazon.com/images/I/413B1lBD-hL._SL500_.jpg" alt="Product Image"></a><p>Jesverty DC Power Supply Variable, 0-30V 0-10A Adjustable Switching DC Regulated Bench Power Supply with High Precision 4-Digit LED Display, 5V/2A USB Port, Coarse and Fine Adjustment SPS-3010</p><p> -9% 0FF </p><p>$59.99</p><a href="https://www.amazon.com/dp/B09YSJQWRG?tag=eloabder-20&linkCode=osi&th=1&psc=1">View Product</a></div><div class="product"><a href="https://www.amazon.com/dp/B0C17NLZNH?tag=eloabder-20&linkCode=osi&th=1&psc=1"><img src="https://m.media-amazon.com/images/I/41zjhhWu9lL._SL500_.jpg" alt="Product Image"></a><p>DC Power Supply Variable, 32V 10A Bench Power Supply with Encoder Knob, 4-Digits Display, Adjustable Regulated lab Power Supply with 5V 3.6A USB & Type-C Quick-Charge, Output Switch</p><p> -30% 0FF </p><p>$59.99</p><a href="https://www.amazon.com/dp/B0C17NLZNH?tag=eloabder-20&linkCode=osi&th=1&psc=1">View Product</a></div><div class="product"><a href="https://www.amazon.com/dp/B09BFCF13Y?tag=eloabder-20&linkCode=osi&th=1&psc=1"><img src="https://m.media-amazon.com/images/I/51J2ypqHaML._SL500_.jpg" alt="Product Image"></a><p>DC Power Supply Variable, Bench Power Supply with Encoder Adjustment Knob, Output Enable/Disable Button, Adjustable Power Supply with USB Quick-Charge, Short Circuit Alam (30V 10A Black)</p><p> -43% 0FF </p><p>$39.99</p><a href="https://www.amazon.com/dp/B09BFCF13Y?tag=eloabder-20&linkCode=osi&th=1&psc=1">View Product</a></div><div class="product"><a href="https://www.amazon.com/dp/B0CLY9B5XL?tag=eloabder-20&linkCode=osi&th=1&psc=1"><img src="https://m.media-amazon.com/images/I/41Z-aOJT4pL._SL500_.jpg" alt="Product Image"></a><p>Jesverty DC Power Supply Variable, 0-30V 0-10A Adjustable Switching DC Regulated Bench Power Supply with 20W USB & Type-C Quick-Charge, Encoder Knob, 4-Digit LED Display, Preset Memory - SPS-3010X</p><p> -39% 0FF </p><p>$39.99</p><a href="https://www.amazon.com/dp/B0CLY9B5XL?tag=eloabder-20&linkCode=osi&th=1&psc=1">View Product</a></div><div class="product"><a href="https://www.amazon.com/dp/B00R5CI1W0?tag=eloabder-20&linkCode=osi&th=1&psc=1"><img src="https://m.media-amazon.com/images/I/41ffWbR+GVL._SL500_.jpg" alt="Product Image"></a><p>MEAN WELL NDR-120-24 Single Output Industrial DIN Rail Power Supply, 24 Volts 5 Amps 120 Watts</p><p> -19% 0FF </p><p>$27.00</p><a href="https://www.amazon.com/dp/B00R5CI1W0?tag=eloabder-20&linkCode=osi&th=1&psc=1">View Product</a></div><div class="product"><a href="https://www.amazon.com/dp/B07512KQDW?tag=eloabder-20&linkCode=osi&th=1&psc=1"><img src="https://m.media-amazon.com/images/I/41Z+0wP-6xL._SL500_.jpg" alt="Product Image"></a><p>DC Power Supply Variable,0-30 V / 0-10 A LW-K3010D Adjustable Switching Regulated Power Supply Digital,with Alligator Leads US Power Cord Used for Spectrophotometer and lab Equipment Repair</p><p> -9% 0FF </p><p>$38.99</p><a href="https://www.amazon.com/dp/B07512KQDW?tag=eloabder-20&linkCode=osi&th=1&psc=1">View Product</a></div><div class="product"><a href="https://www.amazon.com/dp/B0CGX39NMK?tag=eloabder-20&linkCode=osi&th=1&psc=1"><img src="https://m.media-amazon.com/images/I/41IyjEYE7iL._SL500_.jpg" alt="Product Image"></a><p>Abestop AT6301 DC Power Supply Variable, 60V/10A/300W Adjustable Bench Power Supply with 10mV / 1mA High Resolution 4-Digits 2.8 inch LCD Display, 5V/1A USB Output</p><p> -11% 0FF </p><p>$129.99</p><a href="https://www.amazon.com/dp/B0CGX39NMK?tag=eloabder-20&linkCode=osi&th=1&psc=1">View Product</a></div>
<div class="product"><a href="https://www.amazon.com/dp/B0BD772SK3?tag=eloabder-20&linkCode=osi&th=1&psc=1"><img src="https://m.media-amazon.com/images/I/516CGhpMaUL._SL500_.jpg" alt="Product Image"></a><p>LED Garage Lights Bulb 2 Pack 180W 18000LM 6500K Led Shop Light with 6 Plus 1 Deformable Panels Basement Barn Ceiling Lights E26 and E27</p><p> -13% 0FF </p><p>$25.99 ($13.00 / Count)</p><a href="https://www.amazon.com/dp/B0BD772SK3?tag=eloabder-20&linkCode=osi&th=1&psc=1">View Product</a></div><div class="product"><a href="https://www.amazon.com/dp/B087JDFH4K?tag=eloabder-20&linkCode=osi&th=1&psc=1"><img src="https://m.media-amazon.com/images/I/310SxRkxkfL._SL500_.jpg" alt="Product Image"></a><p>Amico 6 Pack 6 Inch 5CCT Ultra-Thin LED Recessed Ceiling Light with Junction Box, 2700K/3000K/3500K/4000K/5000K Selectable, 12W Eqv 110W 1050LM Brightness Dimmable Canless Wafer Downlight, ETL & FCC</p><p> -29% 0FF </p><p>$49.99 ($8.33 / Count)</p><a href="https://www.amazon.com/dp/B087JDFH4K?tag=eloabder-20&linkCode=osi&th=1&psc=1">View Product</a></div><div class="product"><a href="https://www.amazon.com/dp/B0BZJ9MTST?tag=eloabder-20&linkCode=osi&th=1&psc=1"><img src="https://m.media-amazon.com/images/I/41nTB2ouhZL._SL500_.jpg" alt="Product Image"></a><p>Amico 36 Pack 6 Inch 5CCT Ultra-Thin LED Recessed Ceiling Light with Junction Box, 2700K/3000K/3500K/4000K/5000K Selectable, 12W Eqv 110W, Dimmable Can-Killer Downlight, 1050LM Brightness - ETL&FCC</p><p> -22% 0FF </p><p>$179.99 ($5.00 / Count)</p><a href="https://www.amazon.com/dp/B0BZJ9MTST?tag=eloabder-20&linkCode=osi&th=1&psc=1">View Product</a></div><div class="product"><a href="https://www.amazon.com/dp/B0B8MJV3HN?tag=eloabder-20&linkCode=osi&th=1&psc=1"><img src="https://m.media-amazon.com/images/I/51J2PJDbNgL._SL500_.jpg" alt="Product Image"></a><p>Ensenior 24 Pack 6 Inch LED Recessed Ceiling Light, Dimmable, 2700K-5000K 5CCT, 1050LM 12W 120V, High Brightness Canless Wafer Downlight - ETL&FCC&IC</p><p> -14% 0FF </p><p>$162.48 ($6.77 / Count)</p><a href="https://www.amazon.com/dp/B0B8MJV3HN?tag=eloabder-20&linkCode=osi&th=1&psc=1">View Product</a></div><div class="product"><a href="https://www.amazon.com/dp/B09QHSY5CP?tag=eloabder-20&linkCode=osi&th=1&psc=1"><img src="https://m.media-amazon.com/images/I/514QSD+bYiL._SL500_.jpg" alt="Product Image"></a><p>2 Pack LED Garage Light, 200W 20000LM 6500K LED Shop Lights, Garage Lights Ceiling Led with 6+1 Deformable Panels, Screw in E26/E27 Socket Bulb for Warehouse, Workshop, Basement, Barn, Garage Lighting</p><p> -18% 0FF </p><p>$26.99 ($13.50 / Count)</p><a href="https://www.amazon.com/dp/B09QHSY5CP?tag=eloabder-20&linkCode=osi&th=1&psc=1">View Product</a></div><div class="product"><a href="https://www.amazon.com/dp/B085SZQCL7?tag=eloabder-20&linkCode=osi&th=1&psc=1"><img src="https://m.media-amazon.com/images/I/41is51nuuHL._SL500_.jpg" alt="Product Image"></a><p>6 Pack 4FT Linkable LED Shop Light, Utility Shop Light Fixture, 4400lm, 42W [250W Equivalent], 5000K Daylight Shop Lights for Garage, Hanging or Surface Mount, with Power Cord, ETL, Black</p><p> -29% 0FF </p><p>$49.69 ($24.84 / Count)</p><a href="https://www.amazon.com/dp/B085SZQCL7?tag=eloabder-20&linkCode=osi&th=1&psc=1">View Product</a></div>
<div class="product"><a href="https://www.amazon.com/dp/B00075M1T6?tag=eloabder-20&linkCode=osi&th=1&psc=1"><img src="https://m.media-amazon.com/images/I/31Qodi9u+XL._SL500_.jpg" alt="Product Image"></a><p>Sunbeam¬Æ Heating Pad Standard Size</p><p> -28% 0FF </p><p>$17.99</p><a href="https://www.amazon.com/dp/B00075M1T6?tag=eloabder-20&linkCode=osi&th=1&psc=1">View Product</a></div><div class="product"><a href="https://www.amazon.com/dp/B08MV3Z3GK?tag=eloabder-20&linkCode=osi&th=1&psc=1"><img src="https://m.media-amazon.com/images/I/51D3Ss7U1DL._SL500_.jpg" alt="Product Image"></a><p>GENIANI King Size Heating Pad for Back Pain & Cramps Relief, FSA HSA Eligible, Auto Shut Off, Machine Washable, Moist Heat Pad for Neck & Shoulder, Knee, Leg, Heat Patches 12'‚Äò√ó24‚Äô‚Äô(Aqua Blue)</p><p> -38% 0FF </p><p>$24.97</p><a href="https://www.amazon.com/dp/B08MV3Z3GK?tag=eloabder-20&linkCode=osi&th=1&psc=1">View Product</a></div><div class="product"><a href="https://www.amazon.com/dp/B0B3MBQC57?tag=eloabder-20&linkCode=osi&th=1&psc=1"><img src="https://m.media-amazon.com/images/I/51nlW3dSxQL._SL500_.jpg" alt="Product Image"></a><p>Heating Pad for Back Pain Relief, Extra Large 33 x 17, Portable Heating Pad for Shoulder, Neck, Cramp, Menstrual Pain, with Upgraded 6 Timer & 6 Temperature Controller</p><p> -56% 0FF </p><p>$39.99 ($1.28 / Ounce)</p><a href="https://www.amazon.com/dp/B0B3MBQC57?tag=eloabder-20&linkCode=osi&th=1&psc=1">View Product</a></div><div class="product"><a href="https://www.amazon.com/dp/B00LX5CR0M?tag=eloabder-20&linkCode=osi&th=1&psc=1"><img src="https://m.media-amazon.com/images/I/51OIEWerJUL._SL500_.jpg" alt="Product Image"></a><p>Sunbeam Heating Pad for Neck & Shoulder Pain Relief, XL Renue, 4 Heat Settings with Auto-Off, Blue, 25-Inch x 25-Inch, Sapphire</p><p> -8% 0FF </p><p>$59.99</p><a href="https://www.amazon.com/dp/B00LX5CR0M?tag=eloabder-20&linkCode=osi&th=1&psc=1">View Product</a></div>
<div class="product"><a href="https://www.amazon.com/dp/B00L2LTYDK?tag=eloabder-20&linkCode=osi&th=1&psc=1"><img src="https://m.media-amazon.com/images/I/418TOAEPGxL._SL500_.jpg" alt="Product Image"></a><p>Ergodyne Chill Its 6602 Cooling Towel, Long Lasting Cooling Relief, Gray 29.50" x 13.00"</p><p> -88% 0FF </p><p>$6.23</p><a href="https://www.amazon.com/dp/B00L2LTYDK?tag=eloabder-20&linkCode=osi&th=1&psc=1">View Product</a></div><div class="product"><a href="https://www.amazon.com/dp/B08SHJ47JL?tag=eloabder-20&linkCode=osi&th=1&psc=1"><img src="https://m.media-amazon.com/images/I/41wR--y8NxL._SL500_.jpg" alt="Product Image"></a><p>Arctic Air Freedom Personal Air Cooler - Portable 3-Speed Neck Fan, Hands-Free Wearable Design, Lightweight, Cordless And Rechargeable</p><p> -34% 0FF </p><p>$19.65</p><a href="https://www.amazon.com/dp/B08SHJ47JL?tag=eloabder-20&linkCode=osi&th=1&psc=1">View Product</a></div><div class="product"><a href="https://www.amazon.com/dp/B003FO2B5U?tag=eloabder-20&linkCode=osi&th=1&psc=1"><img src="https://m.media-amazon.com/images/I/41fgkBDrkxL._SL500_.jpg" alt="Product Image"></a><p>Cool Coolers by Fit + Fresh, 4 Pack Slim Ice Packs, Space Saving Reusable Ice Packs for Lunch Boxes or Coolers, Blue, Single Pack</p><p> -6% 0FF </p><p>$9.44</p><a href="https://www.amazon.com/dp/B003FO2B5U?tag=eloabder-20&linkCode=osi&th=1&psc=1">View Product</a></div><div class="product"><a href="https://www.amazon.com/dp/B008A6M34C?tag=eloabder-20&linkCode=osi&th=1&psc=1"><img src="https://m.media-amazon.com/images/I/41ytzrZrLcL._SL500_.jpg" alt="Product Image"></a><p>FlexiKold Gel Soft Flexible Ice Packs for Injuries - Reusable Freezer Cold Pack, Cold Compress & Cooling Gel Pad for Face, Shoulder, Hip, Leg, Arm, Ankle & Foot Injury - Medium - 7.5‚Äù x 11.5‚Äù</p><p> -56% 0FF </p><p>$10.99 ($10.99 / Count)</p><a href="https://www.amazon.com/dp/B008A6M34C?tag=eloabder-20&linkCode=osi&th=1&psc=1">View Product</a></div><div class="product"><a href="https://www.amazon.com/dp/B00GAU74IK?tag=eloabder-20&linkCode=osi&th=1&psc=1"><img src="https://m.media-amazon.com/images/I/41n1pSkwTeL._SL500_.jpg" alt="Product Image"></a><p>BEKOOOL Soft Gel Sheets for Kids for Cooling Relief from Fever discomfort | 4 Count</p><p> -33% 0FF </p><p>$3.99 ($1.00 / Count)</p><a href="https://www.amazon.com/dp/B00GAU74IK?tag=eloabder-20&linkCode=osi&th=1&psc=1">View Product</a></div><div class="product"><a href="https://www.amazon.com/dp/B0CMJMB9J2?tag=eloabder-20&linkCode=osi&th=1&psc=1"><img src="https://m.media-amazon.com/images/I/41t6as6YB8L._SL500_.jpg" alt="Product Image"></a><p>TheraICE Shoulder Ice Pack Wrap/Reusable Ice Pack for Rotator Cuff & Shoulder Pain Relief Cold Therapy Compression/FocusZone Technology with Extra Cooling Support for Targeted Pain Relief</p><p> -33% 0FF </p><p>$39.95 ($39.95 / Count)</p><a href="https://www.amazon.com/dp/B0CMJMB9J2?tag=eloabder-20&linkCode=osi&th=1&psc=1">View Product</a></div>
<div class="product"><a href="https://www.amazon.com/dp/B07SHB2WF9?tag=eloabder-20&linkCode=osi&th=1&psc=1"><img src="https://m.media-amazon.com/images/I/51jQaLCBOvL._SL500_.jpg" alt="Product Image"></a><p>VIVOSUN 4 Inch 190 CFM Inline Fan with Speed Controller, 4 Inch Carbon Filter and 8 Feet of Ducting, Temperature Humidity Monitor for Grow Tent Ventilation</p><p> -16% 0FF </p><p>$129.99</p><a href="https://www.amazon.com/dp/B07SHB2WF9?tag=eloabder-20&linkCode=osi&th=1&psc=1">View Product</a></div><div class="product"><a href="https://www.amazon.com/dp/B01C82SYZ0?tag=eloabder-20&linkCode=osi&th=1&psc=1"><img src="https://m.media-amazon.com/images/I/412vSql4EpL._SL500_.jpg" alt="Product Image"></a><p>VIVOSUN 4 Inch Inline Duct Fan 100 CFM, HVAC Exhaust Ventilation Fan with Low Noise for Basements, Bathrooms, Kitchens and Attics, Silver</p><p> -8% 0FF </p><p>$22.99</p><a href="https://www.amazon.com/dp/B01C82SYZ0?tag=eloabder-20&linkCode=osi&th=1&psc=1">View Product</a></div><div class="product"><a href="https://www.amazon.com/dp/B0D2P8ZHLD?tag=eloabder-20&linkCode=osi&th=1&psc=1"><img src="https://m.media-amazon.com/images/I/41Y+uClljFL._SL500_.jpg" alt="Product Image"></a><p>Multifunctional 3D Printer Enclosure w/Adjustable Ventilation Kit Eliminate Odors Tent Cover Compatible with Anycubic Photon Mono, Elegoo Saturn/Mars 3/4 & Creality Halot Series Resin 3D Printer</p><p> -6% 0FF </p><p>$65.88</p><a href="https://www.amazon.com/dp/B0D2P8ZHLD?tag=eloabder-20&linkCode=osi&th=1&psc=1">View Product</a></div><div class="product"><a href="https://www.amazon.com/dp/B0CS6K1TM4?tag=eloabder-20&linkCode=osi&th=1&psc=1"><img src="https://m.media-amazon.com/images/I/51Xfkoo1eTL._SL500_.jpg" alt="Product Image"></a><p>HOCENWAY Upgrade 3-Layers Filter System Smoke Exhaust Kit with 5000RPM Fan and Speed Control Power Adapter for All Laser Engraver 3D Printer Enclosure Tent Cover DIY (Ventilation Kit)</p><p> -8% 0FF </p><p>$27.48</p><a href="https://www.amazon.com/dp/B0CS6K1TM4?tag=eloabder-20&linkCode=osi&th=1&psc=1">View Product</a></div>
<div class="product"><a href="https://www.amazon.com/dp/B086QNLBB4?tag=eloabder-20&linkCode=osi&th=1&psc=1"><img src="https://m.media-amazon.com/images/I/41qiFymeklL._SL500_.jpg" alt="Product Image"></a><p>Waterdrop Gravity Water Filter Straw, Camping Water Filtration System, Water Purifier Survival for Travel, Backpacking and Emergency Preparedness, 1.5 gal Bag, 0.1 Micron, 5 Stage Filtration</p><p> -7% 0FF </p><p>$39.99</p><a href="https://www.amazon.com/dp/B086QNLBB4?tag=eloabder-20&linkCode=osi&th=1&psc=1">View Product</a></div><div class="product"><a href="https://www.amazon.com/dp/B0BBQNZK7Y?tag=eloabder-20&linkCode=osi&th=1&psc=1"><img src="https://m.media-amazon.com/images/I/41uwbKvNw5L._SL500_.jpg" alt="Product Image"></a><p>SimPure V7 Under Sink Water Filter, 5-Stage Stainless Steel Water Filtration System Direct Connect to Kitchen Faucet, Reduces 99% Lead, Chlorine, Bad Taste, 20K Gallons (No Drilling Required)</p><p> -18% 0FF </p><p>$65.99 ($30.00 / kg)</p><a href="https://www.amazon.com/dp/B0BBQNZK7Y?tag=eloabder-20&linkCode=osi&th=1&psc=1">View Product</a></div><div class="product"><a href="https://www.amazon.com/dp/B07CHXVRS5?tag=eloabder-20&linkCode=osi&th=1&psc=1"><img src="https://m.media-amazon.com/images/I/41KdIPuSgRL._SL500_.jpg" alt="Product Image"></a><p>iSpring US31 Classic 3-Stage Under Sink Water Filtration System for Drinking, Tankless, High Capacity, Sediment + Carbon + Carbon (Newest Version)</p><p> -26% 0FF </p><p>$101.16</p><a href="https://www.amazon.com/dp/B07CHXVRS5?tag=eloabder-20&linkCode=osi&th=1&psc=1">View Product</a></div><div class="product"><a href="https://www.amazon.com/dp/B00QFXGSIY?tag=eloabder-20&linkCode=osi&th=1&psc=1"><img src="https://m.media-amazon.com/images/I/31c5SLHf3GL._SL500_.jpg" alt="Product Image"></a><p>Survivor Filter PRO - Hand Pump Camping Water Filtration System Survival - Water Purifier Survival</p><p> -20% 0FF </p><p>$55.96</p><a href="https://www.amazon.com/dp/B00QFXGSIY?tag=eloabder-20&linkCode=osi&th=1&psc=1">View Product</a></div>
<div class="product"><a href="https://www.amazon.com/dp/B0D8NXKXBK?tag=eloabder-20&linkCode=osi&th=1&psc=1"><img src="https://m.media-amazon.com/images/I/31sV17bo3CL._SL500_.jpg" alt="Product Image"></a><p>Pro Electric Water Purifier Survival w/Hand Pump, Portable Water Filter Camping Backpacking Hiking Outdoor Travel Emergency, Water Filtration System Survival, Water Purification Tablets Alternative</p><p> -20% 0FF </p><p>$79.99</p><a href="https://www.amazon.com/dp/B0D8NXKXBK?tag=eloabder-20&linkCode=osi&th=1&psc=1">View Product</a></div><div class="product"><a href="https://www.amazon.com/dp/B07PZBY7RL?tag=eloabder-20&linkCode=osi&th=1&psc=1"><img src="https://m.media-amazon.com/images/I/41YJFTk3wDL._SL500_.jpg" alt="Product Image"></a><p>Invigorated Water Alkaline Water Purification Unit, White, Plastic, pH001 Filter Included, Convenient Anti-Slip Design</p><p> -36% 0FF </p><p>$50.00</p><a href="https://www.amazon.com/dp/B07PZBY7RL?tag=eloabder-20&linkCode=osi&th=1&psc=1">View Product</a></div>
<div class="product"><a href="https://www.amazon.com/dp/B0CJ1B6D6S?tag=eloabder-20&linkCode=osi&th=1&psc=1"><img src="https://m.media-amazon.com/images/I/41Upf8lJ6ML._SL500_.jpg" alt="Product Image"></a><p>Scrub Daddy Scrub Mommy Sponges - Dish Scrubber + Non-Scratch Cleaning Sponges Kitchen, Bathroom + Multi-Surface Safe - Dual-Sided Dish Sponges for Scrubbing - Online Exclusive (3 Count)</p><p> -7% 0FF </p><p>$13.00 ($4.33 / Count)</p><a href="https://www.amazon.com/dp/B0CJ1B6D6S?tag=eloabder-20&linkCode=osi&th=1&psc=1">View Product</a></div><div class="product"><a href="https://www.amazon.com/dp/B07HF1GTYN?tag=eloabder-20&linkCode=osi&th=1&psc=1"><img src="https://m.media-amazon.com/images/I/61pFb41tDhL._SL500_.jpg" alt="Product Image"></a><p>Tamicy Mop Slippers Shoes 5 Pairs (10 Pieces) - Microfiber Cleaning House Mop Slippers Floor Cleaning Tools Shoe Cover Soft Washable Reusable Microfiber Foot Socks Floor Cleaning Tools Shoe Cover</p><p> -58% 0FF </p><p>$9.98 ($2.00 / Count)</p><a href="https://www.amazon.com/dp/B07HF1GTYN?tag=eloabder-20&linkCode=osi&th=1&psc=1">View Product</a></div><div class="product"><a href="https://www.amazon.com/dp/B07F268WY8?tag=eloabder-20&linkCode=osi&th=1&psc=1"><img src="https://m.media-amazon.com/images/I/51hKjGZILAL._SL500_.jpg" alt="Product Image"></a><p>Holikme 2 Pack Dryer Vent Cleaner Kit Clothes Dryer Lint Brush Vent Trap Cleaner Home Essentials Long Flexible Vacuum Brush</p><p> -50% 0FF </p><p>$7.99 ($4.00 / Count)</p><a href="https://www.amazon.com/dp/B07F268WY8?tag=eloabder-20&linkCode=osi&th=1&psc=1">View Product</a></div>


<div class="product"><a href="https://www.amazon.com/dp/B06XJ17JVD?tag=eloabder-20&linkCode=osi&th=1&psc=1"><img src="https://m.media-amazon.com/images/I/51OoCqwxbrL._SL500_.jpg" alt="Product Image"></a><p>Rust-Oleum 293513 Rocksolid Polycuramine Garage Oil Floor Coating, 2.5 Car Kit, Gray, 180 Fl Oz (Pack of 1)</p><p> -35% 0FF </p><p>$240.00 ($1.33 / Fl Oz)</p><a href="https://www.amazon.com/dp/B06XJ17JVD?tag=eloabder-20&linkCode=osi&th=1&psc=1">View Product</a></div><div class="product"><a href="https://www.amazon.com/dp/B099SFV2MB?tag=eloabder-20&linkCode=osi&th=1&psc=1"><img src="https://m.media-amazon.com/images/I/41SuYdUgtXL._SL500_.jpg" alt="Product Image"></a><p>Adam's Polishes Advanced Graphene Ceramic Coating - 10H Graphene Coating for Auto Detailing, 9+ Years of Car Protection & Patented UV Technology, Apply After Car Wash & Paint Correction</p><p> -15% 0FF </p><p>$138.54</p><a href="https://www.amazon.com/dp/B099SFV2MB?tag=eloabder-20&linkCode=osi&th=1&psc=1">View Product</a></div><div class="product"><a href="https://www.amazon.com/dp/B07B8RY7M6?tag=eloabder-20&linkCode=osi&th=1&psc=1"><img src="https://m.media-amazon.com/images/I/31G91iuk9RL._SL500_.jpg" alt="Product Image"></a><p>MG Chemicals - 419D-55ML 419D Premium Acrylic Conformal Coating, 55 mL Bottle, IPC 830, UL 94V-0 (File # E203094), Clear, 1.86 Fl Oz (Pack of 1)</p><p> -17% 0FF </p><p>$15.95 ($8.62 / Fl Oz)</p><a href="https://www.amazon.com/dp/B07B8RY7M6?tag=eloabder-20&linkCode=osi&th=1&psc=1">View Product</a></div>
<div class="product"><a href="https://www.amazon.com/dp/B005E9KJYE?tag=eloabder-20&linkCode=osi&th=1&psc=1"><img src="https://m.media-amazon.com/images/I/517PNa1vQiL._SL500_.jpg" alt="Product Image"></a><p>Colorations - SWT16 Simply Washable Tempera Paints, 16 fl oz, Set of 11 Colors, Non Toxic, Vibrant, Bold, Kids Paint, Craft, Hobby, Arts & Crafts, Fun, Art Supplies</p><p> -15% 0FF </p><p>$45.89 ($0.26 / Fl Oz)</p><a href="https://www.amazon.com/dp/B005E9KJYE?tag=eloabder-20&linkCode=osi&th=1&psc=1">View Product</a></div><div class="product"><a href="https://www.amazon.com/dp/B01HZP45BM?tag=eloabder-20&linkCode=osi&th=1&psc=1"><img src="https://m.media-amazon.com/images/I/51qsgeT-koL._SL500_.jpg" alt="Product Image"></a><p>Colorations Washable Tempera Paint, Set of 6 Colors, 8oz Each, Non Toxic Paint, Vibrant Paint, Craft Paint Children, Art Supplies, Homeschool, Home School Use</p><p> -15% 0FF </p><p>$16.99 ($0.35 / Fl Oz)</p><a href="https://www.amazon.com/dp/B01HZP45BM?tag=eloabder-20&linkCode=osi&th=1&psc=1">View Product</a></div><div class="product"><a href="https://www.amazon.com/dp/B01HZP4IFA?tag=eloabder-20&linkCode=osi&th=1&psc=1"><img src="https://m.media-amazon.com/images/I/41tdzr9-azL._SL500_.jpg" alt="Product Image"></a><p>Colorations - LWPACK Liquid Watercolor Paint, 4 fl oz, Set of 6, Non-Toxic, Painting, Kids, Craft, Hobby, Fun, Water Color, Posters, Cool Effects, Versatile, Gift</p><p> -10% 0FF </p><p>$18.89 ($0.79 / Fl Oz)</p><a href="https://www.amazon.com/dp/B01HZP4IFA?tag=eloabder-20&linkCode=osi&th=1&psc=1">View Product</a></div><div class="product"><a href="https://www.amazon.com/dp/B000PIK1YC?tag=eloabder-20&linkCode=osi&th=1&psc=1"><img src="https://m.media-amazon.com/images/I/31-jP8tO9yL._SL500_.jpg" alt="Product Image"></a><p>Rust-Oleum 7579838 Professional High Performance Enamel Spray Paint, 15 Oz, Gloss Black</p><p> -9% 0FF </p><p>$9.98 ($0.67 / Ounce)</p><a href="https://www.amazon.com/dp/B000PIK1YC?tag=eloabder-20&linkCode=osi&th=1&psc=1">View Product</a></div>


<div class="product"><a href="https://www.amazon.com/dp/B002SG7PPC?tag=eloabder-20&linkCode=osi&th=1&psc=1"><img src="https://m.media-amazon.com/images/I/31YVD0b4-1L._SL500_.jpg" alt="Product Image"></a><p>Mitutoyo 050101, Edge Finder, 3/8" Dia. Shank, .200" Dia. Tip</p><p> -21% 0FF </p><p>$16.55</p><a href="https://www.amazon.com/dp/B002SG7PPC?tag=eloabder-20&linkCode=osi&th=1&psc=1">View Product</a></div><div class="product"><a href="https://www.amazon.com/dp/1259827445?tag=eloabder-20&linkCode=osi&th=1&psc=1"><img src="https://m.media-amazon.com/images/I/41+0n7UFhrL._SL500_.jpg" alt="Product Image"></a><p>Machining and CNC Technology</p><p> -42% 0FF </p><p>$199.97</p><a href="https://www.amazon.com/dp/1259827445?tag=eloabder-20&linkCode=osi&th=1&psc=1">View Product</a></div><div class="product"><a href="https://www.amazon.com/dp/B07RM1D6WD?tag=eloabder-20&linkCode=osi&th=1&psc=1"><img src="https://m.media-amazon.com/images/I/41WW3tVXkmL._SL500_.jpg" alt="Product Image"></a><p>AFA Tooling - Deburring Tool with 11 High Speed Steel Swivel Blades - Works on Metal, Resin, PVC Pipes, Copper, Plastic and 3D Printed Edges - Plumbing & 3D Printing Burr Removal Reamer Tool</p><p> -20% 0FF </p><p>$15.95 ($9.11 / 100 g)</p><a href="https://www.amazon.com/dp/B07RM1D6WD?tag=eloabder-20&linkCode=osi&th=1&psc=1">View Product</a></div>
<div class="product"><a href="https://www.amazon.com/dp/B08VHYX96W?tag=eloabder-20&linkCode=osi&th=1&psc=1"><img src="https://m.media-amazon.com/images/I/518vzX0FwcL._SL500_.jpg" alt="Product Image"></a><p>HARDELL Mini Cordless Rotary Tool Kit, 5-Speed and USB Charging with 61 Accessories, Multi-Purpose 3.7V Power Rotary Tool for Sanding, Polishing, Drilling, Etching, Engraving, DIY Crafts</p><p> -17% 0FF </p><p>$24.99</p><a href="https://www.amazon.com/dp/B08VHYX96W?tag=eloabder-20&linkCode=osi&th=1&psc=1">View Product</a></div><div class="product"><a href="https://www.amazon.com/dp/B093229VY9?tag=eloabder-20&linkCode=osi&th=1&psc=1"><img src="https://m.media-amazon.com/images/I/51Wby41ESCL._SL500_.jpg" alt="Product Image"></a><p>KATA 4-PACK Folding Utility Knife, Heavy Duty Box Cutter with 20pcs SK5 Quick Change Blades, Safety Lock Back Design, Used for Cutting Cartons, Cardboards and Boxes</p><p> -23% 0FF </p><p>$9.99 ($2.50 / Count)</p><a href="https://www.amazon.com/dp/B093229VY9?tag=eloabder-20&linkCode=osi&th=1&psc=1">View Product</a></div><div class="product"><a href="https://www.amazon.com/dp/B09QXBC6XL?tag=eloabder-20&linkCode=osi&th=1&psc=1"><img src="https://m.media-amazon.com/images/I/41JcpPv9cXL._SL500_.jpg" alt="Product Image"></a><p>180W Rotary Tool Kit, 1.5-Amp PHALANX 6 Variable Speed with Flex Shaft, 8000-32000RPM Multi-Tool& 139pcs Accessories Kit, Power Multiuse Set Prefect for Crafting Projects and DIY Creations‚Ä¶</p><p> -23% 0FF </p><p>$39.99</p><a href="https://www.amazon.com/dp/B09QXBC6XL?tag=eloabder-20&linkCode=osi&th=1&psc=1">View Product</a></div><div class="product"><a href="https://www.amazon.com/dp/B07GR7QF63?tag=eloabder-20&linkCode=osi&th=1&psc=1"><img src="https://m.media-amazon.com/images/I/319qwqAeKXL._SL500_.jpg" alt="Product Image"></a><p>IGAN-170 Wire Cutters, Precision Electronics Flush Cutter, One of the Strongest and Sharpest Side Cutting pliers with an Opening Spring, Ideal for Ultra-fine Cutting Needs.</p><p> -24% 0FF </p><p>$6.97</p><a href="https://www.amazon.com/dp/B07GR7QF63?tag=eloabder-20&linkCode=osi&th=1&psc=1">View Product</a></div>

<div class="product"><a href="https://www.amazon.com/dp/B01LRVX4AS?tag=eloabder-20&linkCode=osi&th=1&psc=1"><img src="https://m.media-amazon.com/images/I/41eRX8GkL8L._SL500_.jpg" alt="Product Image"></a><p>JKSafety 9 Pockets Class 2 High Visibility Zipper Front Safety Vest With Reflective Strips,Meets ANSI/ISEA Standard (Large, 150-Yellow)</p><p> -10% 0FF </p><p>$8.99</p><a href="https://www.amazon.com/dp/B01LRVX4AS?tag=eloabder-20&linkCode=osi&th=1&psc=1">View Product</a></div><div class="product"><a href="https://www.amazon.com/dp/B01LDPHX7S?tag=eloabder-20&linkCode=osi&th=1&psc=1"><img src="https://m.media-amazon.com/images/I/41pcC4hFanL._SL500_.jpg" alt="Product Image"></a><p>Ergodyne GloWear 8377 Type R Class 3 Lime Quilted Bomber Jacket, High Visibility Reflective Insulation, X-Large</p><p> -17% 0FF </p><p>$34.99</p><a href="https://www.amazon.com/dp/B01LDPHX7S?tag=eloabder-20&linkCode=osi&th=1&psc=1">View Product</a></div><div class="product"><a href="https://www.amazon.com/dp/B0CRV7G3WW?tag=eloabder-20&linkCode=osi&th=1&psc=1"><img src="https://m.media-amazon.com/images/I/41KOsJq8HTL._SL500_.jpg" alt="Product Image"></a><p>Bilymate LED Reflective Vest Running Gear,High Visibility with usb Rechargeable Light Up safety Vest for Walking Running Cycling,Adjustable for Men Women Kids Flourence Green</p><p> -50% 0FF </p><p>$6.45</p><a href="https://www.amazon.com/dp/B0CRV7G3WW?tag=eloabder-20&linkCode=osi&th=1&psc=1">View Product</a></div>
<div class="product"><a href="https://www.amazon.com/dp/B01N2ZTB7M?tag=eloabder-20&linkCode=osi&th=1&psc=1"><img src="https://m.media-amazon.com/images/I/419b0AGprhL._SL500_.jpg" alt="Product Image"></a><p>Sellstrom Advantage Face Shield - Lightweight Mask with Crown & Ratchet Headgear, for Work, Grinding, Cutting - ANSI Z87.1 - Clear Uncoated Polycarbonate Window</p><p> -8% 0FF </p><p>$14.39</p><a href="https://www.amazon.com/dp/B01N2ZTB7M?tag=eloabder-20&linkCode=osi&th=1&psc=1">View Product</a></div><div class="product"><a href="https://www.amazon.com/dp/B008MCUZZS?tag=eloabder-20&linkCode=osi&th=1&psc=1"><img src="https://m.media-amazon.com/images/I/51FPpkx4CEL._SL500_.jpg" alt="Product Image"></a><p>3M 8210 Particulate Respirator, N95, Pack of 20 Disposable Respirator, Two-Strap Cup Style Design, Lightweight with Cushioning Nose Foam, NIOSH Approved</p><p> -45% 0FF </p><p>$15.49 ($0.77 / Count)</p><a href="https://www.amazon.com/dp/B008MCUZZS?tag=eloabder-20&linkCode=osi&th=1&psc=1">View Product</a></div><div class="product"><a href="https://www.amazon.com/dp/B08GBRY816?tag=eloabder-20&linkCode=osi&th=1&psc=1"><img src="https://m.media-amazon.com/images/I/51Z0iPJV4uL._SL500_.jpg" alt="Product Image"></a><p>NEIKO 53880A Forestry Helmet for Safety with Shield and Earmuffs, Chainsaw Helmet with Face Shield, Hard Hat Safety Gear Equipment, Protective Face Shield and Mesh Shield for Face Protection</p><p> -18% 0FF </p><p>$27.16</p><a href="https://www.amazon.com/dp/B08GBRY816?tag=eloabder-20&linkCode=osi&th=1&psc=1">View Product</a></div><div class="product"><a href="https://www.amazon.com/dp/B0BLF15Y9Q?tag=eloabder-20&linkCode=osi&th=1&psc=1"><img src="https://m.media-amazon.com/images/I/51+GJrSaWPL._SL500_.jpg" alt="Product Image"></a><p>Tanden Skating Protective Gear Adult Knee and Elbow Pads Wrist Guards for Roller Skating Skateboarding, Skate Pads Adult Knee Pads for Men Women Black</p><p> -6% 0FF </p><p>$26.99</p><a href="https://www.amazon.com/dp/B0BLF15Y9Q?tag=eloabder-20&linkCode=osi&th=1&psc=1">View Product</a></div>
<div class="product"><a href="https://www.amazon.com/dp/B0C9SBFGZR?tag=eloabder-20&linkCode=osi&th=1&psc=1"><img src="https://m.media-amazon.com/images/I/51yTPVBbEUL._SL500_.jpg" alt="Product Image"></a><p>Supmedic Nitrile Exam Glove, 3.5 mil Disposable Medical Gloves Powder-Free Latex-Free, Box of 100 pcs (Blue) (Medium)</p><p> -16% 0FF </p><p>$8.42</p><a href="https://www.amazon.com/dp/B0C9SBFGZR?tag=eloabder-20&linkCode=osi&th=1&psc=1">View Product</a></div><div class="product"><a href="https://www.amazon.com/dp/B07KYWVCP6?tag=eloabder-20&linkCode=osi&th=1&psc=1"><img src="https://m.media-amazon.com/images/I/41q59vUJw6L._SL500_.jpg" alt="Product Image"></a><p>MED PRIDE Medical Vinyl Examination Gloves (Large, 100-Count) Latex & Rubber Free, Ultra-Strong, Clear Disposable Powder-Free Gloves for Healthcare & Food Handling Use</p><p> -11% 0FF </p><p>$7.99 ($0.08 / Count)</p><a href="https://www.amazon.com/dp/B07KYWVCP6?tag=eloabder-20&linkCode=osi&th=1&psc=1">View Product</a></div><div class="product"><a href="https://www.amazon.com/dp/B09KTQMMCM?tag=eloabder-20&linkCode=osi&th=1&psc=1"><img src="https://m.media-amazon.com/images/I/41mQ4yEa-wL._SL500_.jpg" alt="Product Image"></a><p>Schneider Black Vinyl Exam Gloves, 4mil, Disposable Latex-Free, Plastic Gloves for Medical, Cooking, Cleaning, and Food Prep, Sizes Medium</p><p> -20% 0FF </p><p>$7.99</p><a href="https://www.amazon.com/dp/B09KTQMMCM?tag=eloabder-20&linkCode=osi&th=1&psc=1">View Product</a></div><div class="product"><a href="https://www.amazon.com/dp/B09KRT18KC?tag=eloabder-20&linkCode=osi&th=1&psc=1"><img src="https://m.media-amazon.com/images/I/415qb2LeE6L._SL500_.jpg" alt="Product Image"></a><p>Schneider Clear Vinyl Exam Gloves, 4-mil, Medium 100-ct Box, Latex-Free, Rubber Disposable Gloves For Medical, Cleaning , Food Prep, Food Safe, Powder-Free, Non-Sterile</p><p> -20% 0FF </p><p>$7.97 ($0.08 / Count)</p><a href="https://www.amazon.com/dp/B09KRT18KC?tag=eloabder-20&linkCode=osi&th=1&psc=1">View Product</a></div><div class="product"><a href="https://www.amazon.com/dp/B08WJQR2CR?tag=eloabder-20&linkCode=osi&th=1&psc=1"><img src="https://m.media-amazon.com/images/I/414Y7CgkL2L._SL500_.jpg" alt="Product Image"></a><p>FifthPulse Black Vinyl Disposable Gloves Large 50 Pack - Latex Free, Powder Free Medical Exam Gloves - Surgical, Home, Cleaning, and Food Gloves - 3 Mil Thickness</p><p> -60% 0FF </p><p>$5.59</p><a href="https://www.amazon.com/dp/B08WJQR2CR?tag=eloabder-20&linkCode=osi&th=1&psc=1">View Product</a></div><div class="product"><a href="https://www.amazon.com/dp/B0C9MZRBR7?tag=eloabder-20&linkCode=osi&th=1&psc=1"><img src="https://m.media-amazon.com/images/I/41STIBt58JL._SL500_.jpg" alt="Product Image"></a><p>Caring Nitrile Exam Gloves (100ct), Powder Free and Not Made with Natural Rubber Latex, Gloves for Medical Use, Cleaning, Food Prep and More, Large</p><p> -13% 0FF </p><p>$6.99</p><a href="https://www.amazon.com/dp/B0C9MZRBR7?tag=eloabder-20&linkCode=osi&th=1&psc=1">View Product</a></div><div class="product"><a href="https://www.amazon.com/dp/B087LXWY99?tag=eloabder-20&linkCode=osi&th=1&psc=1"><img src="https://m.media-amazon.com/images/I/51ILZr2xj3L._SL500_.jpg" alt="Product Image"></a><p>Basic Medical Blue Nitrile Exam Gloves - Latex-Free & Powder-Free - NGPF-7002 (Case of 1,000), Medium</p><p> -16% 0FF </p><p>$32.82 ($0.03 / Count)</p><a href="https://www.amazon.com/dp/B087LXWY99?tag=eloabder-20&linkCode=osi&th=1&psc=1">View Product</a></div>
<div class="product"><a href="https://www.amazon.com/dp/B09P4DBZHY?tag=eloabder-20&linkCode=osi&th=1&psc=1"><img src="https://m.media-amazon.com/images/I/31YZa5T8JCL._SL500_.jpg" alt="Product Image"></a><p>3M Hard Hat SecureFit H-701SFR-UV, White, Non-Vented Cap Style Safety Helmet with Uvicator Sensor, 4-Point Pressure Diffusion Ratchet Suspension, ANSI Z87.1</p><p> -12% 0FF </p><p>$16.25</p><a href="https://www.amazon.com/dp/B09P4DBZHY?tag=eloabder-20&linkCode=osi&th=1&psc=1">View Product</a></div><div class="product"><a href="https://www.amazon.com/dp/B09VBV3T78?tag=eloabder-20&linkCode=osi&th=1&psc=1"><img src="https://m.media-amazon.com/images/I/31BEt7CIKkL._SL500_.jpg" alt="Product Image"></a><p>UNINOVA Vented Hard Hat with Visor OSHA Construction Safety Helmet 6 pt. Ratchet Suspension Cascos De Construccion ANSI Z89.1 Type I Class C Hardhats(S1 White Smoked)</p><p> -46% 0FF </p><p>$29.99</p><a href="https://www.amazon.com/dp/B09VBV3T78?tag=eloabder-20&linkCode=osi&th=1&psc=1">View Product</a></div>
<div class="product"><a href="https://www.amazon.com/dp/B08C7HDF1F?tag=eloabder-20&linkCode=osi&th=1&psc=1"><img src="https://m.media-amazon.com/images/I/51v5EoPjf3L._SL500_.jpg" alt="Product Image"></a><p>NNPCBT 100PCS 3 Ply Black Disposable Face Mask Filter Protection Face Masks</p><p> -33% 0FF </p><p>$9.98 ($0.10 / Count)</p><a href="https://www.amazon.com/dp/B08C7HDF1F?tag=eloabder-20&linkCode=osi&th=1&psc=1">View Product</a></div><div class="product"><a href="https://www.amazon.com/dp/B09GNXYWDQ?tag=eloabder-20&linkCode=osi&th=1&psc=1"><img src="https://m.media-amazon.com/images/I/41VrygLbB9L._SL500_.jpg" alt="Product Image"></a><p>Gleeporte [Pack Of 100] Black Disposable Face Mask, 3-Ply Adult Masks, Facial Cover with Elastic Earloops For Home, Office, School, and Outdoors</p><p> -22% 0FF </p><p>$6.99 ($0.07 / Count)</p><a href="https://www.amazon.com/dp/B09GNXYWDQ?tag=eloabder-20&linkCode=osi&th=1&psc=1">View Product</a></div><div class="product"><a href="https://www.amazon.com/dp/B08Y8NVW6Y?tag=eloabder-20&linkCode=osi&th=1&psc=1"><img src="https://m.media-amazon.com/images/I/51-zA01VM0L._SL500_.jpg" alt="Product Image"></a><p>LEMENT 50pcs KN95 Face Mask Black 5 Layer Cup Dust Safety Masks Filter Efficiency‚â•95% Breathable Elastic Ear Loops Black Masks</p><p> -33% 0FF </p><p>$19.99 ($0.40 / Count)</p><a href="https://www.amazon.com/dp/B08Y8NVW6Y?tag=eloabder-20&linkCode=osi&th=1&psc=1">View Product</a></div><div class="product"><a href="https://www.amazon.com/dp/B089TX3BPY?tag=eloabder-20&linkCode=osi&th=1&psc=1"><img src="https://m.media-amazon.com/images/I/41qr1sidczL._SL500_.jpg" alt="Product Image"></a><p>Hygenix 3ply Disposable Face Masks PFE 99% Filter Quality Tested by a US lab (Pack of 50 Pcs)</p><p> -13% 0FF </p><p>$12.99 ($0.26 / Count)</p><a href="https://www.amazon.com/dp/B089TX3BPY?tag=eloabder-20&linkCode=osi&th=1&psc=1">View Product</a></div><div class="product"><a href="https://www.amazon.com/dp/B09GLY1S79?tag=eloabder-20&linkCode=osi&th=1&psc=1"><img src="https://m.media-amazon.com/images/I/511vKreiG-L._SL500_.jpg" alt="Product Image"></a><p>Funight KN95 Face Masks 50 Pack 5-Ply Breathable Filter Disposable Face Masks Black</p><p> -50% 0FF </p><p>$19.99 ($0.40 / Count)</p><a href="https://www.amazon.com/dp/B09GLY1S79?tag=eloabder-20&linkCode=osi&th=1&psc=1">View Product</a></div>
<div class="product"><a href="https://www.amazon.com/dp/B07MNZ7C1M?tag=eloabder-20&linkCode=osi&th=1&psc=1"><img src="https://m.media-amazon.com/images/I/41qn5bUxuzL._SL500_.jpg" alt="Product Image"></a><p>ProCase Noise Reduction Ear Muffs, SNR 34dB Noise Cancelling Headphones for Adults Kids Autism, Adjustable Sound Proof Ear Protection for Shooting Mowing Construction -Red</p><p> -21% 0FF </p><p>$14.99</p><a href="https://www.amazon.com/dp/B07MNZ7C1M?tag=eloabder-20&linkCode=osi&th=1&psc=1">View Product</a></div><div class="product"><a href="https://www.amazon.com/dp/B0C5SMT3TX?tag=eloabder-20&linkCode=osi&th=1&psc=1"><img src="https://m.media-amazon.com/images/I/31TGEeMQNBL._SL500_.jpg" alt="Product Image"></a><p>ZOHAN 012 Hearing Protection Earmuffs for Noise Reduction - NRR 28dB Adjustable Safety Ear Muffs for Mowing, Autism, Sporting Events, Outdoor Work, Construction - Purple</p><p> -50% 0FF </p><p>$7.99</p><a href="https://www.amazon.com/dp/B0C5SMT3TX?tag=eloabder-20&linkCode=osi&th=1&psc=1">View Product</a></div><div class="product"><a href="https://www.amazon.com/dp/B01MXYJ2QP?tag=eloabder-20&linkCode=osi&th=1&psc=1"><img src="https://m.media-amazon.com/images/I/412QOjQpaKL._SL500_.jpg" alt="Product Image"></a><p>3M Pro-Grade Earmuff, Noise Reduction Rating (NRR) 30 dB, Lightweight & Adjustable Ear Muffs, Reduce Pressure Points For All-Day Comfort, Steel Wire Headband With Rubber Overmold Design (90565-4DC-PS)</p><p> -19% 0FF </p><p>$27.49</p><a href="https://www.amazon.com/dp/B01MXYJ2QP?tag=eloabder-20&linkCode=osi&th=1&psc=1">View Product</a></div><div class="product"><a href="https://www.amazon.com/dp/B01N7LMH5K?tag=eloabder-20&linkCode=osi&th=1&psc=1"><img src="https://m.media-amazon.com/images/I/516EUUjXKUL._SL500_.jpg" alt="Product Image"></a><p>10 Pair Corded Reusable Ear Plugs for Shooting Range Ear Protection for Gun Range - Hunting Ear Plugs for Construction Firearm Ear Protection Shooting Gun Hearing Protection Ear Plugs Corded</p><p> -13% 0FF </p><p>$6.95 ($0.70 / Count)</p><a href="https://www.amazon.com/dp/B01N7LMH5K?tag=eloabder-20&linkCode=osi&th=1&psc=1">View Product</a></div>
<div class="product"><a href="https://www.amazon.com/dp/B09G8FJNRT?tag=eloabder-20&linkCode=osi&th=1&psc=1"><img src="https://m.media-amazon.com/images/I/414WbTnlb1L._SL500_.jpg" alt="Product Image"></a><p>Aqulius 2 Pack Stylish Safety Glasses Goggles Anti Fog, Scratch Resistant, Safety Glasses for Women, Blue Light, Glasses for Nurses</p><p> -18% 0FF </p><p>$13.99</p><a href="https://www.amazon.com/dp/B09G8FJNRT?tag=eloabder-20&linkCode=osi&th=1&psc=1">View Product</a></div><div class="product"><a href="https://www.amazon.com/dp/B0833VW43J?tag=eloabder-20&linkCode=osi&th=1&psc=1"><img src="https://m.media-amazon.com/images/I/41iY6mE3j6L._SL500_.jpg" alt="Product Image"></a><p>amoolo Clear Safety Glasses Bulk of 24, Protective Eyewear for Men Women, ANSI Z87.1 Impact Resistant Eye Protection for Work, Lab, Construction</p><p> -18% 0FF </p><p>$24.69 ($1.03 / Count)</p><a href="https://www.amazon.com/dp/B0833VW43J?tag=eloabder-20&linkCode=osi&th=1&psc=1">View Product</a></div><div class="product"><a href="https://www.amazon.com/dp/B07YLVH342?tag=eloabder-20&linkCode=osi&th=1&psc=1"><img src="https://m.media-amazon.com/images/I/41bR3jQbKXL._SL500_.jpg" alt="Product Image"></a><p>SolidWork Safety Glasses Clear Lens with Side Shields, Anti Fog, Anti Scratch, Anti-Glare, Protective Eyewear for Men & Women</p><p> -11% 0FF </p><p>$9.99</p><a href="https://www.amazon.com/dp/B07YLVH342?tag=eloabder-20&linkCode=osi&th=1&psc=1">View Product</a></div>

<div class="product"><a href="https://www.amazon.com/dp/B078JGY2MJ?tag=eloabder-20&linkCode=osi&th=1&psc=1"><img src="https://m.media-amazon.com/images/I/41V4pUwXteL._SL500_.jpg" alt="Product Image"></a><p>Cherokee Scrubs for Men Workwear Professionals V-Neck Four-Pocket Scrub Top WW695, L, Navy</p><p> -23% 0FF </p><p>$24.99</p><a href="https://www.amazon.com/dp/B078JGY2MJ?tag=eloabder-20&linkCode=osi&th=1&psc=1">View Product</a></div><div class="product"><a href="https://www.amazon.com/dp/B0721NWRKT?tag=eloabder-20&linkCode=osi&th=1&psc=1"><img src="https://m.media-amazon.com/images/I/41Qw3a-DoWL._SL500_.jpg" alt="Product Image"></a><p>Cherokee Women's V-Neck Top, Navy, X-Large</p><p> -15% 0FF </p><p>$23.99</p><a href="https://www.amazon.com/dp/B0721NWRKT?tag=eloabder-20&linkCode=osi&th=1&psc=1">View Product</a></div><div class="product"><a href="https://www.amazon.com/dp/B012H3JOOK?tag=eloabder-20&linkCode=osi&th=1&psc=1"><img src="https://m.media-amazon.com/images/I/41GrV-dIDYL._SL500_.jpg" alt="Product Image"></a><p>Workwear Women Underscrubs Long Sleeve Knit Tee 4881, L, Caribbean Blue</p><p> -19% 0FF </p><p>$10.47</p><a href="https://www.amazon.com/dp/B012H3JOOK?tag=eloabder-20&linkCode=osi&th=1&psc=1">View Product</a></div>
<div class="product"><a href="https://www.amazon.com/dp/B010QWNDX2?tag=eloabder-20&linkCode=osi&th=1&psc=1"><img src="https://m.media-amazon.com/images/I/31V3r0a9C1L._SL500_.jpg" alt="Product Image"></a><p>Just Love Women's Scrub Sets Six Pocket Medical Scrubs (V-Neck With Cargo Pant), Navy, Medium</p><p> -16% 0FF </p><p>$19.99</p><a href="https://www.amazon.com/dp/B010QWNDX2?tag=eloabder-20&linkCode=osi&th=1&psc=1">View Product</a></div><div class="product"><a href="https://www.amazon.com/dp/B0985Y2RB4?tag=eloabder-20&linkCode=osi&th=1&psc=1"><img src="https://m.media-amazon.com/images/I/3176BjqvasS._SL500_.jpg" alt="Product Image"></a><p>Natural Uniforms Women's Cool Stretch V-Neck Top and Cargo Pant Set (True Navy Blue, Large)</p><p> -17% 0FF </p><p>$24.99</p><a href="https://www.amazon.com/dp/B0985Y2RB4?tag=eloabder-20&linkCode=osi&th=1&psc=1">View Product</a></div><div class="product"><a href="https://www.amazon.com/dp/B0CBNDXYJT?tag=eloabder-20&linkCode=osi&th=1&psc=1"><img src="https://m.media-amazon.com/images/I/31DhOD5-BwL._SL500_.jpg" alt="Product Image"></a><p>MONARCH UNIFORMS Stretchy Scrubs Women's Jogger Scrub Set In Regular and Petite Jogger Scrubs with Tuck-In Top for Women(Navy-L)</p><p> -6% 0FF </p><p>$46.95</p><a href="https://www.amazon.com/dp/B0CBNDXYJT?tag=eloabder-20&linkCode=osi&th=1&psc=1">View Product</a></div><div class="product"><a href="https://www.amazon.com/dp/B0D1TL84LR?tag=eloabder-20&linkCode=osi&th=1&psc=1"><img src="https://m.media-amazon.com/images/I/51iGPF-PnRL._SL500_.jpg" alt="Product Image"></a><p>Electric Warming Trays for Food and Hot Plates, Large and Uniform Surface Heating, Foldable, Durable, 3 Temperature Levels, Can Be On for 12 Hours, Silicone Food Warmer for Gatherings (Beige)</p><p> -8% 0FF </p><p>$36.99</p><a href="https://www.amazon.com/dp/B0D1TL84LR?tag=eloabder-20&linkCode=osi&th=1&psc=1">View Product</a></div><div class="product"><a href="https://www.amazon.com/dp/B09MM2LG84?tag=eloabder-20&linkCode=osi&th=1&psc=1"><img src="https://m.media-amazon.com/images/I/31B25JsiYTL._SL500_.jpg" alt="Product Image"></a><p>Scrubs Set for Women Joggers V-Neck Pocket Top Uniforms (Pink, L)</p><p> -10% 0FF </p><p>$25.99</p><a href="https://www.amazon.com/dp/B09MM2LG84?tag=eloabder-20&linkCode=osi&th=1&psc=1">View Product</a></div>
<div class="product"><a href="https://www.amazon.com/dp/B07K8M42Q5?tag=eloabder-20&linkCode=osi&th=1&psc=1"><img src="https://m.media-amazon.com/images/I/41UMPYXm6lS._SL500_.jpg" alt="Product Image"></a><p>Insulated Thermal Bib Overalls, High Visibility, Weather-Resistant, Large, Ergodyne GloWear 8928,Lime</p><p> -33% 0FF </p><p>$74.69</p><a href="https://www.amazon.com/dp/B07K8M42Q5?tag=eloabder-20&linkCode=osi&th=1&psc=1">View Product</a></div><div class="product"><a href="https://www.amazon.com/dp/B07SB2Z38J?tag=eloabder-20&linkCode=osi&th=1&psc=1"><img src="https://m.media-amazon.com/images/I/31gv4F1tgnL._SL500_.jpg" alt="Product Image"></a><p>Pioneer Hi Vis Ripstop Waterproof Bib Pants/Overalls for Men - Reflective Safety Work Rain Pants - High Visibility Yellow</p><p> -11% 0FF </p><p>$51.72</p><a href="https://www.amazon.com/dp/B07SB2Z38J?tag=eloabder-20&linkCode=osi&th=1&psc=1">View Product</a></div>
<div class="product"><a href="https://www.amazon.com/dp/B000BQRGFU?tag=eloabder-20&linkCode=osi&th=1&psc=1"><img src="https://m.media-amazon.com/images/I/51gnFiaxIAS._SL500_.jpg" alt="Product Image"></a><p>Trimaco SuperTuff Polypropylene Coverall, Medium</p><p> -51% 0FF </p><p>$4.90</p><a href="https://www.amazon.com/dp/B000BQRGFU?tag=eloabder-20&linkCode=osi&th=1&psc=1">View Product</a></div><div class="product"><a href="https://www.amazon.com/dp/B01JOWAOEG?tag=eloabder-20&linkCode=osi&th=1&psc=1"><img src="https://m.media-amazon.com/images/I/31jcH7zLurL._SL500_.jpg" alt="Product Image"></a><p>DuPont unisex-adult TY122S-XL-EACH Disposable Elastic Wrist, Bootie and Hood Tyvek Coverall Suit 1414, X-Large, White</p><p> -16% 0FF </p><p>$9.77</p><a href="https://www.amazon.com/dp/B01JOWAOEG?tag=eloabder-20&linkCode=osi&th=1&psc=1">View Product</a></div>
<div class="product"><a href="https://www.amazon.com/dp/B07D8G82G8?tag=eloabder-20&linkCode=osi&th=1&psc=1"><img src="https://m.media-amazon.com/images/I/317xFAdHZWL._SL500_.jpg" alt="Product Image"></a><p>VOGRYE Professional Lab Coat for Men Women Long Sleeve, White, Unisex</p><p> -12% 0FF </p><p>$14.99</p><a href="https://www.amazon.com/dp/B07D8G82G8?tag=eloabder-20&linkCode=osi&th=1&psc=1">View Product</a></div><div class="product"><a href="https://www.amazon.com/dp/B07HBL83B4?tag=eloabder-20&linkCode=osi&th=1&psc=1"><img src="https://m.media-amazon.com/images/I/31TG2roZU-L._SL500_.jpg" alt="Product Image"></a><p>VOGRYE Professional Lab Coat for Women Men Long Sleeve, White, Unisex (Small, White)</p><p> -32% 0FF </p><p>$16.99</p><a href="https://www.amazon.com/dp/B07HBL83B4?tag=eloabder-20&linkCode=osi&th=1&psc=1">View Product</a></div><div class="product"><a href="https://www.amazon.com/dp/B08VDZ6KCT?tag=eloabder-20&linkCode=osi&th=1&psc=1"><img src="https://m.media-amazon.com/images/I/31ERfg1k-nL._SL500_.jpg" alt="Product Image"></a><p>NY Threads Professional Lab Coat for Men Long Sleeve Poly Cotton Medical Coat 1 Pack, Medium, White</p><p> -11% 0FF </p><p>$16.99</p><a href="https://www.amazon.com/dp/B08VDZ6KCT?tag=eloabder-20&linkCode=osi&th=1&psc=1">View Product</a></div><div class="product"><a href="https://www.amazon.com/dp/B097NS2MHG?tag=eloabder-20&linkCode=osi&th=1&psc=1"><img src="https://m.media-amazon.com/images/I/31jtnrdiCcL._SL500_.jpg" alt="Product Image"></a><p>NY Threads Professional Lab Coat for Women, Long Sleeve Poly Cotton Medical Coat 1 Pack, Medium, White</p><p> -10% 0FF </p><p>$17.99</p><a href="https://www.amazon.com/dp/B097NS2MHG?tag=eloabder-20&linkCode=osi&th=1&psc=1">View Product</a></div>
<div class="product"><a href="https://www.amazon.com/dp/B08LSQFJCL?tag=eloabder-20&linkCode=osi&th=1&psc=1"><img src="https://m.media-amazon.com/images/I/410PoD7Tw+L._SL500_.jpg" alt="Product Image"></a><p>Walking Boot Fracture Boot for Broken Foot, Sprained Ankle-Medium</p><p> -25% 0FF </p><p>$39.85</p><a href="https://www.amazon.com/dp/B08LSQFJCL?tag=eloabder-20&linkCode=osi&th=1&psc=1">View Product</a></div><div class="product"><a href="https://www.amazon.com/dp/B09YPT42D5?tag=eloabder-20&linkCode=osi&th=1&psc=1"><img src="https://m.media-amazon.com/images/I/418-GYTrMOL._SL500_.jpg" alt="Product Image"></a><p>Jewlri Air Walking Boot Fracture Boot Short Walker Protective Boot Fits Left or Right Foot Ankle for Injuries Fractures Sprains Black M</p><p> -13% 0FF </p><p>$39.15</p><a href="https://www.amazon.com/dp/B09YPT42D5?tag=eloabder-20&linkCode=osi&th=1&psc=1">View Product</a></div><div class="product"><a href="https://www.amazon.com/dp/B019T9EHME?tag=eloabder-20&linkCode=osi&th=1&psc=1"><img src="https://m.media-amazon.com/images/I/41vMjfPsvUL._SL500_.jpg" alt="Product Image"></a><p>WOLVERINE Men's Floorhand Waterproof Steeltoe 6" Work Boot, Dark Brown, 9M</p><p> -23% 0FF </p><p>$92.90</p><a href="https://www.amazon.com/dp/B019T9EHME?tag=eloabder-20&linkCode=osi&th=1&psc=1">View Product</a></div>
<div class="product"><a href="https://www.amazon.com/dp/B073WH3WDR?tag=eloabder-20&linkCode=osi&th=1&psc=1"><img src="https://m.media-amazon.com/images/I/31s4J9BNC5L._SL500_.jpg" alt="Product Image"></a><p>Skechers Women's Squad SR Shoe, Black, 8.5</p><p> -63% 0FF </p><p>$25.00</p><a href="https://www.amazon.com/dp/B073WH3WDR?tag=eloabder-20&linkCode=osi&th=1&psc=1">View Product</a></div><div class="product"><a href="https://www.amazon.com/dp/B0C73MZF8M?tag=eloabder-20&linkCode=osi&th=1&psc=1"><img src="https://m.media-amazon.com/images/I/41yuAR+ADmL._SL500_.jpg" alt="Product Image"></a><p>LARNMERN Men Shoes Non Slip Work Sneakers Plantar Fasciitis Food Service Zapatos Trabajo Antideslizantes Orthopedic Walking Shoes Water Resistant Slip-on, Black 10.5</p><p> -15% 0FF </p><p>$42.42</p><a href="https://www.amazon.com/dp/B0C73MZF8M?tag=eloabder-20&linkCode=osi&th=1&psc=1">View Product</a></div><div class="product"><a href="https://www.amazon.com/dp/B0CJ8ZXF49?tag=eloabder-20&linkCode=osi&th=1&psc=1"><img src="https://m.media-amazon.com/images/I/41FQGDRzYhL._SL500_.jpg" alt="Product Image"></a><p>Bruno Marc Men's Non Slip Shoes, Lightweight Mens Work Shoes & Restaurant or Food Service Sneakers,Size 12,Black,SBWO2302M</p><p> -18% 0FF </p><p>$40.99</p><a href="https://www.amazon.com/dp/B0CJ8ZXF49?tag=eloabder-20&linkCode=osi&th=1&psc=1">View Product</a></div><div class="product"><a href="https://www.amazon.com/dp/B08XK8NZ82?tag=eloabder-20&linkCode=osi&th=1&psc=1"><img src="https://m.media-amazon.com/images/I/41VlYm6BhQL._SL500_.jpg" alt="Product Image"></a><p>Shoes for Crews Everlight Mens Non Slip Work Shoes - Men's Work & Safety Footwear, Lace-Up Breathable Work Shoes for Men, Zapato de Trabajo para Hombre, Size 10 Black</p><p> -14% 0FF </p><p>$59.98</p><a href="https://www.amazon.com/dp/B08XK8NZ82?tag=eloabder-20&linkCode=osi&th=1&psc=1">View Product</a></div><div class="product"><a href="https://www.amazon.com/dp/B01N2ZIDHO?tag=eloabder-20&linkCode=osi&th=1&psc=1"><img src="https://m.media-amazon.com/images/I/41TB3tRdI3L._SL500_.jpg" alt="Product Image"></a><p>Skechers Men's Flex Advantage Bendon Work Shoe, Black, 9.5 Wide</p><p> -25% 0FF </p><p>$63.73</p><a href="https://www.amazon.com/dp/B01N2ZIDHO?tag=eloabder-20&linkCode=osi&th=1&psc=1">View Product</a></div><div class="product"><a href="https://www.amazon.com/dp/B0D95RCCV4?tag=eloabder-20&linkCode=osi&th=1&psc=1"><img src="https://m.media-amazon.com/images/I/414THsyORKL._SL500_.jpg" alt="Product Image"></a><p>Bruno Marc Men's Hands Free Non Slip Work Shoes, Water Resistance Restaurant Slip on Food Service Sneakers,Size 11,Black,SNIC2410M</p><p> -15% 0FF </p><p>$33.14</p><a href="https://www.amazon.com/dp/B0D95RCCV4?tag=eloabder-20&linkCode=osi&th=1&psc=1">View Product</a></div><div class="product"><a href="https://www.amazon.com/dp/B08XLPHX2K?tag=eloabder-20&linkCode=osi&th=1&psc=1"><img src="https://m.media-amazon.com/images/I/41hIoqZEa+L._SL500_.jpg" alt="Product Image"></a><p>Shoes for Crews Everlight, Women's Slip Resistant Work Shoes, Water Resistant, Black, Size 9</p><p> -14% 0FF </p><p>$59.98</p><a href="https://www.amazon.com/dp/B08XLPHX2K?tag=eloabder-20&linkCode=osi&th=1&psc=1">View Product</a></div>

<div class="product"><a href="https://www.amazon.com/dp/B0CP3Q6CCG?tag=eloabder-20&linkCode=osi&th=1&psc=1"><img src="https://m.media-amazon.com/images/I/41sFYNo44HL._SL500_.jpg" alt="Product Image"></a><p>SAFETOE Welding Boots for Men Composite Toe Safety Boots Fire Resistant Welding Boot 300‚ÑÉHeat Resistant Welder Working Boots</p><p> -20% 0FF </p><p>$71.99</p><a href="https://www.amazon.com/dp/B0CP3Q6CCG?tag=eloabder-20&linkCode=osi&th=1&psc=1">View Product</a></div><div class="product"><a href="https://www.amazon.com/dp/B08L6HJJ7C?tag=eloabder-20&linkCode=osi&th=1&psc=1"><img src="https://m.media-amazon.com/images/I/41RzvjdVq0S._SL500_.jpg" alt="Product Image"></a><p>TOSAFZXY Work Safety Boots for Men Durable Crazy-Horse Leather Indestructible Steel Toe Waterproof and Non-Slip Better Warmth Men Work Shoes Black 13</p><p> -21% 0FF </p><p>$76.99</p><a href="https://www.amazon.com/dp/B08L6HJJ7C?tag=eloabder-20&linkCode=osi&th=1&psc=1">View Product</a></div><div class="product"><a href="https://www.amazon.com/dp/B01E7T2S7M?tag=eloabder-20&linkCode=osi&th=1&psc=1"><img src="https://m.media-amazon.com/images/I/41h2ZazEbDL._SL500_.jpg" alt="Product Image"></a><p>Timberland PRO Men's Powertrain Sport Alloy Safety Toe Industrial Athletic Work Shoe AL, Black/Grey, 11</p><p> -15% 0FF </p><p>$93.45</p><a href="https://www.amazon.com/dp/B01E7T2S7M?tag=eloabder-20&linkCode=osi&th=1&psc=1">View Product</a></div>

<div class="product"><a href="https://www.amazon.com/dp/B08G5DNWPH?tag=eloabder-20&linkCode=osi&th=1&psc=1"><img src="https://m.media-amazon.com/images/I/51z+-4Ne7OS._SL500_.jpg" alt="Product Image"></a><p>Palmer Safety Safety Harness w/Detachable 6 ft Lanyard I Single Leg Lanyard w/Internal Shock Absorbing & Snap Hook I OSHA/ANSI Fall Arrest Kit</p><p> -19% 0FF </p><p>$41.80</p><a href="https://www.amazon.com/dp/B08G5DNWPH?tag=eloabder-20&linkCode=osi&th=1&psc=1">View Product</a></div>
<div class="product"><a href="https://www.amazon.com/dp/B07MPC2DL1?tag=eloabder-20&linkCode=osi&th=1&psc=1"><img src="https://m.media-amazon.com/images/I/414lPL-+oSL._SL500_.jpg" alt="Product Image"></a><p>SHINKODA Black Glasses Strap, Sports Sunglasses & Eyeglasses Holder Straps for Men Women, String Holder, Neck Lanyard Cord, Adjustable Rope Eyewear Keeper Strap, Pack of 6</p><p> -30% 0FF </p><p>$6.99</p><a href="https://www.amazon.com/dp/B07MPC2DL1?tag=eloabder-20&linkCode=osi&th=1&psc=1">View Product</a></div>

<div class="product"><a href="https://www.amazon.com/dp/B07N42HH5R?tag=eloabder-20&linkCode=osi&th=1&psc=1"><img src="https://m.media-amazon.com/images/I/41ckLVLEd2L._SL500_.jpg" alt="Product Image"></a><p>X MONSTER HMPE Synthetic Winch Rope 3/8" x 90' Off Road for UTV/ATV Winch Line Cable Rope with Black Protecting Sleeve 18,000 lbs, Orange</p><p> -50% 0FF </p><p>$39.99 ($0.44 / Foot)</p><a href="https://www.amazon.com/dp/B07N42HH5R?tag=eloabder-20&linkCode=osi&th=1&psc=1">View Product</a></div><div class="product"><a href="https://www.amazon.com/dp/B08GC5NMY2?tag=eloabder-20&linkCode=osi&th=1&psc=1"><img src="https://m.media-amazon.com/images/I/41DLu2HOubL._SL500_.jpg" alt="Product Image"></a><p>AuInn Pack of 2 Velvet Stanchion Ropes, 4.9 Feet Stanchion Queue Barrier Rope Velvet Rope, Crowd Control Rope Barrier, with Mirror Polished Hooks (Red)</p><p> -50% 0FF </p><p>$8.24</p><a href="https://www.amazon.com/dp/B08GC5NMY2?tag=eloabder-20&linkCode=osi&th=1&psc=1">View Product</a></div><div class="product"><a href="https://www.amazon.com/dp/B004XAD2IU?tag=eloabder-20&linkCode=osi&th=1&psc=1"><img src="https://m.media-amazon.com/images/I/41OMk7JUdRL._SL500_.jpg" alt="Product Image"></a><p>SeaSense Rope Cutting Gun for Fishing, Boating & Camping ‚Äì 4‚Äô Cord, 1.5 Lbs, 120 V, 100 W & 1.5 A ‚Äì Lightweight Electric Cutter Tool for Synthetic Rope or Line</p><p> -17% 0FF </p><p>$34.49</p><a href="https://www.amazon.com/dp/B004XAD2IU?tag=eloabder-20&linkCode=osi&th=1&psc=1">View Product</a></div><div class="product"><a href="https://www.amazon.com/dp/B000KA4NZI?tag=eloabder-20&linkCode=osi&th=1&psc=1"><img src="https://m.media-amazon.com/images/I/41dG6S68MnL._SL500_.jpg" alt="Product Image"></a><p>Champion Sports DD Series Double Dutch Licorice Jump Ropes - Pink, 16-Feet (Set)</p><p> -37% 0FF </p><p>$10.10</p><a href="https://www.amazon.com/dp/B000KA4NZI?tag=eloabder-20&linkCode=osi&th=1&psc=1">View Product</a></div><div class="product"><a href="https://www.amazon.com/dp/B0BMVK163Z?tag=eloabder-20&linkCode=osi&th=1&psc=1"><img src="https://m.media-amazon.com/images/I/41lSc76CkEL._SL500_.jpg" alt="Product Image"></a><p>FVIEXE 6 Pack Red Velvet Stanchion Rope, 5 Feet Crowd Control Velvet Ropes with Gold Clasps, Foam Core Red Rope Queue Safety Sarriers Stanchion Post Rope for Party Event and Red Carpet</p><p> -6% 0FF </p><p>$32.99</p><a href="https://www.amazon.com/dp/B0BMVK163Z?tag=eloabder-20&linkCode=osi&th=1&psc=1">View Product</a></div>


<div class="product"><a href="https://www.amazon.com/dp/B06X9CYNJF?tag=eloabder-20&linkCode=osi&th=1&psc=1"><img src="https://m.media-amazon.com/images/I/51ZZNuuD3RL._SL500_.jpg" alt="Product Image"></a><p>VIVOHOME Motorcycle Lift Scissor Jack Steel Wide Deck Hoist Crank Center Stand 1100 LBS Capacity for Motorcycles, ATVs, Dirt Bikes Red</p><p> -20% 0FF </p><p>$79.99</p><a href="https://www.amazon.com/dp/B06X9CYNJF?tag=eloabder-20&linkCode=osi&th=1&psc=1">View Product</a></div><div class="product"><a href="https://www.amazon.com/dp/B0B19LHQG9?tag=eloabder-20&linkCode=osi&th=1&psc=1"><img src="https://m.media-amazon.com/images/I/41KGf+arU0L._SL500_.jpg" alt="Product Image"></a><p>EnryKuo Labor Saving Arm Jack 2 Pack,15.5 Inch Multifunctional Furniture Lifter Jacks for Installing Cabinets and Wall Tile Height Adjuster Handheld Tool</p><p> -42% 0FF </p><p>$28.99</p><a href="https://www.amazon.com/dp/B0B19LHQG9?tag=eloabder-20&linkCode=osi&th=1&psc=1">View Product</a></div><div class="product"><a href="https://www.amazon.com/dp/B002671WFC?tag=eloabder-20&linkCode=osi&th=1&psc=1"><img src="https://m.media-amazon.com/images/I/41SUknvQFBL._SL500_.jpg" alt="Product Image"></a><p>Lumex Stand Assist Patient Lift - Safely Sit, Stand, Transfer & Transport - LF1600</p><p> -11% 0FF </p><p>$648.29</p><a href="https://www.amazon.com/dp/B002671WFC?tag=eloabder-20&linkCode=osi&th=1&psc=1">View Product</a></div><div class="product"><a href="https://www.amazon.com/dp/B00022749Q?tag=eloabder-20&linkCode=osi&th=1&psc=1"><img src="https://m.media-amazon.com/images/I/41yCiXKQqmL._SL500_.jpg" alt="Product Image"></a><p>Shoulder Dolly Moving Straps - Lifting Strap for 2 Movers - Move, Lift, Carry, And Secure Furniture, Appliances, Heavy, Bulky Objects Safely, Efficiently, More Easily Like The Pros - LD1000</p><p> -11% 0FF </p><p>$39.99</p><a href="https://www.amazon.com/dp/B00022749Q?tag=eloabder-20&linkCode=osi&th=1&psc=1">View Product</a></div>
<div class="product"><a href="https://www.amazon.com/dp/B01MT1C80C?tag=eloabder-20&linkCode=osi&th=1&psc=1"><img src="https://m.media-amazon.com/images/I/41lL1b8gXCL._SL500_.jpg" alt="Product Image"></a><p>Happybuy Belt Conveyor 59 x 7.8 inch Conveyor Table Heavy Duty Stainless Steel Motorized Belt Conveyor for Inkjet Coding Applications Powered Rubber PVC Belt Anti Static (One Guardrail)</p><p> -30% 0FF </p><p>$249.99</p><a href="https://www.amazon.com/dp/B01MT1C80C?tag=eloabder-20&linkCode=osi&th=1&psc=1">View Product</a></div><div class="product"><a href="https://www.amazon.com/dp/B0C1PBQT7R?tag=eloabder-20&linkCode=osi&th=1&psc=1"><img src="https://m.media-amazon.com/images/I/41qlOkZESjL._SL500_.jpg" alt="Product Image"></a><p>Winco ECT-300 Commercial Conveyor Toaster, 300 Slices/Hour</p><p> -6% 0FF </p><p>$387.41</p><a href="https://www.amazon.com/dp/B0C1PBQT7R?tag=eloabder-20&linkCode=osi&th=1&psc=1">View Product</a></div>

<div class="product"><a href="https://www.amazon.com/dp/B018ANYYJG?tag=eloabder-20&linkCode=osi&th=1&psc=1"><img src="https://m.media-amazon.com/images/I/416JDvu6ogL._SL500_.jpg" alt="Product Image"></a><p>Global Industrial Pallet Jack Truck, 6600 Lb. Capacity, 27 x 48</p><p> -9% 0FF </p><p>$569.73</p><a href="https://www.amazon.com/dp/B018ANYYJG?tag=eloabder-20&linkCode=osi&th=1&psc=1">View Product</a></div>
<div class="product"><a href="https://www.amazon.com/dp/B0D6FZH97Y?tag=eloabder-20&linkCode=osi&th=1&psc=1"><img src="https://m.media-amazon.com/images/I/31pz8LhlttL._SL500_.jpg" alt="Product Image"></a><p>Golpart 6 Tier Adjustable Storage Shelves,Narrow Mesh Gaps Metal Utility Shelf,Wire Shelving Unit Organizer Rack for Home,Kitchen,Office,Bathroom,Pantry Room,10" D x 16" W x 60" H,Black</p><p> -28% 0FF </p><p>$42.99</p><a href="https://www.amazon.com/dp/B0D6FZH97Y?tag=eloabder-20&linkCode=osi&th=1&psc=1">View Product</a></div>

<div class="product"><a href="https://www.amazon.com/dp/B0CC5GTNPG?tag=eloabder-20&linkCode=osi&th=1&psc=1"><img src="https://m.media-amazon.com/images/I/51I6UsNZ7CL._SL500_.jpg" alt="Product Image"></a><p>VEVOR TF23 Hydraulic Lift Table Cart, 500lbs Capacity 28.5" with 4 Wheels and Non-Slip Pad, for Material Handling and Transportation, Red</p><p> -30% 0FF </p><p>$211.49</p><a href="https://www.amazon.com/dp/B0CC5GTNPG?tag=eloabder-20&linkCode=osi&th=1&psc=1">View Product</a></div><div class="product"><a href="https://www.amazon.com/dp/B0CH33RLV1?tag=eloabder-20&linkCode=osi&th=1&psc=1"><img src="https://m.media-amazon.com/images/I/51wMAvcoyJL._SL500_.jpg" alt="Product Image"></a><p>Kolvoii Labor Saving Arm Jack, 2 Pack Stainless Steel Furniture Jack Lifter, Versatile and Easy to Use Arm Jack Improved Quality Lifting Device</p><p> -31% 0FF </p><p>$45.51</p><a href="https://www.amazon.com/dp/B0CH33RLV1?tag=eloabder-20&linkCode=osi&th=1&psc=1">View Product</a></div>
<div class="product"><a href="https://www.amazon.com/dp/B07KCL992V?tag=eloabder-20&linkCode=osi&th=1&psc=1"><img src="https://m.media-amazon.com/images/I/41ebYUzCm3L._SL500_.jpg" alt="Product Image"></a><p>Really Good Stuff Rainbow Organizing Bins, Premium Plastic Book Holders With Name Labels, Vertical Storage & Organization for Classroom & Home, Color Code Files, Books, Binders, Supplies, 12 pk</p><p> -10% 0FF </p><p>$62.09</p><a href="https://www.amazon.com/dp/B07KCL992V?tag=eloabder-20&linkCode=osi&th=1&psc=1">View Product</a></div><div class="product"><a href="https://www.amazon.com/dp/B0768DC8G6?tag=eloabder-20&linkCode=osi&th=1&psc=1"><img src="https://m.media-amazon.com/images/I/51BKAcmJ9qL._SL500_.jpg" alt="Product Image"></a><p>HORUSDY Wall Mounted Storage Bins Parts Rack 30PC Organizer Garage Plastic Shop Tool for Men's Gift, Blue,Orange,Red</p><p> -40% 0FF </p><p>$29.99</p><a href="https://www.amazon.com/dp/B0768DC8G6?tag=eloabder-20&linkCode=osi&th=1&psc=1">View Product</a></div><div class="product"><a href="https://www.amazon.com/dp/B002VK7D5C?tag=eloabder-20&linkCode=osi&th=1&psc=1"><img src="https://m.media-amazon.com/images/I/31Z-XvLCdRL._SL500_.jpg" alt="Product Image"></a><p>Akro-Mils 30210 AkroBins Plastic Hanging Stackable Storage Organizer Bin, 5-Inch x 4-Inch x 3-Inch, Clear, 24-Pack</p><p> -16% 0FF </p><p>$45.97</p><a href="https://www.amazon.com/dp/B002VK7D5C?tag=eloabder-20&linkCode=osi&th=1&psc=1">View Product</a></div>
<div class="product"><a href="https://www.amazon.com/dp/B0BTHQ64ZY?tag=eloabder-20&linkCode=osi&th=1&psc=1"><img src="https://m.media-amazon.com/images/I/310KexriEhL._SL500_.jpg" alt="Product Image"></a><p>PEUKC Display Cabinet with Glass Doors, Curio Cabinets with 4 Adjustable Shelves, Locking Glass Cabinet Display Case for Home, Office, Clinic, Pantry, Assemble Required, Black</p><p> -7% 0FF </p><p>$124.98</p><a href="https://www.amazon.com/dp/B0BTHQ64ZY?tag=eloabder-20&linkCode=osi&th=1&psc=1">View Product</a></div><div class="product"><a href="https://www.amazon.com/dp/B0CRDQFRXC?tag=eloabder-20&linkCode=osi&th=1&psc=1"><img src="https://m.media-amazon.com/images/I/41kJKgAwQTL._SL500_.jpg" alt="Product Image"></a><p>YDTOP Double Tilt Out Trash Cabinet 20 Gallon, Dual Kitchen Wood Trash Can Cabinet with Hideaway Drawers, Freestanding Hidden Garbage Recycling Cabinet Pet Proof, Black</p><p> -29% 0FF </p><p>$119.99</p><a href="https://www.amazon.com/dp/B0CRDQFRXC?tag=eloabder-20&linkCode=osi&th=1&psc=1">View Product</a></div><div class="product"><a href="https://www.amazon.com/dp/B0CPPKWZT1?tag=eloabder-20&linkCode=osi&th=1&psc=1"><img src="https://m.media-amazon.com/images/I/41NLwoLkXbL._SL500_.jpg" alt="Product Image"></a><p>Insputer Pull Out Trash Can Under Cabinet with Soft-Close Slides, Heavy Duty Under Sink Trash Can Kit for Kitchen, Garbage Can Not Included, Requires Minimum Cabinets Opening 12" W X 18" D</p><p> -13% 0FF </p><p>$69.99</p><a href="https://www.amazon.com/dp/B0CPPKWZT1?tag=eloabder-20&linkCode=osi&th=1&psc=1">View Product</a></div><div class="product"><a href="https://www.amazon.com/dp/B0CVQVXN4R?tag=eloabder-20&linkCode=osi&th=1&psc=1"><img src="https://m.media-amazon.com/images/I/41zO0HSzOsL._SL500_.jpg" alt="Product Image"></a><p>HOLDN‚Äô STORAGE Pull Out Trash Can Under Cabinet - Trash Can Not Included - Dedicated Space for Disposable Trash Bags, Requires a 11‚Äù Cabinet Opening, Adjustable, Heavy Duty, Anti Rust Chrome Finish</p><p> -50% 0FF </p><p>$14.99</p><a href="https://www.amazon.com/dp/B0CVQVXN4R?tag=eloabder-20&linkCode=osi&th=1&psc=1">View Product</a></div><div class="product"><a href="https://www.amazon.com/dp/B01N74P0QB?tag=eloabder-20&linkCode=osi&th=1&psc=1"><img src="https://m.media-amazon.com/images/I/41nGX9ZrByL._SL500_.jpg" alt="Product Image"></a><p>Scotch Clear Adhesive Bumper Pads 40 PCS, Self-Stick Rubber Pads 1/2" round, Cabinet Door Rubber Bumpers, Designed to Protect Cabinets and Drawers, Sound Dampening, Transparent (SP951-NA)</p><p> -26% 0FF </p><p>$5.17 ($0.13 / Count)</p><a href="https://www.amazon.com/dp/B01N74P0QB?tag=eloabder-20&linkCode=osi&th=1&psc=1">View Product</a></div><div class="product"><a href="https://www.amazon.com/dp/B0B3WSZ3QP?tag=eloabder-20&linkCode=osi&th=1&psc=1"><img src="https://m.media-amazon.com/images/I/414o0TQt26L._SL500_.jpg" alt="Product Image"></a><p>Set of 4, 10 Inch Non-Skid Lazy Susan Organizers - Turntable Rack for Cabinet, Pantry Organization and Storage, Kitchen, Fridge, Bathroom Makeup Vanity Countertop, Under Sink Organizing, Spice Rack</p><p> -14% 0FF </p><p>$24.96 ($6.24 / Count)</p><a href="https://www.amazon.com/dp/B0B3WSZ3QP?tag=eloabder-20&linkCode=osi&th=1&psc=1">View Product</a></div>
<div class="product"><a href="https://www.amazon.com/dp/B07QSTF4YW?tag=eloabder-20&linkCode=osi&th=1&psc=1"><img src="https://m.media-amazon.com/images/I/41lmEyfx8mL._SL500_.jpg" alt="Product Image"></a><p>Fayleeko Combination Lock, 4 Digit Padlock for School Gym Sports Locker, Fence, Toolbox, Case, Hasp Cabinet Storage (2 Pack, Black)</p><p> -42% 0FF </p><p>$7.48 ($3.74 / Count)</p><a href="https://www.amazon.com/dp/B07QSTF4YW?tag=eloabder-20&linkCode=osi&th=1&psc=1">View Product</a></div><div class="product"><a href="https://www.amazon.com/dp/B0039XQUMM?tag=eloabder-20&linkCode=osi&th=1&psc=1"><img src="https://m.media-amazon.com/images/I/41I1akF19UL._SL500_.jpg" alt="Product Image"></a><p>Master Lock 1561DLTBLU Locker Lock Combination Padlock, 1 Pack, Light Blue</p><p> -11% 0FF </p><p>$11.26</p><a href="https://www.amazon.com/dp/B0039XQUMM?tag=eloabder-20&linkCode=osi&th=1&psc=1">View Product</a></div><div class="product"><a href="https://www.amazon.com/dp/B07RJ9VLTX?tag=eloabder-20&linkCode=osi&th=1&psc=1"><img src="https://m.media-amazon.com/images/I/31SBHrrChGL._SL500_.jpg" alt="Product Image"></a><p>Zarker XD35 Combination Lock, 3-Digit Padlock for School Gym Sports LockerLock, Fence, Toolbox, Case, Hasp Storage (1-Pack, Emerald)</p><p> -29% 0FF </p><p>$8.39</p><a href="https://www.amazon.com/dp/B07RJ9VLTX?tag=eloabder-20&linkCode=osi&th=1&psc=1">View Product</a></div><div class="product"><a href="https://www.amazon.com/dp/B075DFPR2W?tag=eloabder-20&linkCode=osi&th=1&psc=1"><img src="https://m.media-amazon.com/images/I/41RIUm3PW9L._SL500_.jpg" alt="Product Image"></a><p>Puroma 2 Pack Combination Lock 4 Digit Locker Lock Outdoor Waterproof Padlock for School Gym Locker, Sports Locker, Fence, Toolbox, Gate, Case, Hasp Storage (Black)</p><p> -23% 0FF </p><p>$9.99 ($5.00 / Count)</p><a href="https://www.amazon.com/dp/B075DFPR2W?tag=eloabder-20&linkCode=osi&th=1&psc=1">View Product</a></div>

<div class="product"><a href="https://www.amazon.com/dp/B0000AXNO5?tag=eloabder-20&linkCode=osi&th=1&psc=1"><img src="https://m.media-amazon.com/images/I/411lu8hpsTL._SL500_.jpg" alt="Product Image"></a><p>SIMPLE GREEN ndustrial Cleaner and Degreaser, 1 US GALLON</p><p> -49% 0FF </p><p>$12.79 ($0.10 / Fl Oz)</p><a href="https://www.amazon.com/dp/B0000AXNO5?tag=eloabder-20&linkCode=osi&th=1&psc=1">View Product</a></div><div class="product"><a href="https://www.amazon.com/dp/B0B6HNYPD1?tag=eloabder-20&linkCode=osi&th=1&psc=1"><img src="https://m.media-amazon.com/images/I/51EInWKBX1L._SL500_.jpg" alt="Product Image"></a><p>String Mop for Floor Cleaning - Heavy Duty Industrial Commercial Mop with Extra Replacement Mop Head , 59inch Mop Handle, Wet Mop for Home,Garage,Office, Workshop, Warehouse Floor Cleaning</p><p> -22% 0FF </p><p>$28.98</p><a href="https://www.amazon.com/dp/B0B6HNYPD1?tag=eloabder-20&linkCode=osi&th=1&psc=1">View Product</a></div><div class="product"><a href="https://www.amazon.com/dp/B09V5FV7H8?tag=eloabder-20&linkCode=osi&th=1&psc=1"><img src="https://m.media-amazon.com/images/I/41GFVuDbcUL._SL500_.jpg" alt="Product Image"></a><p>VELCRO Brand Industrial Strength Fasteners | Extreme Outdoor Weather Conditions | Heavy Duty Strength Holds up to 15 lbs | 4 x 2 inch Strips, 3 Sets, Black (VEL-30758-USA)</p><p> -30% 0FF </p><p>$5.27</p><a href="https://www.amazon.com/dp/B09V5FV7H8?tag=eloabder-20&linkCode=osi&th=1&psc=1">View Product</a></div><div class="product"><a href="https://www.amazon.com/dp/B00006RSP1?tag=eloabder-20&linkCode=osi&th=1&psc=1"><img src="https://m.media-amazon.com/images/I/41oE--c0W-L._SL500_.jpg" alt="Product Image"></a><p>VELCRO Brand Heavy Duty Tape with Adhesive | 15 Ft x 2 In | Holds 10 lbs, Black | Industrial Strength Roll, Cut Strips to Length | Strong Hold for Indoor or Outdoor Use, 15ft x 2in</p><p> -50% 0FF </p><p>$20.24</p><a href="https://www.amazon.com/dp/B00006RSP1?tag=eloabder-20&linkCode=osi&th=1&psc=1">View Product</a></div><div class="product"><a href="https://www.amazon.com/dp/B0BDLFSZR4?tag=eloabder-20&linkCode=osi&th=1&psc=1"><img src="https://m.media-amazon.com/images/I/41tLbo5s0BL._SL500_.jpg" alt="Product Image"></a><p>KeFanta Commercial Mop Heavy Duty Industrial Mop with Long Handle,60" Looped-End String Wet Cotton Mops for Floor Cleaning,Home,Kitchen,Office,Garage and Concrete/Tile Floor</p><p> -5% 0FF </p><p>$19.97</p><a href="https://www.amazon.com/dp/B0BDLFSZR4?tag=eloabder-20&linkCode=osi&th=1&psc=1">View Product</a></div>
<div class="product"><a href="https://www.amazon.com/dp/B0CTJ4Y52T?tag=eloabder-20&linkCode=osi&th=1&psc=1"><img src="https://m.media-amazon.com/images/I/410DrBVMpwL._SL500_.jpg" alt="Product Image"></a><p>Ernst Manufacturing Wrench Pro Wrench Storage for 20 Wrenches - Hi-Viz</p><p> -5% 0FF </p><p>$16.10</p><a href="https://www.amazon.com/dp/B0CTJ4Y52T?tag=eloabder-20&linkCode=osi&th=1&psc=1">View Product</a></div><div class="product"><a href="https://www.amazon.com/dp/B011BDWS5Y?tag=eloabder-20&linkCode=osi&th=1&psc=1"><img src="https://m.media-amazon.com/images/I/31vzNsRYhkL._SL500_.jpg" alt="Product Image"></a><p>Tower Manufacturing 30434009 Auto-Reset 15 AMP Right Angle GFCI Plug, Black</p><p> -6% 0FF </p><p>$16.96</p><a href="https://www.amazon.com/dp/B011BDWS5Y?tag=eloabder-20&linkCode=osi&th=1&psc=1">View Product</a></div><div class="product"><a href="https://www.amazon.com/dp/B0CTJ78V81?tag=eloabder-20&linkCode=osi&th=1&psc=1"><img src="https://m.media-amazon.com/images/I/41NufwoDLiL._SL500_.jpg" alt="Product Image"></a><p>Ernst Manufacturing Wrench Pro - Modular Wrench Organizer for 40 Tools with Magnetic Base (Hi-Viz) - Made in the USA</p><p> -5% 0FF </p><p>$37.95</p><a href="https://www.amazon.com/dp/B0CTJ78V81?tag=eloabder-20&linkCode=osi&th=1&psc=1">View Product</a></div><div class="product"><a href="https://www.amazon.com/dp/B075XZPMHX?tag=eloabder-20&linkCode=osi&th=1&psc=1"><img src="https://m.media-amazon.com/images/I/41YihmHjGFL._SL500_.jpg" alt="Product Image"></a><p>PURELL Brand CLEAN RELEASE Technology (CRT) HEALTHY SOAP Naturally Clean Foam, Fragrance Free, 1200 mL Refill for PURELL ES6 Automatic Soap Dispenser (Pack of 2) - 6470-02-Manufactured by GOJO, Inc.</p><p> -14% 0FF </p><p>$51.86 ($1.28 / Fl Oz)</p><a href="https://www.amazon.com/dp/B075XZPMHX?tag=eloabder-20&linkCode=osi&th=1&psc=1">View Product</a></div><div class="product"><a href="https://www.amazon.com/dp/B012IMWAXW?tag=eloabder-20&linkCode=osi&th=1&psc=1"><img src="https://m.media-amazon.com/images/I/41jdAol8VML._SL500_.jpg" alt="Product Image"></a><p>Schaeffer Manufacturing Co. 0191-012S Micron Moly Racing Engine Oil 20W-50, 1-Quart Bottle</p><p> -8% 0FF </p><p>$10.48</p><a href="https://www.amazon.com/dp/B012IMWAXW?tag=eloabder-20&linkCode=osi&th=1&psc=1">View Product</a></div><div class="product"><a href="https://www.amazon.com/dp/B09F8CM69J?tag=eloabder-20&linkCode=osi&th=1&psc=1"><img src="https://m.media-amazon.com/images/I/41Ok3l4S+nL._SL500_.jpg" alt="Product Image"></a><p>Boka Fluoride Free Toothpaste- Nano Hydroxyapatite, Remineralizing, Sensitive Teeth, Whitening - Dentist Recommended for Adult, Kids Oral Care- Lemon Lavender Flavor, 4 Fl Oz 1Pk US Manufactured</p><p> -19% 0FF </p><p>$12.99 ($3.25 / Ounce)</p><a href="https://www.amazon.com/dp/B09F8CM69J?tag=eloabder-20&linkCode=osi&th=1&psc=1">View Product</a></div><div class="product"><a href="https://www.amazon.com/dp/B0060BFYHM?tag=eloabder-20&linkCode=osi&th=1&psc=1"><img src="https://m.media-amazon.com/images/I/41oFKMzBXIL._SL500_.jpg" alt="Product Image"></a><p>Ernst Manufacturing 3/8-Inch Dura-Pro Twist Lock Socket Clips, 15-Pack, Black - 8441</p><p> -25% 0FF </p><p>$7.99</p><a href="https://www.amazon.com/dp/B0060BFYHM?tag=eloabder-20&linkCode=osi&th=1&psc=1">View Product</a></div>
<div class="product"><a href="https://www.amazon.com/dp/B0094KPK70?tag=eloabder-20&linkCode=osi&th=1&psc=1"><img src="https://m.media-amazon.com/images/I/31gFDiqADHL._SL500_.jpg" alt="Product Image"></a><p>Miss Jessie's Pillow Soft Curls Unisex Lotion 8.5 oz</p><p> -11% 0FF </p><p>$21.97 ($2.58 / Fl Oz)</p><a href="https://www.amazon.com/dp/B0094KPK70?tag=eloabder-20&linkCode=osi&th=1&psc=1">View Product</a></div><div class="product"><a href="https://www.amazon.com/dp/B000052YCL?tag=eloabder-20&linkCode=osi&th=1&psc=1"><img src="https://m.media-amazon.com/images/I/41LCxmzicBL._SL500_.jpg" alt="Product Image"></a><p>biot√®ne Oral Rinse Mouthwash for Dry Mouth, Breath Freshener and Dry Mouth Treatment, Fresh Mint, 16 fl oz</p><p> -15% 0FF </p><p>$6.79 ($0.42 / Fl Oz)</p><a href="https://www.amazon.com/dp/B000052YCL?tag=eloabder-20&linkCode=osi&th=1&psc=1">View Product</a></div><div class="product"><a href="https://www.amazon.com/dp/B006ZUW070?tag=eloabder-20&linkCode=osi&th=1&psc=1"><img src="https://m.media-amazon.com/images/I/311iQ7u1zvS._SL500_.jpg" alt="Product Image"></a><p>Method Antibacterial Toilet Bowl Cleaner, Spearmint, Kills 99.9% of Household Germs, 24 Fl Oz</p><p> -58% 0FF </p><p>$4.39 ($0.18 / Fl Oz)</p><a href="https://www.amazon.com/dp/B006ZUW070?tag=eloabder-20&linkCode=osi&th=1&psc=1">View Product</a></div><div class="product"><a href="https://www.amazon.com/dp/B002KAOAZ4?tag=eloabder-20&linkCode=osi&th=1&psc=1"><img src="https://m.media-amazon.com/images/I/41MXc4FkUXL._SL500_.jpg" alt="Product Image"></a><p>biot√®ne Oral Rinse Mouthwash for Dry Mouth, Breath Freshener and Dry Mouth Treatment, Fresh Mint - 33.8 fl oz</p><p> -22% 0FF </p><p>$10.98 ($0.32 / Fl Oz)</p><a href="https://www.amazon.com/dp/B002KAOAZ4?tag=eloabder-20&linkCode=osi&th=1&psc=1">View Product</a></div><div class="product"><a href="https://www.amazon.com/dp/B002L13EK4?tag=eloabder-20&linkCode=osi&th=1&psc=1"><img src="https://m.media-amazon.com/images/I/41WL7dl9L-L._SL500_.jpg" alt="Product Image"></a><p>Core Products Soft Comfort CorPak, No Frost Hot and Cold Therapy Pack - 10" x 13", Made in The USA</p><p> -17% 0FF </p><p>$14.98 ($14.98 / Count)</p><a href="https://www.amazon.com/dp/B002L13EK4?tag=eloabder-20&linkCode=osi&th=1&psc=1">View Product</a></div>
<div class="product"><a href="https://www.amazon.com/dp/B0CRNSYY12?tag=eloabder-20&linkCode=osi&th=1&psc=1"><img src="https://m.media-amazon.com/images/I/41CCImE12+L._SL500_.jpg" alt="Product Image"></a><p>Pvilub UFO LED High Bay Light 200W 2 Pack, 5000K Dimmable High Bay LED Light Fixture with US Plug 5' Cable, 28000LM IP65 Waterproof High Bay Lights for Workshop Factory Barn Warehouse</p><p> -50% 0FF </p><p>$44.99 ($22.50 / Count)</p><a href="https://www.amazon.com/dp/B0CRNSYY12?tag=eloabder-20&linkCode=osi&th=1&psc=1">View Product</a></div><div class="product"><a href="https://www.amazon.com/dp/B0CXX9R85C?tag=eloabder-20&linkCode=osi&th=1&psc=1"><img src="https://m.media-amazon.com/images/I/415nSzRaRzL._SL500_.jpg" alt="Product Image"></a><p>Sud Factory Dissolve X2 Upgraded Paint Hard Water Spot & Stain Remover for Cars, Trucks, Boats, Motorcycle, RVs, Homes & More - 16oz</p><p> -5% 0FF </p><p>$31.32 ($1.96 / Fl Oz)</p><a href="https://www.amazon.com/dp/B0CXX9R85C?tag=eloabder-20&linkCode=osi&th=1&psc=1">View Product</a></div><div class="product"><a href="https://www.amazon.com/dp/B0CYQ6YG8V?tag=eloabder-20&linkCode=osi&th=1&psc=1"><img src="https://m.media-amazon.com/images/I/415R2W7EePL._SL500_.jpg" alt="Product Image"></a><p>4-Pack UFO LED High Bay Light 200W, High Bay LED Shop Lights 6500K 30000LM Daylight UL Listed with US Plug 5' Cable, Hanging Hook, LED UFO High Bay Lights for Warehouse Workshop Garage Factory Barn</p><p> -32% 0FF </p><p>$129.99</p><a href="https://www.amazon.com/dp/B0CYQ6YG8V?tag=eloabder-20&linkCode=osi&th=1&psc=1">View Product</a></div><div class="product"><a href="https://www.amazon.com/dp/B00T3Z6VG0?tag=eloabder-20&linkCode=osi&th=1&psc=1"><img src="https://m.media-amazon.com/images/I/41HMtL8drLL._SL500_.jpg" alt="Product Image"></a><p>Lifefactory 20-Ounce Indoor/Outdoor Protective Silicone Sleeve Beverage Glass, 4 Count (Pack of 1), Orange, Grass Green, Cobalt, Huckleberry</p><p> -20% 0FF </p><p>$39.99 ($10.00 / Count)</p><a href="https://www.amazon.com/dp/B00T3Z6VG0?tag=eloabder-20&linkCode=osi&th=1&psc=1">View Product</a></div><div class="product"><a href="https://www.amazon.com/dp/B0CYQ2W7YR?tag=eloabder-20&linkCode=osi&th=1&psc=1"><img src="https://m.media-amazon.com/images/I/41zMwlG6vaL._SL500_.jpg" alt="Product Image"></a><p>6 Packs UFO LED High Bay Light - 200W High Bay LED Shop Lights, 6500K 30000LM UFO Lights with US Plug 5ft Cable, Hanging Hook, Commercial Bay Lighting Daylight for Warehouse Factory Shop - UL Listed</p><p> -36% 0FF </p><p>$179.99 ($30.00 / Count)</p><a href="https://www.amazon.com/dp/B0CYQ2W7YR?tag=eloabder-20&linkCode=osi&th=1&psc=1">View Product</a></div><div class="product"><a href="https://www.amazon.com/dp/B08Y2J4C4C?tag=eloabder-20&linkCode=osi&th=1&psc=1"><img src="https://m.media-amazon.com/images/I/41T83Y3drrL._SL500_.jpg" alt="Product Image"></a><p>Factory Direct Partners 10368-BK 16" School Stack Chair, Stacking Student Seat with Chromed Steel Legs and Nylon Swivel Glides for in-Home Learning or Classroom - Black (6-Pack)</p><p> -21% 0FF </p><p>$240.05 ($40.01 / Count)</p><a href="https://www.amazon.com/dp/B08Y2J4C4C?tag=eloabder-20&linkCode=osi&th=1&psc=1">View Product</a></div><div class="product"><a href="https://www.amazon.com/dp/B0D6X64LWH?tag=eloabder-20&linkCode=osi&th=1&psc=1"><img src="https://m.media-amazon.com/images/I/41MQiiwVEsL._SL500_.jpg" alt="Product Image"></a><p>White Knight M12x1.25 Lug Nuts for Select Nissan and Infiniti, Factory Style Chrome Med Mag with Washer - 5306-20AM (20 Pack)</p><p> -16% 0FF </p><p>$20.88</p><a href="https://www.amazon.com/dp/B0D6X64LWH?tag=eloabder-20&linkCode=osi&th=1&psc=1">View Product</a></div>
<div class="product"><a href="https://www.amazon.com/dp/B0CKWZTJTL?tag=eloabder-20&linkCode=osi&th=1&psc=1"><img src="https://m.media-amazon.com/images/I/51x2qwWd-3L._SL500_.jpg" alt="Product Image"></a><p>VEVOR 4pcs Machinery Mover, 8T Machinery Skate Dolly, 17637lbs Machinery Moving Skate, Machinery Mover Skate w/ 360¬∞ Rotation Cap and 4 Rollers, Heavy Duty Industrial Moving Equipment, Yellow</p><p> -5% 0FF </p><p>$142.49</p><a href="https://www.amazon.com/dp/B0CKWZTJTL?tag=eloabder-20&linkCode=osi&th=1&psc=1">View Product</a></div><div class="product"><a href="https://www.amazon.com/dp/B0CB8VNTLN?tag=eloabder-20&linkCode=osi&th=1&psc=1"><img src="https://m.media-amazon.com/images/I/41PG7e4nerL._SL500_.jpg" alt="Product Image"></a><p>VEVOR Machinery Skate Dolly, 13,200 LBS/6T Industrial Machinery Mover, Heavy Duty Carbon Steel Machinery Moving Skate with 4 PU Wheels and 360¬∞ Rotation Non-Slip Cap for Warehouse, Workshop, Factory</p><p> -26% 0FF </p><p>$29.69</p><a href="https://www.amazon.com/dp/B0CB8VNTLN?tag=eloabder-20&linkCode=osi&th=1&psc=1">View Product</a></div><div class="product"><a href="https://www.amazon.com/dp/B0BG5HT6VK?tag=eloabder-20&linkCode=osi&th=1&psc=1"><img src="https://m.media-amazon.com/images/I/419hHIpihrL._SL500_.jpg" alt="Product Image"></a><p>VEVOR Machinery Skate Dolly, 6614 LBS/3T Industrial Machinery Mover with Handle, Carbon Steel Machinery Moving Skate with 3 360¬∞ Swivel PU Wheels, 360¬∞ Rotation Non-Slip Cap for Warehouse, Workshop</p><p> -9% 0FF </p><p>$99.99</p><a href="https://www.amazon.com/dp/B0BG5HT6VK?tag=eloabder-20&linkCode=osi&th=1&psc=1">View Product</a></div>
<div class="product"><a href="https://www.amazon.com/dp/B07R71PYPH?tag=eloabder-20&linkCode=osi&th=1&psc=1"><img src="https://m.media-amazon.com/images/I/51xY0A0dj6L._SL500_.jpg" alt="Product Image"></a><p>NEENCA Professional Knee Brace for Pain Relief, Medical Knee Support with Patella Pad & Side Stabilizers, Compression Knee Sleeve for Meniscus Tear, ACL, Joint Pain, Runner, Workout - FSA/HSA Eligible</p><p> -15% 0FF </p><p>$22.07</p><a href="https://www.amazon.com/dp/B07R71PYPH?tag=eloabder-20&linkCode=osi&th=1&psc=1">View Product</a></div><div class="product"><a href="https://www.amazon.com/dp/B0D8KQ4349?tag=eloabder-20&linkCode=osi&th=1&psc=1"><img src="https://m.media-amazon.com/images/I/41E0E-DrOiL._SL500_.jpg" alt="Product Image"></a><p>Rechargeable EMF Meter, 5 Level LED Portable Handheld Magnetic Field Detector for Ghost Hunting and Inspections in Home, Electromagnetic Paranormal Equipment Tester Up to 20 + MG</p><p> -17% 0FF </p><p>$14.99</p><a href="https://www.amazon.com/dp/B0D8KQ4349?tag=eloabder-20&linkCode=osi&th=1&psc=1">View Product</a></div><div class="product"><a href="https://www.amazon.com/dp/B08R6XRYVD?tag=eloabder-20&linkCode=osi&th=1&psc=1"><img src="https://m.media-amazon.com/images/I/31Oss0Gr+fL._SL500_.jpg" alt="Product Image"></a><p>99.9% Copper Dowsing Rods - 2PCS Divining Rods - for Ghost Hunting Tools, Divining Water, Treasure, Buried Items Etc</p><p> -30% 0FF </p><p>$13.99</p><a href="https://www.amazon.com/dp/B08R6XRYVD?tag=eloabder-20&linkCode=osi&th=1&psc=1">View Product</a></div>
<div class="product"><a href="https://www.amazon.com/dp/B0723914V1?tag=eloabder-20&linkCode=osi&th=1&psc=1"><img src="https://m.media-amazon.com/images/I/51A+d87r2aL._SL500_.jpg" alt="Product Image"></a><p>DEKOPRO 228 Piece Socket Wrench Auto Repair Tool Combination Package Mixed Tool Set Hand Tool Kit with Plastic Toolbox Storage Case</p><p> -20% 0FF </p><p>$79.99</p><a href="https://www.amazon.com/dp/B0723914V1?tag=eloabder-20&linkCode=osi&th=1&psc=1">View Product</a></div><div class="product"><a href="https://www.amazon.com/dp/B0105SSMRO?tag=eloabder-20&linkCode=osi&th=1&psc=1"><img src="https://m.media-amazon.com/images/I/313ovohBnZL._SL500_.jpg" alt="Product Image"></a><p>7-piece Workpro Pliers Set with Groove Joint, Long Nose, Slip Joint, Linesman, and Diagonal Pliers for DIY & Home Use</p><p> -20% 0FF </p><p>$19.99</p><a href="https://www.amazon.com/dp/B0105SSMRO?tag=eloabder-20&linkCode=osi&th=1&psc=1">View Product</a></div><div class="product"><a href="https://www.amazon.com/dp/B0BR8B8XKJ?tag=eloabder-20&linkCode=osi&th=1&psc=1"><img src="https://m.media-amazon.com/images/I/41fSDIgwWCL._SL500_.jpg" alt="Product Image"></a><p>2Pcs Heavy Duty Automatic Center Punch, 5'' Premium Steel Spring Loaded Center Hole Punch, Adjustable Spring Impact Center Marker Scriber Tool for Metel, Plastics, Wood, Glass by karmiero</p><p> -20% 0FF </p><p>$3.99</p><a href="https://www.amazon.com/dp/B0BR8B8XKJ?tag=eloabder-20&linkCode=osi&th=1&psc=1">View Product</a></div><div class="product"><a href="https://www.amazon.com/dp/B08YRLZCPJ?tag=eloabder-20&linkCode=osi&th=1&psc=1"><img src="https://m.media-amazon.com/images/I/51LIpo1iBZS._SL500_.jpg" alt="Product Image"></a><p>Egofine 46 Pieces 1/4 inch Drive Socket Ratchet Wrench Set, with Bit Socket Set Metric and Extension Bar for Auto Repairing and Household, with Storage Case</p><p> -23% 0FF </p><p>$19.87</p><a href="https://www.amazon.com/dp/B08YRLZCPJ?tag=eloabder-20&linkCode=osi&th=1&psc=1">View Product</a></div><div class="product"><a href="https://www.amazon.com/dp/B07WP4165D?tag=eloabder-20&linkCode=osi&th=1&psc=1"><img src="https://m.media-amazon.com/images/I/51TA+8eP4zL._SL500_.jpg" alt="Product Image"></a><p>Laser Level Line Tool, Multipurpose Laser Level Kit Standard Cross Line Laser leveler Beam Tool with Metric Rulers 8ft/2.5M for Picture Hanging cabinets Tile Walls by AikTryee.</p><p> -48% 0FF </p><p>$9.95</p><a href="https://www.amazon.com/dp/B07WP4165D?tag=eloabder-20&linkCode=osi&th=1&psc=1">View Product</a></div><div class="product"><a href="https://www.amazon.com/dp/B09TB7M842?tag=eloabder-20&linkCode=osi&th=1&psc=1"><img src="https://m.media-amazon.com/images/I/412U9M3sOcL._SL500_.jpg" alt="Product Image"></a><p>DEWALT 20V MAX XR Cut Off Tool, Brushless and Compact, Bare Tool Only (DCS438B)</p><p> -37% 0FF </p><p>$125.90</p><a href="https://www.amazon.com/dp/B09TB7M842?tag=eloabder-20&linkCode=osi&th=1&psc=1">View Product</a></div><div class="product"><a href="https://www.amazon.com/dp/B0BRPVRC77?tag=eloabder-20&linkCode=osi&th=1&psc=1"><img src="https://m.media-amazon.com/images/I/51DFLa11vEL._SL500_.jpg" alt="Product Image"></a><p>HORUSDY 16-Piece Punch and Chisel Set, Including Taper Punch, Cold Chisels, Pin Punch, Center Punch</p><p> -22% 0FF </p><p>$20.99</p><a href="https://www.amazon.com/dp/B0BRPVRC77?tag=eloabder-20&linkCode=osi&th=1&psc=1">View Product</a></div>
<div class="product"><a href="https://www.amazon.com/dp/B088M48Z3G?tag=eloabder-20&linkCode=osi&th=1&psc=1"><img src="https://m.media-amazon.com/images/I/51MV5+juS8L._SL500_.jpg" alt="Product Image"></a><p>anezus Self Healing Sewing Mat, 12inch x 18inch Rotary Cutting Mat Double Sided 5-Ply Craft Cutting Board for Sewing Crafts Hobby Fabric Precision Scrapbooking Project</p><p> -44% 0FF </p><p>$8.99</p><a href="https://www.amazon.com/dp/B088M48Z3G?tag=eloabder-20&linkCode=osi&th=1&psc=1">View Product</a></div><div class="product"><a href="https://www.amazon.com/dp/B0BX2BN5KQ?tag=eloabder-20&linkCode=osi&th=1&psc=1"><img src="https://m.media-amazon.com/images/I/31VTaTFWBXL._SL500_.jpg" alt="Product Image"></a><p>12 * 12 inch Packing Paper for Moving 100 Sheets Protecting Fragile China and Glasses,Small Wrapping Paper for Shipping and Moving Box Filler</p><p> -20% 0FF </p><p>$6.99 ($0.07 / Count)</p><a href="https://www.amazon.com/dp/B0BX2BN5KQ?tag=eloabder-20&linkCode=osi&th=1&psc=1">View Product</a></div>
<div class="product"><a href="https://www.amazon.com/dp/B0CMZZGXPX?tag=eloabder-20&linkCode=osi&th=1&psc=1"><img src="https://m.media-amazon.com/images/I/31YMA2qw31L._SL500_.jpg" alt="Product Image"></a><p>CREGEAR ABS Plastic Sheet 1/8 Inch Thick - 12" x 12", Black Plastic Sheet Rigid Thermoplastic Sheet, ABS Plastic Board for Sign, Craft, DIY Project, 2 Different Surfaces - Texture & Smooth, 1 Pack</p><p> -11% 0FF </p><p>$7.97</p><a href="https://www.amazon.com/dp/B0CMZZGXPX?tag=eloabder-20&linkCode=osi&th=1&psc=1">View Product</a></div>
<div class="product"><a href="https://www.amazon.com/dp/B0B293QNWQ?tag=eloabder-20&linkCode=osi&th=1&psc=1"><img src="https://m.media-amazon.com/images/I/41+feq08GCL._SL500_.jpg" alt="Product Image"></a><p>Metal Ice Scoop 6 OzÔºåKitchen Ice Scooper for Ice Maker, Small Food Scoops for Bar Party Wedding Pet Dog Food, Stainless Steel Silver</p><p> -30% 0FF </p><p>$6.99</p><a href="https://www.amazon.com/dp/B0B293QNWQ?tag=eloabder-20&linkCode=osi&th=1&psc=1">View Product</a></div><div class="product"><a href="https://www.amazon.com/dp/B07PXLJ9MP?tag=eloabder-20&linkCode=osi&th=1&psc=1"><img src="https://m.media-amazon.com/images/I/41YOR10YvIL._SL500_.jpg" alt="Product Image"></a><p>Fayleeko Wire Coat Hangers 40 Pack Strong Heavy Duty Stainless Steel Metal Ultra Thin Space Saving Clothes Hangers 16.5 Inch</p><p> -38% 0FF </p><p>$24.88 ($0.62 / Count)</p><a href="https://www.amazon.com/dp/B07PXLJ9MP?tag=eloabder-20&linkCode=osi&th=1&psc=1">View Product</a></div><div class="product"><a href="https://www.amazon.com/dp/B000H5W3PI?tag=eloabder-20&linkCode=osi&th=1&psc=1"><img src="https://m.media-amazon.com/images/I/21FCToLy5VL._SL500_.jpg" alt="Product Image"></a><p>K&S Sheet Metal Stock, Made in The USA,Stainless Steel/Silver</p><p> -14% 0FF </p><p>$6.47</p><a href="https://www.amazon.com/dp/B000H5W3PI?tag=eloabder-20&linkCode=osi&th=1&psc=1">View Product</a></div><div class="product"><a href="https://www.amazon.com/dp/B07GDDF5JB?tag=eloabder-20&linkCode=osi&th=1&psc=1"><img src="https://m.media-amazon.com/images/I/31dFxe1Df0L._SL500_.jpg" alt="Product Image"></a><p>HURRICANE 10 Inch Aviation Tin Snips, Heavy Duty Metal Cutter Shears for Cutting Sheet Metal, Straight Cut, Chrome Vanadium Steel</p><p> -30% 0FF </p><p>$13.99</p><a href="https://www.amazon.com/dp/B07GDDF5JB?tag=eloabder-20&linkCode=osi&th=1&psc=1">View Product</a></div>
<div class="product"><a href="https://www.amazon.com/dp/B0D95L6W5J?tag=eloabder-20&linkCode=osi&th=1&psc=1"><img src="https://m.media-amazon.com/images/I/41tbedSgDfL._SL500_.jpg" alt="Product Image"></a><p>Tandefio 40 Sticks Brazing Rods Bcup-5 Solder Phos Copper Brazing Alloys Flat Welding Rods Industry 0.050"x1/8"x10" for Air Conditioning Refrigerator Cold Storage HVAC Units (Phosphor Copper)</p><p> -5% 0FF </p><p>$20.99</p><a href="https://www.amazon.com/dp/B0D95L6W5J?tag=eloabder-20&linkCode=osi&th=1&psc=1">View Product</a></div>
<div class="product"><a href="https://www.amazon.com/dp/B0053KMAMI?tag=eloabder-20&linkCode=osi&th=1&psc=1"><img src="https://m.media-amazon.com/images/I/41f4ot2fnZL._SL500_.jpg" alt="Product Image"></a><p>Party Dimensions Plastic 300 Count Cutlery Combo Box, Clear, Combo Box, Clear 300 Count</p><p> -25% 0FF </p><p>$14.99</p><a href="https://www.amazon.com/dp/B0053KMAMI?tag=eloabder-20&linkCode=osi&th=1&psc=1">View Product</a></div><div class="product"><a href="https://www.amazon.com/dp/B0CCMNPWGW?tag=eloabder-20&linkCode=osi&th=1&psc=1"><img src="https://m.media-amazon.com/images/I/41k5QSXXF8L._SL500_.jpg" alt="Product Image"></a><p>6 Pack Black Plastic Sheets 8x12x0.04 in Flexible High Tensile Plastic Sheets,Plastic Sheet Hard Plastic Sheet Black Plastic Panel for DIY Materials Handicrafts Home Decoration</p><p> -22% 0FF </p><p>$6.99</p><a href="https://www.amazon.com/dp/B0CCMNPWGW?tag=eloabder-20&linkCode=osi&th=1&psc=1">View Product</a></div><div class="product"><a href="https://www.amazon.com/dp/B085T6685R?tag=eloabder-20&linkCode=osi&th=1&psc=1"><img src="https://m.media-amazon.com/images/I/41RbX0YJ2PL._SL500_.jpg" alt="Product Image"></a><p>POSATE Heavy Weight Plastic Forks, Clear Disposable, 100 Count</p><p> -47% 0FF </p><p>$13.80</p><a href="https://www.amazon.com/dp/B085T6685R?tag=eloabder-20&linkCode=osi&th=1&psc=1">View Product</a></div><div class="product"><a href="https://www.amazon.com/dp/B0C1JMKHL4?tag=eloabder-20&linkCode=osi&th=1&psc=1"><img src="https://m.media-amazon.com/images/I/51vGnsuo0GL._SL500_.jpg" alt="Product Image"></a><p>MOACOCK 200 Count Plastic Silverware, Heavy Weight Plastic Forks Spoons Disposable Utensils Cutlery Set for Wedding Party Supplies Everyday Use</p><p> -7% 0FF </p><p>$12.99</p><a href="https://www.amazon.com/dp/B0C1JMKHL4?tag=eloabder-20&linkCode=osi&th=1&psc=1">View Product</a></div><div class="product"><a href="https://www.amazon.com/dp/B0CZHZ4VYY?tag=eloabder-20&linkCode=osi&th=1&psc=1"><img src="https://m.media-amazon.com/images/I/41NCRYSzzPL._SL500_.jpg" alt="Product Image"></a><p>Dealusy 100 Count Extra Heavy Duty Clear Plastic Knives Disposable, BPA-Free, Heat Resistant, Solid and Durable Disposable Knives Bulk, Premium Plastic Knives heavy duty for Party Supply</p><p> -31% 0FF </p><p>$8.99</p><a href="https://www.amazon.com/dp/B0CZHZ4VYY?tag=eloabder-20&linkCode=osi&th=1&psc=1">View Product</a></div><div class="product"><a href="https://www.amazon.com/dp/B00I9J3ACY?tag=eloabder-20&linkCode=osi&th=1&psc=1"><img src="https://m.media-amazon.com/images/I/51W96ohIwyL._SL500_.jpg" alt="Product Image"></a><p>Hefty Party On Disposable Plastic Cups, Red, 18 Ounce, 50 Count</p><p> -27% 0FF </p><p>$5.84 ($0.12 / Count)</p><a href="https://www.amazon.com/dp/B00I9J3ACY?tag=eloabder-20&linkCode=osi&th=1&psc=1">View Product</a></div>
<div class="product"><a href="https://www.amazon.com/dp/B08ZX4PNGL?tag=eloabder-20&linkCode=osi&th=1&psc=1"><img src="https://m.media-amazon.com/images/I/41qtw-wXhWL._SL500_.jpg" alt="Product Image"></a><p>Soil Moist SAP Water Storing Crystals Polymer Small Granular_20-100 mesh (1), White</p><p> -18% 0FF </p><p>$12.99 ($0.81 / Ounce)</p><a href="https://www.amazon.com/dp/B08ZX4PNGL?tag=eloabder-20&linkCode=osi&th=1&psc=1">View Product</a></div><div class="product"><a href="https://www.amazon.com/dp/B099KS2PDW?tag=eloabder-20&linkCode=osi&th=1&psc=1"><img src="https://m.media-amazon.com/images/I/51JgOs5PnML._SL500_.jpg" alt="Product Image"></a><p>Polymaker PLA PRO Filament 1.75mm, Tough & High Rigidity Black PLA Filament 1.75mm 1kg Cardboard Spool - PolyLite PLA PRO 3D Printer Filament 1.75mm, Print with Most 3D Printers Using 3D Filament</p><p> -14% 0FF </p><p>$24.99 ($0.71 / Ounce)</p><a href="https://www.amazon.com/dp/B099KS2PDW?tag=eloabder-20&linkCode=osi&th=1&psc=1">View Product</a></div><div class="product"><a href="https://www.amazon.com/dp/B0CK9D7FYJ?tag=eloabder-20&linkCode=osi&th=1&psc=1"><img src="https://m.media-amazon.com/images/I/51lrOOPPi4L._SL500_.jpg" alt="Product Image"></a><p>Scrub Daddy Color Sponge - Scratch-Free Multipurpose Dish Sponge Color Variety Pack - BPA Free & Made with Polymer Foam - Stain & Odor Resistant Kitchen Sponge (3 Count, 2 Pack)</p><p> -12% 0FF </p><p>$19.30 ($3.22 / Count)</p><a href="https://www.amazon.com/dp/B0CK9D7FYJ?tag=eloabder-20&linkCode=osi&th=1&psc=1">View Product</a></div><div class="product"><a href="https://www.amazon.com/dp/B00XXOFV2M?tag=eloabder-20&linkCode=osi&th=1&psc=1"><img src="https://m.media-amazon.com/images/I/31DpBHBqqxL._SL500_.jpg" alt="Product Image"></a><p>Intertape Polymer Group K2525P293 Central 260 Medium Duty Reinforced Water Activated Tape, 3" Width, 450' Length, FRAGILE, Pack of 10</p><p> -12% 0FF </p><p>$89.16 ($8.92 / Count)</p><a href="https://www.amazon.com/dp/B00XXOFV2M?tag=eloabder-20&linkCode=osi&th=1&psc=1">View Product</a></div><div class="product"><a href="https://www.amazon.com/dp/B0C6DNQF1H?tag=eloabder-20&linkCode=osi&th=1&psc=1"><img src="https://m.media-amazon.com/images/I/51lbJOfwjFL._SL500_.jpg" alt="Product Image"></a><p>DIYMAG Ceramic Round Magnets for Crafts 35 Packs with Adhesive Backing. 0.98Inch (25mm) Small Magnets Perfect for Fridge, DIY, Building, Scientific, Craft, and Office.Ôºà0.98 * 0.2Inch-35pÔºâ</p><p> -13% 0FF </p><p>$6.99 ($0.20 / Count)</p><a href="https://www.amazon.com/dp/B0C6DNQF1H?tag=eloabder-20&linkCode=osi&th=1&psc=1">View Product</a></div>
<div class="product"><a href="https://www.amazon.com/dp/B001TK0DSY?tag=eloabder-20&linkCode=osi&th=1&psc=1"><img src="https://m.media-amazon.com/images/I/41sY5CJF40L._SL500_.jpg" alt="Product Image"></a><p>Chemical Guys CWS_301_16 Citrus Wash & Gloss Foaming Car Wash Soap (Works with Foam Cannons, Foam Guns or Bucket Washes) Safe for Cars, Trucks, Motorcycles, RVs & More, 16 fl oz, Citrus Scent</p><p> -17% 0FF </p><p>$9.97 ($0.62 / Fl Oz)</p><a href="https://www.amazon.com/dp/B001TK0DSY?tag=eloabder-20&linkCode=osi&th=1&psc=1">View Product</a></div><div class="product"><a href="https://www.amazon.com/dp/B00HK95ZZY?tag=eloabder-20&linkCode=osi&th=1&psc=1"><img src="https://m.media-amazon.com/images/I/41ztWGvZpCL._SL500_.jpg" alt="Product Image"></a><p>SmartSign - U9-1214-NA_7x10 "Danger - Chemical Storage Area, Authorized Personnel Only" Sign | 7" x 10" Aluminum Black/Red on White</p><p> -16% 0FF </p><p>$10.93</p><a href="https://www.amazon.com/dp/B00HK95ZZY?tag=eloabder-20&linkCode=osi&th=1&psc=1">View Product</a></div>
<div class="product"><a href="https://www.amazon.com/dp/B0916KZ598?tag=eloabder-20&linkCode=osi&th=1&psc=1"><img src="https://m.media-amazon.com/images/I/510bNE6qm3L._SL500_.jpg" alt="Product Image"></a><p>Gorilla Max Strength Clear Construction Adhesive, 2.5 Ounce Squeeze Tube, Clear, (Pack of 1)</p><p> -11% 0FF </p><p>$7.97 ($3.19 / Fl Oz)</p><a href="https://www.amazon.com/dp/B0916KZ598?tag=eloabder-20&linkCode=osi&th=1&psc=1">View Product</a></div><div class="product"><a href="https://www.amazon.com/dp/B0BM27YSBB?tag=eloabder-20&linkCode=osi&th=1&psc=1"><img src="https://m.media-amazon.com/images/I/41j2z0sRK8L._SL500_.jpg" alt="Product Image"></a><p>Gorilla Heavy Duty Construction Adhesive, 7 Ounce Squeeze Tube, White, (Pack of 1)</p><p> -5% 0FF </p><p>$9.47 ($1.35 / Fl Oz)</p><a href="https://www.amazon.com/dp/B0BM27YSBB?tag=eloabder-20&linkCode=osi&th=1&psc=1">View Product</a></div><div class="product"><a href="https://www.amazon.com/dp/B07VNSXY31?tag=eloabder-20&linkCode=osi&th=1&psc=1"><img src="https://m.media-amazon.com/images/I/31AwF4uloCL._SL500_.jpg" alt="Product Image"></a><p>EZlifego Double Sided Tape Heavy Duty, Extra Large Nano Double Sided Adhesive Tape, Clear Mounting Tape Picture Hanging Adhesive Strips,Removable Wall Tape Sticky Poster Tape Decor Carpet Tape(9.85FT)</p><p> -20% 0FF </p><p>$11.99</p><a href="https://www.amazon.com/dp/B07VNSXY31?tag=eloabder-20&linkCode=osi&th=1&psc=1">View Product</a></div><div class="product"><a href="https://www.amazon.com/dp/B0006HUJCQ?tag=eloabder-20&linkCode=osi&th=1&psc=1"><img src="https://m.media-amazon.com/images/I/511pTqChTCL._SL500_.jpg" alt="Product Image"></a><p>Loctite 1364076 Super Glue Easy Squeeze Gel, .14 oz, Super Glue Liquid</p><p> -45% 0FF </p><p>$3.64 ($26.00 / Fl Oz)</p><a href="https://www.amazon.com/dp/B0006HUJCQ?tag=eloabder-20&linkCode=osi&th=1&psc=1">View Product</a></div><div class="product"><a href="https://www.amazon.com/dp/B000BQYHSY?tag=eloabder-20&linkCode=osi&th=1&psc=1"><img src="https://m.media-amazon.com/images/I/41jVQXZlyKL._SL500_.jpg" alt="Product Image"></a><p>Liquid Nails LN-700 4-Ounce Small Projects and Repairs Adhesive</p><p> -22% 0FF </p><p>$3.98 ($1.00 / Fl Oz)</p><a href="https://www.amazon.com/dp/B000BQYHSY?tag=eloabder-20&linkCode=osi&th=1&psc=1">View Product</a></div>
<div class="product"><a href="https://www.amazon.com/dp/B0002UEPVI?tag=eloabder-20&linkCode=osi&th=1&psc=1"><img src="https://m.media-amazon.com/images/I/41VgMnT8V8L._SL500_.jpg" alt="Product Image"></a><p>Permatex 80050 Clear RTV Silicone Adhesive Sealant, 3 oz</p><p> -28% 0FF </p><p>$5.04 ($1.68 / Ounce)</p><a href="https://www.amazon.com/dp/B0002UEPVI?tag=eloabder-20&linkCode=osi&th=1&psc=1">View Product</a></div><div class="product"><a href="https://www.amazon.com/dp/B01NCSN5AS?tag=eloabder-20&linkCode=osi&th=1&psc=1"><img src="https://m.media-amazon.com/images/I/41u1Bk8aMML._SL500_.jpg" alt="Product Image"></a><p>Gorilla Waterproof Caulk & Seal 100% Silicone Sealant, White, 10oz Cartridge (Pack of 1)</p><p> -10% 0FF </p><p>$9.84 ($0.98 / Ounce)</p><a href="https://www.amazon.com/dp/B01NCSN5AS?tag=eloabder-20&linkCode=osi&th=1&psc=1">View Product</a></div><div class="product"><a href="https://www.amazon.com/dp/B0B8QPH3RW?tag=eloabder-20&linkCode=osi&th=1&psc=1"><img src="https://m.media-amazon.com/images/I/31FmC2PDnsL._SL500_.jpg" alt="Product Image"></a><p>GE All Purpose Silicone Caulk - 100% Waterproof Silicone Sealant, Stronger Adhesion, Freeze & Sun Proof - 10 oz Cartridge, Clear, Pack of 1</p><p> -22% 0FF </p><p>$6.98</p><a href="https://www.amazon.com/dp/B0B8QPH3RW?tag=eloabder-20&linkCode=osi&th=1&psc=1">View Product</a></div><div class="product"><a href="https://www.amazon.com/dp/B000XBDJWC?tag=eloabder-20&linkCode=osi&th=1&psc=1"><img src="https://m.media-amazon.com/images/I/31O8FwTY5WL._SL500_.jpg" alt="Product Image"></a><p>3M Marine Adhesive Sealant 4000 UV, PN06580, White, 295 mL Cartridge, 10 Fl Oz (Pack of 1)</p><p> -15% 0FF </p><p>$18.75 ($1.88 / Fl Oz)</p><a href="https://www.amazon.com/dp/B000XBDJWC?tag=eloabder-20&linkCode=osi&th=1&psc=1">View Product</a></div><div class="product"><a href="https://www.amazon.com/dp/B01MQW8AEM?tag=eloabder-20&linkCode=osi&th=1&psc=1"><img src="https://m.media-amazon.com/images/I/31gdoMW-i8L._SL500_.jpg" alt="Product Image"></a><p>Gorilla 8050002 Clear Silicone Sealant, 1-Pack</p><p> -10% 0FF </p><p>$9.84 ($0.98 / Fl Oz)</p><a href="https://www.amazon.com/dp/B01MQW8AEM?tag=eloabder-20&linkCode=osi&th=1&psc=1">View Product</a></div>

<div class="product"><a href="https://www.amazon.com/dp/B004UICH5O?tag=eloabder-20&linkCode=osi&th=1&psc=1"><img src="https://m.media-amazon.com/images/I/5123T4CVtTL._SL500_.jpg" alt="Product Image"></a><p>Dynarex DynaLube Lubricating Jelly, Water Soluble and Sterile Lubricant Jelly, Used for Body Orifices, Hinged Instruments and Medical Devices, 1 Box of 144 DynaLube Packets, 2.7g</p><p> -5% 0FF </p><p>$12.49 ($0.09 / Count)</p><a href="https://www.amazon.com/dp/B004UICH5O?tag=eloabder-20&linkCode=osi&th=1&psc=1">View Product</a></div><div class="product"><a href="https://www.amazon.com/dp/B087ZHPVRW?tag=eloabder-20&linkCode=osi&th=1&psc=1"><img src="https://m.media-amazon.com/images/I/51My23RlqsL._SL500_.jpg" alt="Product Image"></a><p>3-IN-ONE Professional Garage Door Lubricant with Smart Straw Sprays 2 Ways, 11 OZ Twin Pack, 100584, Clear</p><p> -20% 0FF </p><p>$15.96 ($7.98 / Count)</p><a href="https://www.amazon.com/dp/B087ZHPVRW?tag=eloabder-20&linkCode=osi&th=1&psc=1">View Product</a></div><div class="product"><a href="https://www.amazon.com/dp/B07K323XYQ?tag=eloabder-20&linkCode=osi&th=1&psc=1"><img src="https://m.media-amazon.com/images/I/41Stkw4geDL._SL500_.jpg" alt="Product Image"></a><p>McKesson Lubricating Jelly Sterile 4 oz. Tube 1 Each 16-8919</p><p> -63% 0FF </p><p>$5.48 ($0.11 / Ounce)</p><a href="https://www.amazon.com/dp/B07K323XYQ?tag=eloabder-20&linkCode=osi&th=1&psc=1">View Product</a></div><div class="product"><a href="https://www.amazon.com/dp/B00AF0ODGM?tag=eloabder-20&linkCode=osi&th=1&psc=1"><img src="https://m.media-amazon.com/images/I/418phnGj-VL._SL500_.jpg" alt="Product Image"></a><p>WD-40 Specialist Dry Lube with SMART STRAW SPRAYS 2 WAYS, 10 OZ</p><p> -6% 0FF </p><p>$7.98 ($0.80 / Ounce)</p><a href="https://www.amazon.com/dp/B00AF0ODGM?tag=eloabder-20&linkCode=osi&th=1&psc=1">View Product</a></div><div class="product"><a href="https://www.amazon.com/dp/B0081JE0OO?tag=eloabder-20&linkCode=osi&th=1&psc=1"><img src="https://m.media-amazon.com/images/I/31YRFZU58NL._SL500_.jpg" alt="Product Image"></a><p>Super Lube 92003 Silicone Lubricating Grease with PTFE, 3 oz Tube, Translucent White</p><p> -34% 0FF </p><p>$11.80 ($3.93 / Ounce)</p><a href="https://www.amazon.com/dp/B0081JE0OO?tag=eloabder-20&linkCode=osi&th=1&psc=1">View Product</a></div><div class="product"><a href="https://www.amazon.com/dp/B000UKUHXK?tag=eloabder-20&linkCode=osi&th=1&psc=1"><img src="https://m.media-amazon.com/images/I/31PHNtI4eWL._SL500_.jpg" alt="Product Image"></a><p>Super Lube 51004 Synthetic Oil with PTFE, High Viscosity, 4 oz Bottle,Translucent white(Packaging may vary)</p><p> -27% 0FF </p><p>$7.82 ($1.96 / Fl Oz)</p><a href="https://www.amazon.com/dp/B000UKUHXK?tag=eloabder-20&linkCode=osi&th=1&psc=1">View Product</a></div>

<div class="product"><a href="https://www.amazon.com/dp/B0BRPQW3G9?tag=eloabder-20&linkCode=osi&th=1&psc=1"><img src="https://m.media-amazon.com/images/I/51TpMRJpWeL._SL500_.jpg" alt="Product Image"></a><p>JEGONFRI High Hardness Wood Screws Assortment Kit, 209 pcs, Phillips Drive Flat Head, Wood Screws, Screws, Drywall Screws, Assorted Screws, Screws Set, 6 Sizes (2‚Äù,1-1/2‚Äù,1-1/4‚Äù,1‚Äù,3/4‚Äù,1/2‚Äù)</p><p> -20% 0FF </p><p>$7.96</p><a href="https://www.amazon.com/dp/B0BRPQW3G9?tag=eloabder-20&linkCode=osi&th=1&psc=1">View Product</a></div><div class="product"><a href="https://www.amazon.com/dp/B0BHNK23GJ?tag=eloabder-20&linkCode=osi&th=1&psc=1"><img src="https://m.media-amazon.com/images/I/51ZAmhP99TL._SL500_.jpg" alt="Product Image"></a><p>KURUI Drywall Screws Assortment Kit, #6 Black Wood Screws for Drywall,165pcs Coarse Thread Sheetrock Screws Set, Phillips Drive Self Tapping Dry Wall Screws 4 Sizes 1",1-1/4",1-5/8",2"</p><p> -24% 0FF </p><p>$7.59 ($0.05 / Count)</p><a href="https://www.amazon.com/dp/B0BHNK23GJ?tag=eloabder-20&linkCode=osi&th=1&psc=1">View Product</a></div><div class="product"><a href="https://www.amazon.com/dp/B0D3HVHPXW?tag=eloabder-20&linkCode=osi&th=1&psc=1"><img src="https://m.media-amazon.com/images/I/51boObkp+HL._SL500_.jpg" alt="Product Image"></a><p>GVAKMM Drywall Screws Assortment Kit,#7 Black Wood Screws Set,160pcsÔºå5 Sizes(3'',2'',1-3/8'',1'',5/8''),Coarse Thread Phillips Drive Bugle Head Sharp Point,Ideal for Wood,Sheetrock and More</p><p> -13% 0FF </p><p>$6.99 ($0.58 / Ounce)</p><a href="https://www.amazon.com/dp/B0D3HVHPXW?tag=eloabder-20&linkCode=osi&th=1&psc=1">View Product</a></div>
<div class="product"><a href="https://www.amazon.com/dp/B09KS23KQ6?tag=eloabder-20&linkCode=osi&th=1&psc=1"><img src="https://m.media-amazon.com/images/I/41ZHEcuqY-L._SL500_.jpg" alt="Product Image"></a><p>Mr. Pen- Bolts, Nuts, and Washer Assortment Kit, 113 pcs, Nuts and Bolts Assortment Kit, Assorted Nuts and Bolts, Nut Bolt and Washer Assortment, Bolt and Nut Assortment</p><p> -24% 0FF </p><p>$6.85</p><a href="https://www.amazon.com/dp/B09KS23KQ6?tag=eloabder-20&linkCode=osi&th=1&psc=1">View Product</a></div><div class="product"><a href="https://www.amazon.com/dp/B076CVQZWG?tag=eloabder-20&linkCode=osi&th=1&psc=1"><img src="https://m.media-amazon.com/images/I/51LutRS-fXL._SL500_.jpg" alt="Product Image"></a><p>Jackson Palmer 2201 Piece Hardware Assortment Kit with Screws, Nuts, Bolts & Washers (3 Trays)‚Ä¶</p><p> -24% 0FF </p><p>$37.99</p><a href="https://www.amazon.com/dp/B076CVQZWG?tag=eloabder-20&linkCode=osi&th=1&psc=1">View Product</a></div><div class="product"><a href="https://www.amazon.com/dp/B0BC24J6SS?tag=eloabder-20&linkCode=osi&th=1&psc=1"><img src="https://m.media-amazon.com/images/I/517eaNxBNaL._SL500_.jpg" alt="Product Image"></a><p>720 Pcs Nuts and Bolts Assortment Kit, M3 M4 M5 Carbon Steel Screws Bolts and Nuts and Washers Assortment Set, Assorted Cross Pan Head Machine Screws Nuts and Bolts, with Storage Case</p><p> -10% 0FF </p><p>$8.98</p><a href="https://www.amazon.com/dp/B0BC24J6SS?tag=eloabder-20&linkCode=osi&th=1&psc=1">View Product</a></div><div class="product"><a href="https://www.amazon.com/dp/B0CF8NNVKQ?tag=eloabder-20&linkCode=osi&th=1&psc=1"><img src="https://m.media-amazon.com/images/I/61oepk6Ti8L._SL500_.jpg" alt="Product Image"></a><p>FOLIV 907pcs Grade 8.8 Metric Bolt Assortment, M4 M5 M6 M8 Heavy Duty Bolts and Nuts Kit, Yellow Zinc Plated, Length from 12-30mm</p><p> -20% 0FF </p><p>$35.19</p><a href="https://www.amazon.com/dp/B0CF8NNVKQ?tag=eloabder-20&linkCode=osi&th=1&psc=1">View Product</a></div>
<div class="product"><a href="https://www.amazon.com/dp/B0CP7D6KP4?tag=eloabder-20&linkCode=osi&th=1&psc=1"><img src="https://m.media-amazon.com/images/I/51R0Yv5C8aL._SL500_.jpg" alt="Product Image"></a><p>Dianrui 187PCS Metric Hex Nuts Assortment Kit, 9 Size 304 Stainless Steel Hex Nut M2 M2.5 M3 M4 M5 M6 M10 M12 Hexnut Set Hardware Nuts</p><p> -22% 0FF </p><p>$6.99</p><a href="https://www.amazon.com/dp/B0CP7D6KP4?tag=eloabder-20&linkCode=osi&th=1&psc=1">View Product</a></div><div class="product"><a href="https://www.amazon.com/dp/B002SA36AG?tag=eloabder-20&linkCode=osi&th=1&psc=1"><img src="https://m.media-amazon.com/images/I/51cZlQGUFRL._SL500_.jpg" alt="Product Image"></a><p>Dorman 6110761 Lug Nut (M12 x 1.25 Thread Size)</p><p> -45% 0FF </p><p>$3.49</p><a href="https://www.amazon.com/dp/B002SA36AG?tag=eloabder-20&linkCode=osi&th=1&psc=1">View Product</a></div><div class="product"><a href="https://www.amazon.com/dp/B07WCSW7HR?tag=eloabder-20&linkCode=osi&th=1&psc=1"><img src="https://m.media-amazon.com/images/I/51uxWdeYcjL._SL500_.jpg" alt="Product Image"></a><p>ECCPP 20 Pieces Wheel Lug Nuts M12x1.25 12mmx1.25 Wheel Lug Bolts Shank Length 28mm fits for 2015-2022 for Renegade |2018-2022 for Compass |2014-2022 for Cherokee</p><p> -28% 0FF </p><p>$14.47</p><a href="https://www.amazon.com/dp/B07WCSW7HR?tag=eloabder-20&linkCode=osi&th=1&psc=1">View Product</a></div><div class="product"><a href="https://www.amazon.com/dp/B0D1Y5PQ4K?tag=eloabder-20&linkCode=osi&th=1&psc=1"><img src="https://m.media-amazon.com/images/I/51SyHC67C5L._SL500_.jpg" alt="Product Image"></a><p>Quacc 20pcs M8 Nyloc Steel Nuts, Nylon Locknuts for Fastener, Nylon Inserted Hex Lock Nuts, Silver 304 Stainless Steel Self Locking Nuts for Bolts</p><p> -19% 0FF </p><p>$3.79 ($0.19 / Ounce)</p><a href="https://www.amazon.com/dp/B0D1Y5PQ4K?tag=eloabder-20&linkCode=osi&th=1&psc=1">View Product</a></div>
<div class="product"><a href="https://www.amazon.com/dp/B0BZYSSWY8?tag=eloabder-20&linkCode=osi&th=1&psc=1"><img src="https://m.media-amazon.com/images/I/419sIfP-AJL._SL500_.jpg" alt="Product Image"></a><p>1/4" x 1" Stainless Fender Washer,18-8 (304) Stainless Steel Flat Washer,1/4" ID x 1" OD x 0.078" Thick(40Pcs)</p><p> -31% 0FF </p><p>$6.19</p><a href="https://www.amazon.com/dp/B0BZYSSWY8?tag=eloabder-20&linkCode=osi&th=1&psc=1">View Product</a></div><div class="product"><a href="https://www.amazon.com/dp/B0BFJMK5QW?tag=eloabder-20&linkCode=osi&th=1&psc=1"><img src="https://m.media-amazon.com/images/I/51D9Ij56zKL._SL500_.jpg" alt="Product Image"></a><p>Fender Washers for Screws ‚Äî 225Pcs Washers Assortment, Washers for Bolts in 15 Different Sizes (M2 M2.5 M3 M4 M5 M6 M8 M10 M12)‚ÄîStainless Steel Washers for Home & Industrial Usage</p><p> -9% 0FF </p><p>$20.87 ($0.09 / Count)</p><a href="https://www.amazon.com/dp/B0BFJMK5QW?tag=eloabder-20&linkCode=osi&th=1&psc=1">View Product</a></div><div class="product"><a href="https://www.amazon.com/dp/B07K8W71N1?tag=eloabder-20&linkCode=osi&th=1&psc=1"><img src="https://m.media-amazon.com/images/I/412HYFMiQBL._SL500_.jpg" alt="Product Image"></a><p>100 Qty #8 Stainless Steel Countersunk Finish Washers | 304 SS Finishing Cup (BCP574)</p><p> -30% 0FF </p><p>$7.49 ($0.07 / Count)</p><a href="https://www.amazon.com/dp/B07K8W71N1?tag=eloabder-20&linkCode=osi&th=1&psc=1">View Product</a></div>
<div class="product"><a href="https://www.amazon.com/dp/B09V32CKNJ?tag=eloabder-20&linkCode=osi&th=1&psc=1"><img src="https://m.media-amazon.com/images/I/41MtaPf4TNL._SL500_.jpg" alt="Product Image"></a><p>KURUI 28Pcs Heavy Duty Hollow Wall Anchors for Drywall Ceiling, Toggle Bolts and Wing Nut Kit, Metal Drywall Anchors and Screws Assortment Set, 3 Sizes Butterfly Anchors (1/8in, 3/16in, 1/4in)</p><p> -23% 0FF </p><p>$9.99</p><a href="https://www.amazon.com/dp/B09V32CKNJ?tag=eloabder-20&linkCode=osi&th=1&psc=1">View Product</a></div><div class="product"><a href="https://www.amazon.com/dp/B07VS5QKBC?tag=eloabder-20&linkCode=osi&th=1&psc=1"><img src="https://m.media-amazon.com/images/I/41MIrlAQ6nL._SL500_.jpg" alt="Product Image"></a><p>HongWay 370pcs Plastic Drywall Wall Anchors Kit with Screws, Includes 5 Different Assorted Size Anchors and Screws</p><p> -17% 0FF </p><p>$14.99</p><a href="https://www.amazon.com/dp/B07VS5QKBC?tag=eloabder-20&linkCode=osi&th=1&psc=1">View Product</a></div>
<div class="product"><a href="https://www.amazon.com/dp/B0CY2YK7ZG?tag=eloabder-20&linkCode=osi&th=1&psc=1"><img src="https://m.media-amazon.com/images/I/51kBI181CNL._SL500_.jpg" alt="Product Image"></a><p>Linkup 600pcs 15 Sizes Pop Rivets Assortment Kit,Aluminum Rivets, Silver pop rivet set including 3/32" 1/8" 5/32" 3/16" 1/4" blind rivets for metal Dome Head rivet kit</p><p> -31% 0FF </p><p>$21.99</p><a href="https://www.amazon.com/dp/B0CY2YK7ZG?tag=eloabder-20&linkCode=osi&th=1&psc=1">View Product</a></div><div class="product"><a href="https://www.amazon.com/dp/B08J2NZK4D?tag=eloabder-20&linkCode=osi&th=1&psc=1"><img src="https://m.media-amazon.com/images/I/51iH27ON2BL._SL500_.jpg" alt="Product Image"></a><p>ISPINNER 385pcs 8 Sizes Aluminum Blind Rivets, Pop Rivets Assortment Kit (Silver)</p><p> -21% 0FF </p><p>$13.59</p><a href="https://www.amazon.com/dp/B08J2NZK4D?tag=eloabder-20&linkCode=osi&th=1&psc=1">View Product</a></div><div class="product"><a href="https://www.amazon.com/dp/B0BZ7WKC3V?tag=eloabder-20&linkCode=osi&th=1&psc=1"><img src="https://m.media-amazon.com/images/I/51fSy2j6lSL._SL500_.jpg" alt="Product Image"></a><p>SATANTECH 200PCS Black Rivets Pop Rivets Assortment Kit, Large flange Aluminum Rivets(1/8" 3/16" 1/4") Assorted Blind Rivets with Case</p><p> -16% 0FF </p><p>$21.77</p><a href="https://www.amazon.com/dp/B0BZ7WKC3V?tag=eloabder-20&linkCode=osi&th=1&psc=1">View Product</a></div><div class="product"><a href="https://www.amazon.com/dp/B0CWR7K9P2?tag=eloabder-20&linkCode=osi&th=1&psc=1"><img src="https://m.media-amazon.com/images/I/512Gp89+ScL._SL500_.jpg" alt="Product Image"></a><p>Zuorery 500pcs Pop Rivets Assortment Kit, 14 Sizes Aluminum Blind Rivets (3/32" 1/8" 5/32" 3/16") Assorted Blind Rivets</p><p> -6% 0FF </p><p>$12.99</p><a href="https://www.amazon.com/dp/B0CWR7K9P2?tag=eloabder-20&linkCode=osi&th=1&psc=1">View Product</a></div>
<div class="product"><a href="https://www.amazon.com/dp/B0CNC3WJ58?tag=eloabder-20&linkCode=osi&th=1&psc=1"><img src="https://m.media-amazon.com/images/I/41MDnQ+2C5L._SL500_.jpg" alt="Product Image"></a><p>Eujqo Nails for Hanging Pictures Small Nails Picture Hanging Nails 700Pcs Finishing Nails Hardware Nails for Wall Wood Nails</p><p> -50% 0FF </p><p>$3.99</p><a href="https://www.amazon.com/dp/B0CNC3WJ58?tag=eloabder-20&linkCode=osi&th=1&psc=1">View Product</a></div><div class="product"><a href="https://www.amazon.com/dp/B08BJC6MJC?tag=eloabder-20&linkCode=osi&th=1&psc=1"><img src="https://m.media-amazon.com/images/I/414ssEUuJRL._SL500_.jpg" alt="Product Image"></a><p>Mr. Pen- Nail Assortment Kit, 600 Pcs, 4 Sizes, Silver, Small Nails for Hanging Pictures, Finishing Nails, Gold Wall Nails for Hanging, Pin Nails, Hardware Nails, Assorted Nails, Galvanized Nails</p><p> -54% 0FF </p><p>$5.99</p><a href="https://www.amazon.com/dp/B08BJC6MJC?tag=eloabder-20&linkCode=osi&th=1&psc=1">View Product</a></div><div class="product"><a href="https://www.amazon.com/dp/B0BSH3P97Y?tag=eloabder-20&linkCode=osi&th=1&psc=1"><img src="https://m.media-amazon.com/images/I/515eMwXqY0L._SL500_.jpg" alt="Product Image"></a><p>KURUI 700pcs Hardware Nails for Hanging Pictures Assorted Kit, Up to 2"-Long Picture Hanging Nails for Wall Drywall Wood, Finish Nails Assortment Kit, 640 Frame Nails and 60 Small Finishing Nails</p><p> -36% 0FF </p><p>$6.38</p><a href="https://www.amazon.com/dp/B0BSH3P97Y?tag=eloabder-20&linkCode=osi&th=1&psc=1">View Product</a></div><div class="product"><a href="https://www.amazon.com/dp/B089FLMFPB?tag=eloabder-20&linkCode=osi&th=1&psc=1"><img src="https://m.media-amazon.com/images/I/51p5T9Cef4L._SL500_.jpg" alt="Product Image"></a><p>376pcs Premium Hardware Nails Assortment Kit, Maximum Length 2 Inches Galvanized Nails, Picture Hanging Nails, Wood Nails, Wall Nails with Storage Box | 6 Sizes</p><p> -30% 0FF </p><p>$6.99</p><a href="https://www.amazon.com/dp/B089FLMFPB?tag=eloabder-20&linkCode=osi&th=1&psc=1">View Product</a></div><div class="product"><a href="https://www.amazon.com/dp/B0B3CFCZGW?tag=eloabder-20&linkCode=osi&th=1&psc=1"><img src="https://m.media-amazon.com/images/I/51rr+Y77q0L._SL500_.jpg" alt="Product Image"></a><p>6 Sizes Gold Hardware Nails Assortment Kit, 358pcs, Brass Plated, Nails for Hanging Pictures, Finishing Nails, Wood Nails, Wall Nails for Hanging (3‚Äù, 2‚Äù, 1-1/2‚Äù, 1-1/4", 1‚Äù, 3/4")</p><p> -25% 0FF </p><p>$8.98</p><a href="https://www.amazon.com/dp/B0B3CFCZGW?tag=eloabder-20&linkCode=osi&th=1&psc=1">View Product</a></div>
<div class="product"><a href="https://www.amazon.com/dp/B0BDBJJQJR?tag=eloabder-20&linkCode=osi&th=1&psc=1"><img src="https://m.media-amazon.com/images/I/41iMq4y4RWL._SL500_.jpg" alt="Product Image"></a><p>Standard Chisel Point Staples, 0.25" Leg, 0.5" Crown, Steel, 5,000/Box, 5 Boxes/Pack, 25,000/Pack</p><p> -18% 0FF </p><p>$11.80</p><a href="https://www.amazon.com/dp/B0BDBJJQJR?tag=eloabder-20&linkCode=osi&th=1&psc=1">View Product</a></div><div class="product"><a href="https://www.amazon.com/dp/B0052ECDD6?tag=eloabder-20&linkCode=osi&th=1&psc=1"><img src="https://m.media-amazon.com/images/I/41miIfkguxL._SL500_.jpg" alt="Product Image"></a><p>BOSTITCH BTA706-5C Heavy Duty Construction Staples, 3/8 x 2/5-Inch, 5000-Pack</p><p> -21% 0FF </p><p>$10.48 ($0.00 / Count)</p><a href="https://www.amazon.com/dp/B0052ECDD6?tag=eloabder-20&linkCode=osi&th=1&psc=1">View Product</a></div><div class="product"><a href="https://www.amazon.com/dp/B00004Z2HC?tag=eloabder-20&linkCode=osi&th=1&psc=1"><img src="https://m.media-amazon.com/images/I/51vaslx65UL._SL500_.jpg" alt="Product Image"></a><p>Arrow 215 JT21 Thin Wire Staples for Staple Guns and Staplers, Use for Upholstery, Crafts, General Repairs, 5/16-Inch Leg Length, 7/16-Inch Crown Width, 1000-Pack</p><p> -35% 0FF </p><p>$4.97</p><a href="https://www.amazon.com/dp/B00004Z2HC?tag=eloabder-20&linkCode=osi&th=1&psc=1">View Product</a></div><div class="product"><a href="https://www.amazon.com/dp/B09VP4YTPQ?tag=eloabder-20&linkCode=osi&th=1&psc=1"><img src="https://m.media-amazon.com/images/I/41WvD-VnynL._SL500_.jpg" alt="Product Image"></a><p>OMOTOOL Steel Wire Fencing Staples (200 pcs), Galvanized U-shaped fasteners Nails for Wire Mesh and Woven Fencing</p><p> -30% 0FF </p><p>$6.98</p><a href="https://www.amazon.com/dp/B09VP4YTPQ?tag=eloabder-20&linkCode=osi&th=1&psc=1">View Product</a></div>
<div class="product"><a href="https://www.amazon.com/dp/B08N6DYNKQ?tag=eloabder-20&linkCode=osi&th=1&psc=1"><img src="https://m.media-amazon.com/images/I/51oGt2PvPLL._SL500_.jpg" alt="Product Image"></a><p>Mixiflor 20 Pcs 5 Sizes 60/80/120/240 Grits Abrasive Flap Wheel Sander, 1/4 Inch Shank Flap Wheels for Drill, Die Grinder Flap Wheel,Flap Wheel Sander for Drill</p><p> -15% 0FF </p><p>$22.99</p><a href="https://www.amazon.com/dp/B08N6DYNKQ?tag=eloabder-20&linkCode=osi&th=1&psc=1">View Product</a></div>
<div class="product"><a href="https://www.amazon.com/dp/B0B5GHT937?tag=eloabder-20&linkCode=osi&th=1&psc=1"><img src="https://m.media-amazon.com/images/I/51LBYzTtFqL._SL500_.jpg" alt="Product Image"></a><p>SALI 25 Pack 4-1/2 Inch Grinding Wheels for General Purpose Metal & Stainless Steel, Aluminum Oxide Grinding Disc for Angle Grinder, Depressed Center 4.5" * 1/4" * 7/8"(115 * 6.0 * 22.2 mm)</p><p> -9% 0FF </p><p>$26.49</p><a href="https://www.amazon.com/dp/B0B5GHT937?tag=eloabder-20&linkCode=osi&th=1&psc=1">View Product</a></div><div class="product"><a href="https://www.amazon.com/dp/B00002246K?tag=eloabder-20&linkCode=osi&th=1&psc=1"><img src="https://m.media-amazon.com/images/I/51cqvp+fIGL._SL500_.jpg" alt="Product Image"></a><p>DEWALT DW4514 1/4" Thick Grinding Wheel with 4-1/2" Diameter and 7/8" Arbor</p><p> -46% 0FF </p><p>$1.65</p><a href="https://www.amazon.com/dp/B00002246K?tag=eloabder-20&linkCode=osi&th=1&psc=1">View Product</a></div><div class="product"><a href="https://www.amazon.com/dp/B07SQP8JGR?tag=eloabder-20&linkCode=osi&th=1&psc=1"><img src="https://m.media-amazon.com/images/I/51M3TdMS3OL._SL500_.jpg" alt="Product Image"></a><p>KSEIBI 651006 Grinding Wheels 25-Pack, Aluminum Oxide Discs for Metal & Stainless Steel, 4-1/2" x 1/4" x 7/8", Aggressive Grinding for Angle Grinders, Depressed Center Design</p><p> -6% 0FF </p><p>$26.99</p><a href="https://www.amazon.com/dp/B07SQP8JGR?tag=eloabder-20&linkCode=osi&th=1&psc=1">View Product</a></div><div class="product"><a href="https://www.amazon.com/dp/B00004RH8I?tag=eloabder-20&linkCode=osi&th=1&psc=1"><img src="https://m.media-amazon.com/images/I/6113QduJyJL._SL500_.jpg" alt="Product Image"></a><p>DEWALT Grinding Wheel, General Purpose for Metal, 4-1/2-Inch x 1/4-Inch x 5/8-Inch (DW4523)</p><p> -40% 0FF </p><p>$2.92</p><a href="https://www.amazon.com/dp/B00004RH8I?tag=eloabder-20&linkCode=osi&th=1&psc=1">View Product</a></div><div class="product"><a href="https://www.amazon.com/dp/B0791MGN72?tag=eloabder-20&linkCode=osi&th=1&psc=1"><img src="https://m.media-amazon.com/images/I/51LQaKOgppL._SL500_.jpg" alt="Product Image"></a><p>BHA Depressed Center Metal Grinding Wheels for Angle Grinders, 4.5‚Äù x 1/4‚Äù x 7/8‚Äù - 5 Pack</p><p> -15% 0FF </p><p>$16.99</p><a href="https://www.amazon.com/dp/B0791MGN72?tag=eloabder-20&linkCode=osi&th=1&psc=1">View Product</a></div><div class="product"><a href="https://www.amazon.com/dp/B09TSV5SP9?tag=eloabder-20&linkCode=osi&th=1&psc=1"><img src="https://m.media-amazon.com/images/I/61w4UIIWQdL._SL500_.jpg" alt="Product Image"></a><p>PRETEC 26 Packs Angle Grinder Cutting Flap Grinding Disc Wheel 4 1/2in Inches - 20 Packs 4.5"x1/4"x7/8" Cut off Wheels,3 Packs 4.5"x7/8" 60 Grit Flap Discs, 3 Packs 4.5"x1/25"x7/8" Grinding Wheels</p><p> -8% 0FF </p><p>$22.99</p><a href="https://www.amazon.com/dp/B09TSV5SP9?tag=eloabder-20&linkCode=osi&th=1&psc=1">View Product</a></div><div class="product"><a href="https://www.amazon.com/dp/B07FT71TLC?tag=eloabder-20&linkCode=osi&th=1&psc=1"><img src="https://m.media-amazon.com/images/I/51-wpozOUIL._SL500_.jpg" alt="Product Image"></a><p>NEIKO 11142A 10 Pack Zirconia Flap Discs 4-1/2 for Angle Grinder, 40 Grit Flapper Wheel, Angled T29 Grinding Wheel 4.5 Inch Flap Disc, 7/8" Arbor Grinding Disc, Flap Wheel for Wood & Metal Sanding</p><p> -19% 0FF </p><p>$17.07</p><a href="https://www.amazon.com/dp/B07FT71TLC?tag=eloabder-20&linkCode=osi&th=1&psc=1">View Product</a></div>
<div class="product"><a href="https://www.amazon.com/dp/B0956S39GC?tag=eloabder-20&linkCode=osi&th=1&psc=1"><img src="https://m.media-amazon.com/images/I/51mP1FW0pIL._SL500_.jpg" alt="Product Image"></a><p>Truswe Cut Off Wheels 52 Pack,4 1/2 Inch,0.45 USD/Pack,Metal and Stainless Steel Cutting Wheel for Angle Grinder,Ultra Thin Cut-Off Wheel Cutting Disc (52 PCS 4-1/2 x .045 x 7/8 inch Cut Off Wheels)</p><p> -26% 0FF </p><p>$24.29</p><a href="https://www.amazon.com/dp/B0956S39GC?tag=eloabder-20&linkCode=osi&th=1&psc=1">View Product</a></div><div class="product"><a href="https://www.amazon.com/dp/B07WGSK4V7?tag=eloabder-20&linkCode=osi&th=1&psc=1"><img src="https://m.media-amazon.com/images/I/510MTzQR9sL._SL500_.jpg" alt="Product Image"></a><p>WORKPRO 20-Pack Cut-Off Wheels, 4-1/2 x 7/8-inch Metal&Stainless Steel Cutting Wheel, Thin Metal Cutting Disc for Angle Grinder</p><p> -6% 0FF </p><p>$15.99</p><a href="https://www.amazon.com/dp/B07WGSK4V7?tag=eloabder-20&linkCode=osi&th=1&psc=1">View Product</a></div><div class="product"><a href="https://www.amazon.com/dp/B08C7F9CVS?tag=eloabder-20&linkCode=osi&th=1&psc=1"><img src="https://m.media-amazon.com/images/I/51KoNeHcHyL._SL500_.jpg" alt="Product Image"></a><p>EZARC Diamond Cutting Wheel 4 1/2 x 7/8 Inch for Metal, Cut Off Wheel with 5000+ Cuts on Rebar, Steel, Iron and INOX</p><p> -11% 0FF </p><p>$16.97</p><a href="https://www.amazon.com/dp/B08C7F9CVS?tag=eloabder-20&linkCode=osi&th=1&psc=1">View Product</a></div><div class="product"><a href="https://www.amazon.com/dp/B08FR63K33?tag=eloabder-20&linkCode=osi&th=1&psc=1"><img src="https://m.media-amazon.com/images/I/51Js3m5R8aL._SL500_.jpg" alt="Product Image"></a><p>50 Pack Cut Off Wheels 4 1/2 inch Thin Metal & Stainless Steel Cutting Wheel, Professional Fast Cutting Disc for Angle Grinder</p><p> -20% 0FF </p><p>$26.49</p><a href="https://www.amazon.com/dp/B08FR63K33?tag=eloabder-20&linkCode=osi&th=1&psc=1">View Product</a></div>
<div class="product"><a href="https://www.amazon.com/dp/B01K22Q9R8?tag=eloabder-20&linkCode=osi&th=1&psc=1"><img src="https://m.media-amazon.com/images/I/41VcU0uPlLL._SL500_.jpg" alt="Product Image"></a><p>42 Pcs Wet Dry Sandpaper 120 to 3000 Grit Assortment 9 * 3.6 Inches Abrasive Paper Sheets for Automotive Sanding Wood Furniture Finishing</p><p> -11% 0FF </p><p>$7.99 ($0.19 / Count)</p><a href="https://www.amazon.com/dp/B01K22Q9R8?tag=eloabder-20&linkCode=osi&th=1&psc=1">View Product</a></div><div class="product"><a href="https://www.amazon.com/dp/B0894N7QT2?tag=eloabder-20&linkCode=osi&th=1&psc=1"><img src="https://m.media-amazon.com/images/I/51Rfp3gQTWL._SL500_.jpg" alt="Product Image"></a><p>100PCS 5 Inch 8 Holes Sanding Discs 60 120 240 400 600 800 1000 1200 1500 2000 Grit Sandpaper Sander Round Sand Paper (100pcs 60-2000 grit)</p><p> -24% 0FF </p><p>$12.99</p><a href="https://www.amazon.com/dp/B0894N7QT2?tag=eloabder-20&linkCode=osi&th=1&psc=1">View Product</a></div><div class="product"><a href="https://www.amazon.com/dp/B07HHY6MKY?tag=eloabder-20&linkCode=osi&th=1&psc=1"><img src="https://m.media-amazon.com/images/I/41QDuvYCQlL._SL500_.jpg" alt="Product Image"></a><p>WORKPRO 150-piece Sanding Discs Set - 5-Inch 8-Hole Sandpaper 10 Grades Include 60, 80, 100, 120, 150,180, 240, 320, 400, 600 Grits for Random Orbital Sander(Not for Oscillating Tools or Mouse Sander)</p><p> -20% 0FF </p><p>$19.99 ($0.13 / Count)</p><a href="https://www.amazon.com/dp/B07HHY6MKY?tag=eloabder-20&linkCode=osi&th=1&psc=1">View Product</a></div><div class="product"><a href="https://www.amazon.com/dp/B09X6DY6RW?tag=eloabder-20&linkCode=osi&th=1&psc=1"><img src="https://m.media-amazon.com/images/I/41rifda9wbL._SL500_.jpg" alt="Product Image"></a><p>Afruxy 4 Pack Extra Fine Sanding Block, Washable and Reusable Sanding Sponge for Wood Drywall Metal Glasses Coarse/Medium/Fine/Superfine in 60/80/120/220 Grit Sandpaper Block Sand Paper Brick</p><p> -25% 0FF </p><p>$8.99 ($2.25 / Count)</p><a href="https://www.amazon.com/dp/B09X6DY6RW?tag=eloabder-20&linkCode=osi&th=1&psc=1">View Product</a></div>
<div class="product"><a href="https://www.amazon.com/dp/B07CH6QNCV?tag=eloabder-20&linkCode=osi&th=1&psc=1"><img src="https://m.media-amazon.com/images/I/413Vmyc4FPL._SL500_.jpg" alt="Product Image"></a><p>VASTOOLS Welding Chipping Hammer with Coil Spring Handle,10.5",Cone and Vertical Chisel/ 10" Wire Brush(Free), Black</p><p> -18% 0FF </p><p>$13.99</p><a href="https://www.amazon.com/dp/B07CH6QNCV?tag=eloabder-20&linkCode=osi&th=1&psc=1">View Product</a></div><div class="product"><a href="https://www.amazon.com/dp/B0D6QRJJ4R?tag=eloabder-20&linkCode=osi&th=1&psc=1"><img src="https://m.media-amazon.com/images/I/41KF4m4nNfL._SL500_.jpg" alt="Product Image"></a><p>120A MIG Welding Machine, 110V/220V Flux Core Welder/Lift TIG/Stick Welder 3 in 1, Portable Gasless Welder with IGBT Inverter, Welding Gun & Welding Wire, Weld Kit for Aluminum, Metal</p><p> -56% 0FF </p><p>$69.99</p><a href="https://www.amazon.com/dp/B0D6QRJJ4R?tag=eloabder-20&linkCode=osi&th=1&psc=1">View Product</a></div>
<div class="product"><a href="https://www.amazon.com/dp/B09YGXKZC1?tag=eloabder-20&linkCode=osi&th=1&psc=1"><img src="https://m.media-amazon.com/images/I/417vPDmhw0L._SL500_.jpg" alt="Product Image"></a><p>ARCCAPTAIN Stick Welder, [Large LED Display] 200A ARC/Lift TIG Welding Machine with Synergic Control, IGBT Inverter 110V/220V Portable MMA Welder Machine with Hot Start, Arc force and Anti-Stick</p><p> -31% 0FF </p><p>$116.63</p><a href="https://www.amazon.com/dp/B09YGXKZC1?tag=eloabder-20&linkCode=osi&th=1&psc=1">View Product</a></div><div class="product"><a href="https://www.amazon.com/dp/B0D9LDRJV7?tag=eloabder-20&linkCode=osi&th=1&psc=1"><img src="https://m.media-amazon.com/images/I/51o3VwWmuzL._SL500_.jpg" alt="Product Image"></a><p>AwxryoX Portable Handheld Welding Machine, 110V 140Amp Upgraded Maquina de Soldar with IGBT Inverter 6 Variable Current, Soldadora Welding Tool Set with 3/32"-1/8" Welding Rod & Protective Gloves</p><p> -25% 0FF </p><p>$89.99</p><a href="https://www.amazon.com/dp/B0D9LDRJV7?tag=eloabder-20&linkCode=osi&th=1&psc=1">View Product</a></div><div class="product"><a href="https://www.amazon.com/dp/B09WDGL3GQ?tag=eloabder-20&linkCode=osi&th=1&psc=1"><img src="https://m.media-amazon.com/images/I/518jYZZcNhL._SL500_.jpg" alt="Product Image"></a><p>Welding Machine, Upgraded MMA-250A 110V Welder Machine,Portable Stick Welder IGBT Digital Display LCD,Home DIY Arc Welder,Hot Start Arc Force Anti-stick Mini Welder</p><p> -14% 0FF </p><p>$67.79</p><a href="https://www.amazon.com/dp/B09WDGL3GQ?tag=eloabder-20&linkCode=osi&th=1&psc=1">View Product</a></div><div class="product"><a href="https://www.amazon.com/dp/B0BR8TS34Y?tag=eloabder-20&linkCode=osi&th=1&psc=1"><img src="https://m.media-amazon.com/images/I/51NzsbTpmyL._SL500_.jpg" alt="Product Image"></a><p>Welding machine handheld | 110V IGBT Digital Stick WelderÔºåPortable welder machine with Complete Accessory Set & Carrying Case</p><p> -50% 0FF </p><p>$49.99</p><a href="https://www.amazon.com/dp/B0BR8TS34Y?tag=eloabder-20&linkCode=osi&th=1&psc=1">View Product</a></div><div class="product"><a href="https://www.amazon.com/dp/B0BN81636G?tag=eloabder-20&linkCode=osi&th=1&psc=1"><img src="https://m.media-amazon.com/images/I/41q0oXAoP1L._SL500_.jpg" alt="Product Image"></a><p>AZZUNO MIG Welder,Flux Core Welder Machine 110V 130Amp, Gasless MIG Welding Machine IGBT Inverter Welder Portable Wire Feed Welder (110V)</p><p> -21% 0FF </p><p>$85.99</p><a href="https://www.amazon.com/dp/B0BN81636G?tag=eloabder-20&linkCode=osi&th=1&psc=1">View Product</a></div>
<div class="product"><a href="https://www.amazon.com/dp/B07MKRYWMD?tag=eloabder-20&linkCode=osi&th=1&psc=1"><img src="https://m.media-amazon.com/images/I/31nmFb6CayL._SL500_.jpg" alt="Product Image"></a><p>Hobart 770890 Auto-Darkening Welding Helmet, Large, Black</p><p> -10% 0FF </p><p>$98.99</p><a href="https://www.amazon.com/dp/B07MKRYWMD?tag=eloabder-20&linkCode=osi&th=1&psc=1">View Product</a></div><div class="product"><a href="https://www.amazon.com/dp/B07V9G94NK?tag=eloabder-20&linkCode=osi&th=1&psc=1"><img src="https://m.media-amazon.com/images/I/31SAUhqpDZL._SL500_.jpg" alt="Product Image"></a><p>Lincoln Electric K3034-4 VIKING 3350 Auto Darkening Welding Helmet with 4C Lens Technology, Matte Black, extra large</p><p> -29% 0FF </p><p>$357.99</p><a href="https://www.amazon.com/dp/B07V9G94NK?tag=eloabder-20&linkCode=osi&th=1&psc=1">View Product</a></div><div class="product"><a href="https://www.amazon.com/dp/B0BYXPR9F3?tag=eloabder-20&linkCode=osi&th=1&psc=1"><img src="https://m.media-amazon.com/images/I/51ggHp1dC3L._SL500_.jpg" alt="Product Image"></a><p>TOOLIOM Welding Helmet Solar Power Auto Darkening Welding Helmet Adjustable Shade Range for MIG TIG Stick Welder Mask Blue Eagle</p><p> -13% 0FF </p><p>$27.99</p><a href="https://www.amazon.com/dp/B0BYXPR9F3?tag=eloabder-20&linkCode=osi&th=1&psc=1">View Product</a></div><div class="product"><a href="https://www.amazon.com/dp/B0BV6RYWV9?tag=eloabder-20&linkCode=osi&th=1&psc=1"><img src="https://m.media-amazon.com/images/I/41HBwMbwbaL._SL500_.jpg" alt="Product Image"></a><p>ARCCAPTAIN Welding Helmet Auto Darkening, 3.94"X3.66" Large Viewing Screen True Color Welding Hood with 4 Arc Sensor Solar Powered, Wide Shade 4-5/5-9/9-13 for ARC TIG MIG Welding Helmets for Men</p><p> -17% 0FF </p><p>$59.99</p><a href="https://www.amazon.com/dp/B0BV6RYWV9?tag=eloabder-20&linkCode=osi&th=1&psc=1">View Product</a></div>
<div class="product"><a href="https://www.amazon.com/dp/B07RX7TNBY?tag=eloabder-20&linkCode=osi&th=1&psc=1"><img src="https://m.media-amazon.com/images/I/417ep0UH1cL._SL500_.jpg" alt="Product Image"></a><p>WZQH 16 Inches,932‚Ñâ,Leather Forge Welding Gloves, Heat/Fire Resistant,Mitts for BBQ,Oven,Grill,Fireplace,Tig,Mig,Baking,Furnace,Stove,Pot Holder,Animal Handling Glove.Black-gray</p><p> -32% 0FF </p><p>$19.74 ($19.74 / Count)</p><a href="https://www.amazon.com/dp/B07RX7TNBY?tag=eloabder-20&linkCode=osi&th=1&psc=1">View Product</a></div><div class="product"><a href="https://www.amazon.com/dp/B00IYX04YC?tag=eloabder-20&linkCode=osi&th=1&psc=1"><img src="https://m.media-amazon.com/images/I/51vjm0ZOsgL._SL500_.jpg" alt="Product Image"></a><p>Lincoln Electric Leather Welding Gloves KH641, Premium Hand Protection from Welder and Cutting Torch Heat, Commercial Quality, Cotton Lined, Gauntlet Cuff, Unisex, Grey, One Size</p><p> -5% 0FF </p><p>$18.98</p><a href="https://www.amazon.com/dp/B00IYX04YC?tag=eloabder-20&linkCode=osi&th=1&psc=1">View Product</a></div><div class="product"><a href="https://www.amazon.com/dp/B078FMLJSW?tag=eloabder-20&linkCode=osi&th=1&psc=1"><img src="https://m.media-amazon.com/images/I/41cO-Y-5sjL._SL500_.jpg" alt="Product Image"></a><p>Revco GM1611 Top Grain Leather Cowhide MIG Welding Gloves with Reinforced Palm & Thumb & Index Finger, Seamless Forefinger, 5" Cuff for Extra Protection (Medium)</p><p> -7% 0FF </p><p>$27.99</p><a href="https://www.amazon.com/dp/B078FMLJSW?tag=eloabder-20&linkCode=osi&th=1&psc=1">View Product</a></div>
<div class="product"><a href="https://www.amazon.com/dp/B07W41G6P3?tag=eloabder-20&linkCode=osi&th=1&psc=1"><img src="https://m.media-amazon.com/images/I/51FnU0Vr4ZL._SL500_.jpg" alt="Product Image"></a><p>YESWELDER Flux Core Gasless Mig Wire, Mild Steel E71TGS .030-Diameter, 2-Pound Strong ABS Plastic Spool</p><p> -30% 0FF </p><p>$15.99</p><a href="https://www.amazon.com/dp/B07W41G6P3?tag=eloabder-20&linkCode=osi&th=1&psc=1">View Product</a></div><div class="product"><a href="https://www.amazon.com/dp/B0BRCT2NLM?tag=eloabder-20&linkCode=osi&th=1&psc=1"><img src="https://m.media-amazon.com/images/I/412YtbTwWWL._SL500_.jpg" alt="Product Image"></a><p>0.035 flux core welding wire, 3 Spools E71T-GS Low Splatter gasless Carbon Steel Mig Welding Wire Compatible With HF Fourney Harbor Welder(3 PACK)</p><p> -9% 0FF </p><p>$29.99</p><a href="https://www.amazon.com/dp/B0BRCT2NLM?tag=eloabder-20&linkCode=osi&th=1&psc=1">View Product</a></div><div class="product"><a href="https://www.amazon.com/dp/B003XKH71O?tag=eloabder-20&linkCode=osi&th=1&psc=1"><img src="https://m.media-amazon.com/images/I/51aO46a0SrL._SL500_.jpg" alt="Product Image"></a><p>INEFIL ER70S-6 .030-Inch on 10-Pound Spool Carbon Steel Mig Solid Welding Wire</p><p> -24% 0FF </p><p>$25.05 ($0.16 / Ounce)</p><a href="https://www.amazon.com/dp/B003XKH71O?tag=eloabder-20&linkCode=osi&th=1&psc=1">View Product</a></div><div class="product"><a href="https://www.amazon.com/dp/B00F429SZM?tag=eloabder-20&linkCode=osi&th=1&psc=1"><img src="https://m.media-amazon.com/images/I/41BHKwqBRIL._SL500_.jpg" alt="Product Image"></a><p>Blue Demon E71TGS X .035‚Äù X 2 LB MIG/GMAW Gasless Flux Core Carbon Steel Welding Wire, All Position, Easy Slag Removal, Formulated To Provide Porosity-Free, X-Ray Quality Welds</p><p> -30% 0FF </p><p>$11.91</p><a href="https://www.amazon.com/dp/B00F429SZM?tag=eloabder-20&linkCode=osi&th=1&psc=1">View Product</a></div><div class="product"><a href="https://www.amazon.com/dp/B01I82OSC2?tag=eloabder-20&linkCode=osi&th=1&psc=1"><img src="https://m.media-amazon.com/images/I/41QrzqdrCEL._SL500_.jpg" alt="Product Image"></a><p>Lincoln Electric MIG Welding Wire, NR-211-MP, .035, Spool, Model: ED030584 (Pack of 3)</p><p> -6% 0FF </p><p>$46.99 ($15.66 / Count)</p><a href="https://www.amazon.com/dp/B01I82OSC2?tag=eloabder-20&linkCode=osi&th=1&psc=1">View Product</a></div><div class="product"><a href="https://www.amazon.com/dp/B09YYCRKR2?tag=eloabder-20&linkCode=osi&th=1&psc=1"><img src="https://m.media-amazon.com/images/I/51DpQ1PI8pL._SL500_.jpg" alt="Product Image"></a><p>ARCCAPTAIN Flux Core Welding Wire .030, E71T-GS Mig Welding Wire 2-Pound Spool Gasless Mild Carbon Steel Compatible With Lincoln Miller Forney Harbor Welder</p><p> -8% 0FF </p><p>$16.99</p><a href="https://www.amazon.com/dp/B09YYCRKR2?tag=eloabder-20&linkCode=osi&th=1&psc=1">View Product</a></div><div class="product"><a href="https://www.amazon.com/dp/B09DYCK78H?tag=eloabder-20&linkCode=osi&th=1&psc=1"><img src="https://m.media-amazon.com/images/I/41umOmMUkzL._SL500_.jpg" alt="Product Image"></a><p>TOOLIOM ER70S-6 .030"(0.8 mm) Mild Steel Mig Solid Welding Wire on 10-Pound Spool for TL-200M TL-250M Pro</p><p> -7% 0FF </p><p>$27.99</p><a href="https://www.amazon.com/dp/B09DYCK78H?tag=eloabder-20&linkCode=osi&th=1&psc=1">View Product</a></div>
<div class="product"><a href="https://www.amazon.com/dp/B0B3D96MN6?tag=eloabder-20&linkCode=osi&th=1&psc=1"><img src="https://m.media-amazon.com/images/I/51k0bP+5e6L._SL500_.jpg" alt="Product Image"></a><p>Soldering Iron Premium Kit, 60W Soldering Gun with Ceramic Heater, 12-in-1 Soldering Tool, Adjustable Temperature 200 to 450¬∞C, Includes Soldering Iron Tip, Solder Wire, Pump and Paste</p><p> -20% 0FF </p><p>$23.99</p><a href="https://www.amazon.com/dp/B0B3D96MN6?tag=eloabder-20&linkCode=osi&th=1&psc=1">View Product</a></div><div class="product"><a href="https://www.amazon.com/dp/B087767KNW?tag=eloabder-20&linkCode=osi&th=1&psc=1"><img src="https://m.media-amazon.com/images/I/41rapiHruXL._SL500_.jpg" alt="Product Image"></a><p>Soldering Iron Kit, 60W Soldering Iron with Interchangeable Iron Tips, 10-in-1 Adjustable Temperature Soldering Welding Iron Kit for any Hobby Enthusiast 110V US Plug</p><p> -13% 0FF </p><p>$12.99</p><a href="https://www.amazon.com/dp/B087767KNW?tag=eloabder-20&linkCode=osi&th=1&psc=1">View Product</a></div><div class="product"><a href="https://www.amazon.com/dp/B082F1WKP9?tag=eloabder-20&linkCode=osi&th=1&psc=1"><img src="https://m.media-amazon.com/images/I/518z061SWZL._SL500_.jpg" alt="Product Image"></a><p>YIHUA 926 III 60W Digital Display Soldering Iron Station Kit w 2 Helping Hands, 6 Extra Iron Tips, Lead-Free Solder, Solder Sucker, S/S Tweezers, ¬∞C/¬∫F Conversion, Auto Sleep & Calibration Support</p><p> -17% 0FF </p><p>$49.99</p><a href="https://www.amazon.com/dp/B082F1WKP9?tag=eloabder-20&linkCode=osi&th=1&psc=1">View Product</a></div><div class="product"><a href="https://www.amazon.com/dp/B002PIA6Z4?tag=eloabder-20&linkCode=osi&th=1&psc=1"><img src="https://m.media-amazon.com/images/I/41hE8aKpakL._SL500_.jpg" alt="Product Image"></a><p>Pro'sKit 900-015 Helping Hands Soldering Aid</p><p> -35% 0FF </p><p>$7.59</p><a href="https://www.amazon.com/dp/B002PIA6Z4?tag=eloabder-20&linkCode=osi&th=1&psc=1">View Product</a></div><div class="product"><a href="https://www.amazon.com/dp/B094GZ6CPZ?tag=eloabder-20&linkCode=osi&th=1&psc=1"><img src="https://m.media-amazon.com/images/I/510vFCSfPqL._SL500_.jpg" alt="Product Image"></a><p>Lesnow solder wick braid 10ft Length Desoldering Wick Braid Remover Tool Solder Sucker 1 piece No-Clean soldering Wick Wire Roll and Disassemble Electrical Components</p><p> -20% 0FF </p><p>$7.99</p><a href="https://www.amazon.com/dp/B094GZ6CPZ?tag=eloabder-20&linkCode=osi&th=1&psc=1">View Product</a></div><div class="product"><a href="https://www.amazon.com/dp/B0CZ9KB3PS?tag=eloabder-20&linkCode=osi&th=1&psc=1"><img src="https://m.media-amazon.com/images/I/41i90xEV7CL._SL500_.jpg" alt="Product Image"></a><p>60W Digital Soldering Station Fast Heating Precision Temperature Control Soldering Iron Station with Stable Base Auto Sleep 10 Soldering Iron Tips Soldering Station Kit for Beginners DIY hobbyist</p><p> -15% 0FF </p><p>$39.88</p><a href="https://www.amazon.com/dp/B0CZ9KB3PS?tag=eloabder-20&linkCode=osi&th=1&psc=1">View Product</a></div><div class="product"><a href="https://www.amazon.com/dp/B00NS4J6BY?tag=eloabder-20&linkCode=osi&th=1&psc=1"><img src="https://m.media-amazon.com/images/I/51zuuNWwBjL._SL500_.jpg" alt="Product Image"></a><p>Thermaltronics TMT-TC-2 Tip Tinner (20g) in 0.8oz Container</p><p> -21% 0FF </p><p>$6.35 ($7.94 / Ounce)</p><a href="https://www.amazon.com/dp/B00NS4J6BY?tag=eloabder-20&linkCode=osi&th=1&psc=1">View Product</a></div>
<div class="product"><a href="https://www.amazon.com/dp/B097T8CG94?tag=eloabder-20&linkCode=osi&th=1&psc=1"><img src="https://m.media-amazon.com/images/I/51ciNJ1DuTL._SL500_.jpg" alt="Product Image"></a><p>Soldering Iron Kit,Electric 60W Soldering Gun Welding Tools with ON/OFF Swicth,5 Soldering Iron Tips,Tweezers,solder wire,for soldering Kit and Repairing,DIY</p><p> -50% 0FF </p><p>$5.99</p><a href="https://www.amazon.com/dp/B097T8CG94?tag=eloabder-20&linkCode=osi&th=1&psc=1">View Product</a></div><div class="product"><a href="https://www.amazon.com/dp/B08R3515SF?tag=eloabder-20&linkCode=osi&th=1&psc=1"><img src="https://m.media-amazon.com/images/I/41-UwHjbdpL._SL500_.jpg" alt="Product Image"></a><p>Soldering Iron Kit, 80W 110V LCD Digital Soldering Welding Iron Kit with Ceramic Heater, Portable Soldering Kit with 5pcs Tips, Stand, Solder Tube, Sponge, Solder Paste,for Metal,Electric, DIY</p><p> -23% 0FF </p><p>$9.95</p><a href="https://www.amazon.com/dp/B08R3515SF?tag=eloabder-20&linkCode=osi&th=1&psc=1">View Product</a></div><div class="product"><a href="https://www.amazon.com/dp/B0BW4HMXJ3?tag=eloabder-20&linkCode=osi&th=1&psc=1"><img src="https://m.media-amazon.com/images/I/516tKeqajpL._SL500_.jpg" alt="Product Image"></a><p>Soldering Iron Kit 80W LCD Adjustable Temperature 180-520‚ÑÉ Solder Kit Electronics 13 in 1 Welding Tools with ON/OFF Switch, Solder Wire, Flux, 5 Soldering Tips, Desoldering Pump, Stand, Tweezers</p><p> -27% 0FF </p><p>$18.98</p><a href="https://www.amazon.com/dp/B0BW4HMXJ3?tag=eloabder-20&linkCode=osi&th=1&psc=1">View Product</a></div>
<div class="product"><a href="https://www.amazon.com/dp/B077JDGY1J?tag=eloabder-20&linkCode=osi&th=1&psc=1"><img src="https://m.media-amazon.com/images/I/41yRK+nzODL._SL500_.jpg" alt="Product Image"></a><p>Weller 70 Watt Digital Soldering Station | WE1010NA</p><p> -25% 0FF </p><p>$115.00</p><a href="https://www.amazon.com/dp/B077JDGY1J?tag=eloabder-20&linkCode=osi&th=1&psc=1">View Product</a></div><div class="product"><a href="https://www.amazon.com/dp/B09TXP1KDV?tag=eloabder-20&linkCode=osi&th=1&psc=1"><img src="https://m.media-amazon.com/images/I/51-97nkYLSL._SL500_.jpg" alt="Product Image"></a><p>WEP 927-IV Soldering Station Kit High-Power 110W with 3 Preset Channels, Sleep Mode, LED Magnifier, 5 Extra Iron Tips, Tip Cleaner, 2 Helping Hands, Tip Storage Slots, Lead-free Solder Wire, Tweezers</p><p> -25% 0FF </p><p>$59.99</p><a href="https://www.amazon.com/dp/B09TXP1KDV?tag=eloabder-20&linkCode=osi&th=1&psc=1">View Product</a></div><div class="product"><a href="https://www.amazon.com/dp/B07RVMZNYR?tag=eloabder-20&linkCode=osi&th=1&psc=1"><img src="https://m.media-amazon.com/images/I/51MK9AVKTeL._SL500_.jpg" alt="Product Image"></a><p>YIHUA 939D+ Digital Soldering Station, 75W Equivalent with Precision Heat Control (392¬∞F to 896¬∞F) and Built-in Transformer. ESD Safe, Lead Free with ¬∞C/¬∞F display (Black)</p><p> -17% 0FF </p><p>$59.99</p><a href="https://www.amazon.com/dp/B07RVMZNYR?tag=eloabder-20&linkCode=osi&th=1&psc=1">View Product</a></div><div class="product"><a href="https://www.amazon.com/dp/B0BX5KXBPD?tag=eloabder-20&linkCode=osi&th=1&psc=1"><img src="https://m.media-amazon.com/images/I/51kzeXwC0sL._SL500_.jpg" alt="Product Image"></a><p>WEP 882D Soldering Iron Station 2-IN-1 SMD Hot Air Rework Station with 2 Spools of Solder Wire, 5 Soldering Tips, 3 Hot Air Nozzles, Brass Wool Tip Cleaner, Tweezers, Desoldering pump</p><p> -12% 0FF </p><p>$48.44</p><a href="https://www.amazon.com/dp/B0BX5KXBPD?tag=eloabder-20&linkCode=osi&th=1&psc=1">View Product</a></div><div class="product"><a href="https://www.amazon.com/dp/B07S4GPM66?tag=eloabder-20&linkCode=osi&th=1&psc=1"><img src="https://m.media-amazon.com/images/I/51Z2ti7tGQL._SL500_.jpg" alt="Product Image"></a><p>YIHUA 853D 2A USB SMD Hot Air Rework Soldering Iron Station, DC Power Supply 0-15V 0-2A with 5V USB Charging Port and 35 Volt DC Voltage Test Meter</p><p> -12% 0FF </p><p>$149.99</p><a href="https://www.amazon.com/dp/B07S4GPM66?tag=eloabder-20&linkCode=osi&th=1&psc=1">View Product</a></div><div class="product"><a href="https://www.amazon.com/dp/B07RY5XWVG?tag=eloabder-20&linkCode=osi&th=1&psc=1"><img src="https://m.media-amazon.com/images/I/51C2g+FzzUL._SL500_.jpg" alt="Product Image"></a><p>YIHUA 862BD+ SMD ESD Safe 2 in 1 Soldering Iron Hot Air Rework Station ¬∞F /¬∞C with Multiple Functions</p><p> -27% 0FF </p><p>$101.95</p><a href="https://www.amazon.com/dp/B07RY5XWVG?tag=eloabder-20&linkCode=osi&th=1&psc=1">View Product</a></div>
<div class="product"><a href="https://www.amazon.com/dp/B008ZIV85A?tag=eloabder-20&linkCode=osi&th=1&psc=1"><img src="https://m.media-amazon.com/images/I/41CWW+v4uOL._SL500_.jpg" alt="Product Image"></a><p>SRA Solder 135 Rosin Paste Soldering Flux For Electronics, No Clean Flux Made for Lead and Lead-Free Solder Circuit Boards and Copper Electrical Wire - Safe Clean Residues with No Goopy Mess (2oz Jar)</p><p> -23% 0FF </p><p>$8.49</p><a href="https://www.amazon.com/dp/B008ZIV85A?tag=eloabder-20&linkCode=osi&th=1&psc=1">View Product</a></div><div class="product"><a href="https://www.amazon.com/dp/B08MVXW4RY?tag=eloabder-20&linkCode=osi&th=1&psc=1"><img src="https://m.media-amazon.com/images/I/51ACPA4yj1L._SL500_.jpg" alt="Product Image"></a><p>2 Jar Solder Flux, Flux for Soldering, Rosin Soldering Flux Paste for Lead-Free Electronics Soldering and Soldering DIY (1.2oz/35g in a Jar)</p><p> -30% 0FF </p><p>$6.98</p><a href="https://www.amazon.com/dp/B08MVXW4RY?tag=eloabder-20&linkCode=osi&th=1&psc=1">View Product</a></div>
<div class="product"><a href="https://www.amazon.com/dp/B07PX44JQM?tag=eloabder-20&linkCode=osi&th=1&psc=1"><img src="https://m.media-amazon.com/images/I/41MRmHNswpL._SL500_.jpg" alt="Product Image"></a><p>Metabo HPT Compound Miter Saw, 10" Miter Saw with Large Table Saw for woodworking, Power saw with 15-Amp Motor, Accurate Miter Angles, 0-45¬∞ Bevel, 24T TCT Miter Saw Blade, Positive Stops, C10FCGS</p><p> -25% 0FF </p><p>$119.00</p><a href="https://www.amazon.com/dp/B07PX44JQM?tag=eloabder-20&linkCode=osi&th=1&psc=1">View Product</a></div><div class="product"><a href="https://www.amazon.com/dp/B0CCNY7798?tag=eloabder-20&linkCode=osi&th=1&psc=1"><img src="https://m.media-amazon.com/images/I/51Wb7rA81NL._SL500_.jpg" alt="Product Image"></a><p>DEKOPRO Drill Set: Tool Set with 8V Blue Cordless Drill, Home Tool Kit with Drill, Hand Tool Kits for Women 126 Piece</p><p> -33% 0FF </p><p>$59.99</p><a href="https://www.amazon.com/dp/B0CCNY7798?tag=eloabder-20&linkCode=osi&th=1&psc=1">View Product</a></div><div class="product"><a href="https://www.amazon.com/dp/B07JPFHQKG?tag=eloabder-20&linkCode=osi&th=1&psc=1"><img src="https://m.media-amazon.com/images/I/413RBSqCVzL._SL500_.jpg" alt="Product Image"></a><p>DEWALT 20V MAX XR Jig Saw, 3,200 Blade Speed, Cordless, Brushless Motor, LED Light, Bare Tool Only (DCS334B)</p><p> -46% 0FF </p><p>$129.00</p><a href="https://www.amazon.com/dp/B07JPFHQKG?tag=eloabder-20&linkCode=osi&th=1&psc=1">View Product</a></div><div class="product"><a href="https://www.amazon.com/dp/B01IR1SXVQ?tag=eloabder-20&linkCode=osi&th=1&psc=1"><img src="https://m.media-amazon.com/images/I/41ryU1i4DeL._SL500_.jpg" alt="Product Image"></a><p>BLACK+DECKER 20V MAX Power Tool Combo Kit, 4-Tool Cordless Power Tool Set with 2 Batteries and Charger (BD4KITCDCRL)</p><p> -29% 0FF </p><p>$141.83</p><a href="https://www.amazon.com/dp/B01IR1SXVQ?tag=eloabder-20&linkCode=osi&th=1&psc=1">View Product</a></div>
<div class="product"><a href="https://www.amazon.com/dp/B0C4L88ZFW?tag=eloabder-20&linkCode=osi&th=1&psc=1"><img src="https://m.media-amazon.com/images/I/51SJoHf6mJL._SL500_.jpg" alt="Product Image"></a><p>FADAKWALT Cordless Drill Set,12V Power Drill Set with Battery and Charger, Electric Driver/Drill Bits, 3/8'' Keyless Chuck,21+1 Torque Setting, 180 inch-lbs, with LED Electric Drill Set (Green)</p><p> -20% 0FF </p><p>$23.98</p><a href="https://www.amazon.com/dp/B0C4L88ZFW?tag=eloabder-20&linkCode=osi&th=1&psc=1">View Product</a></div><div class="product"><a href="https://www.amazon.com/dp/B07CR1GPBQ?tag=eloabder-20&linkCode=osi&th=1&psc=1"><img src="https://m.media-amazon.com/images/I/51Py58xkv6L._SL500_.jpg" alt="Product Image"></a><p>AVID POWER 20V MAX Lithium lon Cordless Drill Set, Power Drill Kit with Battery and Charger, 3/8-Inch Keyless Chuck, Variable Speed, 16 Position and 22pcs Drill Bits (Red)</p><p> -12% 0FF </p><p>$43.99</p><a href="https://www.amazon.com/dp/B07CR1GPBQ?tag=eloabder-20&linkCode=osi&th=1&psc=1">View Product</a></div><div class="product"><a href="https://www.amazon.com/dp/B09Y8BWFZB?tag=eloabder-20&linkCode=osi&th=1&psc=1"><img src="https://m.media-amazon.com/images/I/51Ixq-DjI3L._SL500_.jpg" alt="Product Image"></a><p>DEKOPRO 8V Cordless Drill, Drill Set with 3/8"Keyless Chuck, 42pcs Acessories, Built-in LED, Type-C Charge Cable, Pink Power Drill for Drilling and Tightening/Loosening Screws</p><p> -17% 0FF </p><p>$29.99</p><a href="https://www.amazon.com/dp/B09Y8BWFZB?tag=eloabder-20&linkCode=osi&th=1&psc=1">View Product</a></div>
<div class="product"><a href="https://www.amazon.com/dp/B01KJJQ1MC?tag=eloabder-20&linkCode=osi&th=1&psc=1"><img src="https://m.media-amazon.com/images/I/51zT9DcQquL._SL500_.jpg" alt="Product Image"></a><p>Skil 5080-01 13-Amp 7-1/4" Circular Saw, Red</p><p> -33% 0FF </p><p>$39.99</p><a href="https://www.amazon.com/dp/B01KJJQ1MC?tag=eloabder-20&linkCode=osi&th=1&psc=1">View Product</a></div><div class="product"><a href="https://www.amazon.com/dp/B076HPKK19?tag=eloabder-20&linkCode=osi&th=1&psc=1"><img src="https://m.media-amazon.com/images/I/41b2h45bkSS._SL500_.jpg" alt="Product Image"></a><p>BLACK+DECKER 20V MAX* Cordless Reciprocating Saw Kit (BDCR20C)</p><p> -21% 0FF </p><p>$54.99</p><a href="https://www.amazon.com/dp/B076HPKK19?tag=eloabder-20&linkCode=osi&th=1&psc=1">View Product</a></div><div class="product"><a href="https://www.amazon.com/dp/B07WP376TG?tag=eloabder-20&linkCode=osi&th=1&psc=1"><img src="https://m.media-amazon.com/images/I/51PemucX5WL._SL500_.jpg" alt="Product Image"></a><p>GALAX PRO Circular Saw and Reciprocating Saw Combo Kit with 1pcs 4.0Ah Lithium Battery and One Charger, 7 Saw Blades and Tool Bag</p><p> -21% 0FF </p><p>$109.99</p><a href="https://www.amazon.com/dp/B07WP376TG?tag=eloabder-20&linkCode=osi&th=1&psc=1">View Product</a></div><div class="product"><a href="https://www.amazon.com/dp/B00F2CGXGG?tag=eloabder-20&linkCode=osi&th=1&psc=1"><img src="https://m.media-amazon.com/images/I/41gldz3g2lS._SL500_.jpg" alt="Product Image"></a><p>DEWALT (DWE7491RS) 10-Inch Table Saw, 32-1/2-Inch Rip Capacity, Yellow/Black/Silver</p><p> -18% 0FF </p><p>$549.00</p><a href="https://www.amazon.com/dp/B00F2CGXGG?tag=eloabder-20&linkCode=osi&th=1&psc=1">View Product</a></div><div class="product"><a href="https://www.amazon.com/dp/B086SRQVVM?tag=eloabder-20&linkCode=osi&th=1&psc=1"><img src="https://m.media-amazon.com/images/I/41dsapo-W7L._SL500_.jpg" alt="Product Image"></a><p>Electric Circular Saw, HYCHIKA 6.2A Mini Circular Saw with 3 Blades(4-1/2‚Äù), Compact Hand Saw Max Cutting Depth 1-7/8'' (90¬∞), Rubber Handle, 10 Feet Cord, Fit for Wood Soft Metal Plastic Cuts</p><p> -22% 0FF </p><p>$54.38</p><a href="https://www.amazon.com/dp/B086SRQVVM?tag=eloabder-20&linkCode=osi&th=1&psc=1">View Product</a></div>
<div class="product"><a href="https://www.amazon.com/dp/B00RVZ7DNO?tag=eloabder-20&linkCode=osi&th=1&psc=1"><img src="https://m.media-amazon.com/images/I/41WHxI6Z+bL._SL500_.jpg" alt="Product Image"></a><p>DEWALT Angle Grinder, 4.5 Inch, 11 Amp, With Paddle Switch (DWE402)</p><p> -19% 0FF </p><p>$88.82</p><a href="https://www.amazon.com/dp/B00RVZ7DNO?tag=eloabder-20&linkCode=osi&th=1&psc=1">View Product</a></div><div class="product"><a href="https://www.amazon.com/dp/B07L21GNHL?tag=eloabder-20&linkCode=osi&th=1&psc=1"><img src="https://m.media-amazon.com/images/I/5199mmz0eBS._SL500_.jpg" alt="Product Image"></a><p>Metabo HPT 4-1/2-Inch Angle Grinder, Includes 5 Grinding Wheels & Hard Case, 6.2-Amp Motor, Compact & Lightweight, G12SR4</p><p> -20% 0FF </p><p>$39.00</p><a href="https://www.amazon.com/dp/B07L21GNHL?tag=eloabder-20&linkCode=osi&th=1&psc=1">View Product</a></div><div class="product"><a href="https://www.amazon.com/dp/B009ELXH1K?tag=eloabder-20&linkCode=osi&th=1&psc=1"><img src="https://m.media-amazon.com/images/I/41xbd2K1xkL._SL500_.jpg" alt="Product Image"></a><p>DEWALT Angle Grinder, One-Touch Guard, 4-1/2 -Inch (DWE4011)</p><p> -11% 0FF </p><p>$79.00</p><a href="https://www.amazon.com/dp/B009ELXH1K?tag=eloabder-20&linkCode=osi&th=1&psc=1">View Product</a></div><div class="product"><a href="https://www.amazon.com/dp/B06WW85XHR?tag=eloabder-20&linkCode=osi&th=1&psc=1"><img src="https://m.media-amazon.com/images/I/41IyxzFrgQL._SL500_.jpg" alt="Product Image"></a><p>DEWALT Angle Grinder Tool, 4-1/2-Inch to 5-Inch, Trigger Switch (DWE43116)</p><p> -20% 0FF </p><p>$134.93</p><a href="https://www.amazon.com/dp/B06WW85XHR?tag=eloabder-20&linkCode=osi&th=1&psc=1">View Product</a></div><div class="product"><a href="https://www.amazon.com/dp/B0002SRK6M?tag=eloabder-20&linkCode=osi&th=1&psc=1"><img src="https://m.media-amazon.com/images/I/31rUdEYHfiL._SL500_.jpg" alt="Product Image"></a><p>DEWALT Angle Grinder, 7-Inch, 13-Amp, 8,000 RPM, With Dust Ejection System, Corded (DW840)</p><p> -18% 0FF </p><p>$122.13</p><a href="https://www.amazon.com/dp/B0002SRK6M?tag=eloabder-20&linkCode=osi&th=1&psc=1">View Product</a></div><div class="product"><a href="https://www.amazon.com/dp/B01HD4EH4A?tag=eloabder-20&linkCode=osi&th=1&psc=1"><img src="https://m.media-amazon.com/images/I/31bCbZzbjxL._SL500_.jpg" alt="Product Image"></a><p>BOSCH GWS8-45 4-1/2 Inch 7.5 Amp Angle Grinder</p><p> -15% 0FF </p><p>$58.98</p><a href="https://www.amazon.com/dp/B01HD4EH4A?tag=eloabder-20&linkCode=osi&th=1&psc=1">View Product</a></div><div class="product"><a href="https://www.amazon.com/dp/B09MCMN9SJ?tag=eloabder-20&linkCode=osi&th=1&psc=1"><img src="https://m.media-amazon.com/images/I/51bilvYEN5L._SL500_.jpg" alt="Product Image"></a><p>7.5Amp 4-1/2 Inch 12000 RPM Angle Grinder with 2 Guards, 3 Cutting Wheels, 3 Discs, Non-Slip Handle and Carbon Brush for Metal and Wood</p><p> -13% 0FF </p><p>$39.99</p><a href="https://www.amazon.com/dp/B09MCMN9SJ?tag=eloabder-20&linkCode=osi&th=1&psc=1">View Product</a></div><div class="product"><a href="https://www.amazon.com/dp/B01FJLKS1K?tag=eloabder-20&linkCode=osi&th=1&psc=1"><img src="https://m.media-amazon.com/images/I/41OMZZp7LWL._SL500_.jpg" alt="Product Image"></a><p>WEN 944 7-Amp Angle Grinder, 4-1/2", Grey,black,orange</p><p> -30% 0FF </p><p>$24.35</p><a href="https://www.amazon.com/dp/B01FJLKS1K?tag=eloabder-20&linkCode=osi&th=1&psc=1">View Product</a></div>
<div class="product"><a href="https://www.amazon.com/dp/B07FDL1TW5?tag=eloabder-20&linkCode=osi&th=1&psc=1"><img src="https://m.media-amazon.com/images/I/51OYzHg15RL._SL500_.jpg" alt="Product Image"></a><p>SKIL Corded Multi-Function Detail Sander with Micro-Filter Dust Box 3 Additional Attachments & 12pc Sanding Sheet- SR232301</p><p> -27% 0FF </p><p>$29.00</p><a href="https://www.amazon.com/dp/B07FDL1TW5?tag=eloabder-20&linkCode=osi&th=1&psc=1">View Product</a></div><div class="product"><a href="https://www.amazon.com/dp/B0858C7X3M?tag=eloabder-20&linkCode=osi&th=1&psc=1"><img src="https://m.media-amazon.com/images/I/41-u+iAaY0L._SL500_.jpg" alt="Product Image"></a><p>DEWALT Random Orbit Sander, Variable Speed, 5-Inch (DWE6423)</p><p> -29% 0FF </p><p>$69.99</p><a href="https://www.amazon.com/dp/B0858C7X3M?tag=eloabder-20&linkCode=osi&th=1&psc=1">View Product</a></div><div class="product"><a href="https://www.amazon.com/dp/B01ALMMJH8?tag=eloabder-20&linkCode=osi&th=1&psc=1"><img src="https://m.media-amazon.com/images/I/41c+p-fOD8L._SL500_.jpg" alt="Product Image"></a><p>DEWALT Electric Sander, 1/4-Inch Sheet, (DWE6411)</p><p> -17% 0FF </p><p>$53.64</p><a href="https://www.amazon.com/dp/B01ALMMJH8?tag=eloabder-20&linkCode=osi&th=1&psc=1">View Product</a></div><div class="product"><a href="https://www.amazon.com/dp/B07JQM7C28?tag=eloabder-20&linkCode=osi&th=1&psc=1"><img src="https://m.media-amazon.com/images/I/41dKlVcpqTL._SL500_.jpg" alt="Product Image"></a><p>DEWALT 20V MAX Orbital Sander, Tool Only (DCW210B)</p><p> -41% 0FF </p><p>$105.00</p><a href="https://www.amazon.com/dp/B07JQM7C28?tag=eloabder-20&linkCode=osi&th=1&psc=1">View Product</a></div><div class="product"><a href="https://www.amazon.com/dp/B07KL4QGSQ?tag=eloabder-20&linkCode=osi&th=1&psc=1"><img src="https://m.media-amazon.com/images/I/41Ucr142bJL._SL500_.jpg" alt="Product Image"></a><p>WEN Benchtop Belt and Disc Sander with 4 x 36 in. Belt, 6 in. Disc and Cast Iron Base (6502T)</p><p> -27% 0FF </p><p>$98.80</p><a href="https://www.amazon.com/dp/B07KL4QGSQ?tag=eloabder-20&linkCode=osi&th=1&psc=1">View Product</a></div><div class="product"><a href="https://www.amazon.com/dp/B00OJWLVM6?tag=eloabder-20&linkCode=osi&th=1&psc=1"><img src="https://m.media-amazon.com/images/I/41uzJE+Q03L._SL500_.jpg" alt="Product Image"></a><p>BLACK+DECKER 2.0 Amp Electric 1/4 Sheet Orbit Sander (BDEQS300)</p><p> -29% 0FF </p><p>$28.41</p><a href="https://www.amazon.com/dp/B00OJWLVM6?tag=eloabder-20&linkCode=osi&th=1&psc=1">View Product</a></div>
<div class="product"><a href="https://www.amazon.com/dp/B0DC68CKKH?tag=eloabder-20&linkCode=osi&th=1&psc=1"><img src="https://m.media-amazon.com/images/I/41gqGPLD28L._SL500_.jpg" alt="Product Image"></a><p>VEVOR Air Compressor 80 Gallon, 6.5HP 15.5SCFM@90 PSI, 2-Stage 145PSI Oil Free Stationary Air Compressor Tank, 86dB Quiet Compressor for Industrial Manufacturing, Construction Sites (3-Phase Power)</p><p> -6% 0FF </p><p>$1,141.99</p><a href="https://www.amazon.com/dp/B0DC68CKKH?tag=eloabder-20&linkCode=osi&th=1&psc=1">View Product</a></div><div class="product"><a href="https://www.amazon.com/dp/B0CSZ1NVW4?tag=eloabder-20&linkCode=osi&th=1&psc=1"><img src="https://m.media-amazon.com/images/I/41RAQPUKmVL._SL500_.jpg" alt="Product Image"></a><p>FYPower Air Compressor Whip Hose 3/8 Inch x 10 Feet Lead in Hybrid Hose with Fittings, Flexible and Kink Resistant, 1/4" Industrial Quick Coupler and Plug Kit - Red</p><p> -50% 0FF </p><p>$9.49</p><a href="https://www.amazon.com/dp/B0CSZ1NVW4?tag=eloabder-20&linkCode=osi&th=1&psc=1">View Product</a></div><div class="product"><a href="https://www.amazon.com/dp/B0D1QK5ZKD?tag=eloabder-20&linkCode=osi&th=1&psc=1"><img src="https://m.media-amazon.com/images/I/41lJM5B8d2L._SL500_.jpg" alt="Product Image"></a><p>Uharbour Air Compressor Hose 1/4" x 50 Feet, 1/4 Air Hose PVC/Rubber Hybrid, Air Hose for Compressor with 1/4" MNPT Brass Fitting, Air Hose 50 ft for Air Compressor</p><p> -50% 0FF </p><p>$11.49 ($0.23 / Foot)</p><a href="https://www.amazon.com/dp/B0D1QK5ZKD?tag=eloabder-20&linkCode=osi&th=1&psc=1">View Product</a></div><div class="product"><a href="https://www.amazon.com/dp/B0CQ1ZXN5N?tag=eloabder-20&linkCode=osi&th=1&psc=1"><img src="https://m.media-amazon.com/images/I/413MD4U9LOL._SL500_.jpg" alt="Product Image"></a><p>DEWENWILS 3/8 Inch x 50FT Hybrid Air Hose 300 PSI, Heavy Duty Air Compressor Hose with 1/4" Industrial Quick Coupler Fittings, Flexible and Kink Resistant Air Hose (Red)</p><p> -50% 0FF </p><p>$16.24 ($0.32 / Foot)</p><a href="https://www.amazon.com/dp/B0CQ1ZXN5N?tag=eloabder-20&linkCode=osi&th=1&psc=1">View Product</a></div><div class="product"><a href="https://www.amazon.com/dp/B0CHB3GDSV?tag=eloabder-20&linkCode=osi&th=1&psc=1"><img src="https://m.media-amazon.com/images/I/41TgWdqGdPL._SL500_.jpg" alt="Product Image"></a><p>Giraffe Tools TA15BPLUS Retractable Air Hose Reel with Swivel Bracket 3/8" x 50 ft Hybrid Hose, Ceiling/Wall Mounted Heavy Duty Industrial Air Compressor Hose Reel, 300PSI, 50ft</p><p> -9% 0FF </p><p>$99.99</p><a href="https://www.amazon.com/dp/B0CHB3GDSV?tag=eloabder-20&linkCode=osi&th=1&psc=1">View Product</a></div><div class="product"><a href="https://www.amazon.com/dp/B08PDT69XS?tag=eloabder-20&linkCode=osi&th=1&psc=1"><img src="https://m.media-amazon.com/images/I/41a6Z-s1uhL._SL500_.jpg" alt="Product Image"></a><p>Craftsman 20-piece Air Accessory Kit</p><p> -24% 0FF </p><p>$33.28</p><a href="https://www.amazon.com/dp/B08PDT69XS?tag=eloabder-20&linkCode=osi&th=1&psc=1">View Product</a></div><div class="product"><a href="https://www.amazon.com/dp/B07MBY35K6?tag=eloabder-20&linkCode=osi&th=1&psc=1"><img src="https://m.media-amazon.com/images/I/41wG+631zAL._SL500_.jpg" alt="Product Image"></a><p>AZUNO Digital Tire Inflator with Pressure Gauge, 200 PSI (0.1 Res) w/LED Flashlight, Heavy Duty Air Compressor Accessories 7pcs Set, w/Lock on Air Dual Head Chuck and 90¬∞ Tire Valve</p><p> -6% 0FF </p><p>$25.99</p><a href="https://www.amazon.com/dp/B07MBY35K6?tag=eloabder-20&linkCode=osi&th=1&psc=1">View Product</a></div>
<div class="product"><a href="https://www.amazon.com/dp/B0918CSK8N?tag=eloabder-20&linkCode=osi&th=1&psc=1"><img src="https://m.media-amazon.com/images/I/51PHon751vL._SL500_.jpg" alt="Product Image"></a><p>TOOLPEAK 1/4 inch angle air die grinder with 22 pcs 2-inch roll lock sanding discs, polished color angle pneumatic die grinder, air die grinder kit</p><p> -5% 0FF </p><p>$38.57</p><a href="https://www.amazon.com/dp/B0918CSK8N?tag=eloabder-20&linkCode=osi&th=1&psc=1">View Product</a></div><div class="product"><a href="https://www.amazon.com/dp/B000VZAENC?tag=eloabder-20&linkCode=osi&th=1&psc=1"><img src="https://m.media-amazon.com/images/I/21onsePfIFL._SL500_.jpg" alt="Product Image"></a><p>Ingersoll Rand 114GQC Quick Change Air Hammer 3-Piece Chisel Set, 3500 BPM, 2-5/8" Stroke, .401 Shank</p><p> -13% 0FF </p><p>$64.99</p><a href="https://www.amazon.com/dp/B000VZAENC?tag=eloabder-20&linkCode=osi&th=1&psc=1">View Product</a></div><div class="product"><a href="https://www.amazon.com/dp/B079FCZT4N?tag=eloabder-20&linkCode=osi&th=1&psc=1"><img src="https://m.media-amazon.com/images/I/41MB8jWnISS._SL500_.jpg" alt="Product Image"></a><p>WEN 61721 18-Gauge 3/8-Inch to 2-Inch Pneumatic Brad Nailer</p><p> -38% 0FF </p><p>$27.99</p><a href="https://www.amazon.com/dp/B079FCZT4N?tag=eloabder-20&linkCode=osi&th=1&psc=1">View Product</a></div><div class="product"><a href="https://www.amazon.com/dp/B00OK3TWUW?tag=eloabder-20&linkCode=osi&th=1&psc=1"><img src="https://m.media-amazon.com/images/I/314nu+8-0xL._SL500_.jpg" alt="Product Image"></a><p>DEWALT Grinder Tool, Self-locking Touch Control, 3-Inch (DWMT70784)</p><p> -66% 0FF </p><p>$42.84</p><a href="https://www.amazon.com/dp/B00OK3TWUW?tag=eloabder-20&linkCode=osi&th=1&psc=1">View Product</a></div><div class="product"><a href="https://www.amazon.com/dp/B008JYRDEU?tag=eloabder-20&linkCode=osi&th=1&psc=1"><img src="https://m.media-amazon.com/images/I/316BGYzWEtL._SL500_.jpg" alt="Product Image"></a><p>Ingersoll Rand 301B 1/4-Inch Right-Angle Air Die Grinder</p><p> -17% 0FF </p><p>$66.55</p><a href="https://www.amazon.com/dp/B008JYRDEU?tag=eloabder-20&linkCode=osi&th=1&psc=1">View Product</a></div><div class="product"><a href="https://www.amazon.com/dp/B07MSL5X4W?tag=eloabder-20&linkCode=osi&th=1&psc=1"><img src="https://m.media-amazon.com/images/I/41Q7jIwxfQS._SL500_.jpg" alt="Product Image"></a><p>Metabo HPT Palm Nailer | Pro Preferred Brand of Pneumatic Nailers | Over-molded Rubber Grip | 360 Degree Swivel Fitting | Magnetic Nose | Ideal For Tight Spaces | 5-Year Warranty | NH90AB</p><p> -20% 0FF </p><p>$39.00</p><a href="https://www.amazon.com/dp/B07MSL5X4W?tag=eloabder-20&linkCode=osi&th=1&psc=1">View Product</a></div><div class="product"><a href="https://www.amazon.com/dp/B09XQ9Z1B9?tag=eloabder-20&linkCode=osi&th=1&psc=1"><img src="https://m.media-amazon.com/images/I/61exAD7KuDL._SL500_.jpg" alt="Product Image"></a><p>Air Cut Off Tool with 5Pcs 3-inch Die Grinder Cut-Off Wheels, Pneumatic Metal Sheet Cutting Tool, Heavy Duty Air Cutter Cut off Tool</p><p> -9% 0FF </p><p>$31.99</p><a href="https://www.amazon.com/dp/B09XQ9Z1B9?tag=eloabder-20&linkCode=osi&th=1&psc=1">View Product</a></div><div class="product"><a href="https://www.amazon.com/dp/B0CWV1M883?tag=eloabder-20&linkCode=osi&th=1&psc=1"><img src="https://m.media-amazon.com/images/I/415GvPJJSYL._SL500_.jpg" alt="Product Image"></a><p>Pneumatic Chamfering Tool Handheld, Mini Air-Powered Chamfering Machine Trimming, 45¬∞ Arc Corner with 1/4 Inch Air Inlet for Metal Wood Beveling Deburring (C&R Angle Blades)</p><p> -7% 0FF </p><p>$51.99</p><a href="https://www.amazon.com/dp/B0CWV1M883?tag=eloabder-20&linkCode=osi&th=1&psc=1">View Product</a></div>
<div class="product"><a href="https://www.amazon.com/dp/B0BZNPPBBN?tag=eloabder-20&linkCode=osi&th=1&psc=1"><img src="https://m.media-amazon.com/images/I/51U1TjcJAVL._SL500_.jpg" alt="Product Image"></a><p>6 Pack Hydraulic Seal Installation Tools, Hydraulic Cylinder Piston Repair Rebuild Seal Kit, U-Cup Rod Seal Installation Tool Kits Upgraded Super Strong Seal Twistor Install Tool Set</p><p> -5% 0FF </p><p>$38.99</p><a href="https://www.amazon.com/dp/B0BZNPPBBN?tag=eloabder-20&linkCode=osi&th=1&psc=1">View Product</a></div>
<div class="product"><a href="https://www.amazon.com/dp/B008ASBLJI?tag=eloabder-20&linkCode=osi&th=1&psc=1"><img src="https://m.media-amazon.com/images/I/4191b6i6byL._SL500_.jpg" alt="Product Image"></a><p>Forearm Forklift 2-Person Lifting and Moving Straps; Lift, Move and Carry Furniture, Appliances, Mattresses or Any Item up to 800 lbs. Safely and Easily Like a Pro, Orange</p><p> -33% 0FF </p><p>$19.99</p><a href="https://www.amazon.com/dp/B008ASBLJI?tag=eloabder-20&linkCode=osi&th=1&psc=1">View Product</a></div><div class="product"><a href="https://www.amazon.com/dp/B01G6C1R8O?tag=eloabder-20&linkCode=osi&th=1&psc=1"><img src="https://m.media-amazon.com/images/I/41BBAL4ekvS._SL500_.jpg" alt="Product Image"></a><p>Gymreapers Knee Sleeves (1 Pair) With Gym Bag - IPF Approved - Knee Sleeve & Compression Brace for Squats, Fitness, Weightlifting, and Powerlifting 7MM Sleeve Pair - For Men & Women (Large)</p><p> -14% 0FF </p><p>$59.99</p><a href="https://www.amazon.com/dp/B01G6C1R8O?tag=eloabder-20&linkCode=osi&th=1&psc=1">View Product</a></div><div class="product"><a href="https://www.amazon.com/dp/B0CB8NRQNJ?tag=eloabder-20&linkCode=osi&th=1&psc=1"><img src="https://m.media-amazon.com/images/I/41TGm-OVXtL._SL500_.jpg" alt="Product Image"></a><p>HOLKIE Retractable Casters Heavy Duty Casters with Lifting and Lowering Function Maximum Load of 700 lbs (4 casters) for Workbenches or Other Equipment</p><p> -13% 0FF </p><p>$25.99 ($6.50 / Count)</p><a href="https://www.amazon.com/dp/B0CB8NRQNJ?tag=eloabder-20&linkCode=osi&th=1&psc=1">View Product</a></div>
<div class="product"><a href="https://www.amazon.com/dp/B08669YYV7?tag=eloabder-20&linkCode=osi&th=1&psc=1"><img src="https://m.media-amazon.com/images/I/51UV5G4XfgL._SL500_.jpg" alt="Product Image"></a><p>RoMech 660lb Digital Hanging Scale with Cast Aluminum Case, Handheld 300Kg Mini Crane Scale with Hooks for Farm Hunting Fishing Outdoor (Orange)</p><p> -25% 0FF </p><p>$29.99</p><a href="https://www.amazon.com/dp/B08669YYV7?tag=eloabder-20&linkCode=osi&th=1&psc=1">View Product</a></div><div class="product"><a href="https://www.amazon.com/dp/B0CMHX7Q2X?tag=eloabder-20&linkCode=osi&th=1&psc=1"><img src="https://m.media-amazon.com/images/I/31NOuexL2YL._SL500_.jpg" alt="Product Image"></a><p>VEVOR Crane Scale, Hanging Scale Industrial Heavy Duty, Digital Crane Scale with Remote Control, Cast Aluminum Case & LED Screen, 2200 lbs/1000 kg,High Precision for Construction, Factory, Farm</p><p> -10% 0FF </p><p>$66.59</p><a href="https://www.amazon.com/dp/B0CMHX7Q2X?tag=eloabder-20&linkCode=osi&th=1&psc=1">View Product</a></div>
<div class="product"><a href="https://www.amazon.com/dp/B0CQCDVKJ1?tag=eloabder-20&linkCode=osi&th=1&psc=1"><img src="https://m.media-amazon.com/images/I/41GQHYTm0VL._SL500_.jpg" alt="Product Image"></a><p>VEVOR 2-in-1 Electric Hoist Winch, 1100 lbs Lift Capacity, 1500W Portable Power Winch Crane, 22.9 ft Lifting Height, 13 ft/min with Wired Remote Control, for Garage, Warehouse, Factory Lifting Towing</p><p> -17% 0FF </p><p>$107.99</p><a href="https://www.amazon.com/dp/B0CQCDVKJ1?tag=eloabder-20&linkCode=osi&th=1&psc=1">View Product</a></div><div class="product"><a href="https://www.amazon.com/dp/B0CT2LSGSD?tag=eloabder-20&linkCode=osi&th=1&psc=1"><img src="https://m.media-amazon.com/images/I/41-pWD30jmL._SL500_.jpg" alt="Product Image"></a><p>3 in 1 Electric Hoist Winch,2200LBS Wired and Wireless Remote Control,110/120V-Portable Power Electric Hoist,41ft Lifting Garage Lift Hoist& Pure Copper Motor,forGarage,Factories,Warehouses,Verandahs</p><p> -6% 0FF </p><p>$146.56</p><a href="https://www.amazon.com/dp/B0CT2LSGSD?tag=eloabder-20&linkCode=osi&th=1&psc=1">View Product</a></div><div class="product"><a href="https://www.amazon.com/dp/B09TW27PBZ?tag=eloabder-20&linkCode=osi&th=1&psc=1"><img src="https://m.media-amazon.com/images/I/411FSmkLWEL._SL500_.jpg" alt="Product Image"></a><p>VEVOR Electric Hoist, 440LBS Attic Hoist, Ladder Hoist, 110V Electric Hoist with 14ft Remote Control & Single/Double Slings for Lifting in Factories, Warehouses, Construction Site, Attic</p><p> -15% 0FF </p><p>$82.44</p><a href="https://www.amazon.com/dp/B09TW27PBZ?tag=eloabder-20&linkCode=osi&th=1&psc=1">View Product</a></div><div class="product"><a href="https://www.amazon.com/dp/B0C4DSHF17?tag=eloabder-20&linkCode=osi&th=1&psc=1"><img src="https://m.media-amazon.com/images/I/51EnChC+cEL._SL500_.jpg" alt="Product Image"></a><p>VEVOR 1320lbs Electric Hoist with Wireless Remote Control,110v Electric Hoist with Remote Control, 40ft/20ft Lifting Height & Pure Copper Motor, for Garage Warehouse Factory</p><p> -12% 0FF </p><p>$112.49</p><a href="https://www.amazon.com/dp/B0C4DSHF17?tag=eloabder-20&linkCode=osi&th=1&psc=1">View Product</a></div>
<div class="product"><a href="https://www.amazon.com/dp/B08GQ9VXKK?tag=eloabder-20&linkCode=osi&th=1&psc=1"><img src="https://m.media-amazon.com/images/I/51D47aU7KVL._SL500_.jpg" alt="Product Image"></a><p>Sidasu Forklift Safety Cage 36x36 Inches Forklift Work Platform 1200LBS Capacity with 4 Wheels Aerial Platform Collapsible Lift Basket Aerial Rails for Lifting Loader</p><p> -11% 0FF </p><p>$159.99</p><a href="https://www.amazon.com/dp/B08GQ9VXKK?tag=eloabder-20&linkCode=osi&th=1&psc=1">View Product</a></div><div class="product"><a href="https://www.amazon.com/dp/B0CRYQTYPQ?tag=eloabder-20&linkCode=osi&th=1&psc=1"><img src="https://m.media-amazon.com/images/I/51wrhc6U5NL._SL500_.jpg" alt="Product Image"></a><p>Santiano Forklift Cover,All-Weather Use, Multi-Functional, No Disassembly, Waterproof, Dustproof, Wind & Snow Protection,600D Oxford&EVA Eco-Friendly Material - Work Year-Round!Up to 6000 Lbs</p><p> -10% 0FF </p><p>$89.99</p><a href="https://www.amazon.com/dp/B0CRYQTYPQ?tag=eloabder-20&linkCode=osi&th=1&psc=1">View Product</a></div>
<div class="product"><a href="https://www.amazon.com/dp/B0D3LGSK5H?tag=eloabder-20&linkCode=osi&th=1&psc=1"><img src="https://m.media-amazon.com/images/I/41Stu0GX-WL._SL500_.jpg" alt="Product Image"></a><p>VEVOR Belt Conveyor, 47 x 7.8 inch Conveyor Table, Heavy Duty Stainless Steel Motorized Belt Conveyor for Inkjet Coding Applications Powered PVC Belt Anti-Static Adjustable Speed (Double Guardrail)</p><p> -30% 0FF </p><p>$168.99</p><a href="https://www.amazon.com/dp/B0D3LGSK5H?tag=eloabder-20&linkCode=osi&th=1&psc=1">View Product</a></div><div class="product"><a href="https://www.amazon.com/dp/B0D7Q3GX1Q?tag=eloabder-20&linkCode=osi&th=1&psc=1"><img src="https://m.media-amazon.com/images/I/41FysGv+h2L._SL500_.jpg" alt="Product Image"></a><p>biosp Adjustable Conveyor Roller Stand with Wheels, Conveyor System Table Height Adjusts between 23'' and 36'', Infeed/Outfeed Support Expandable Gravity Conveyor Belt 300 lbs Load Weight Capacity</p><p> -27% 0FF </p><p>$134.99</p><a href="https://www.amazon.com/dp/B0D7Q3GX1Q?tag=eloabder-20&linkCode=osi&th=1&psc=1">View Product</a></div>
<div class="product"><a href="https://www.amazon.com/dp/B085X1KRSY?tag=eloabder-20&linkCode=osi&th=1&psc=1"><img src="https://m.media-amazon.com/images/I/31zzyc8v40L._SL500_.jpg" alt="Product Image"></a><p>Rhino Cart All Terrain Mover - All Terrain Moving Dolly for Heavy Appliance, Furniture, and Building Material Handling with 2,000lb Load Rating</p><p> -11% 0FF </p><p>$141.86</p><a href="https://www.amazon.com/dp/B085X1KRSY?tag=eloabder-20&linkCode=osi&th=1&psc=1">View Product</a></div><div class="product"><a href="https://www.amazon.com/dp/B097K7JG56?tag=eloabder-20&linkCode=osi&th=1&psc=1"><img src="https://m.media-amazon.com/images/I/51L7oLmBU6L._SL500_.jpg" alt="Product Image"></a><p>XClifes Labor-Saving Handle 2 Pack, 12 in Construction Jack, Wall Tile Locator, Multi-Function Height Adjustment Lifting Device, Door Panel Lifting Cabinet Jack, Raised by 6.69 in,Dynamic Load 450 LB</p><p> -70% 0FF </p><p>$41.99</p><a href="https://www.amazon.com/dp/B097K7JG56?tag=eloabder-20&linkCode=osi&th=1&psc=1">View Product</a></div>
<div class="product"><a href="https://www.amazon.com/dp/B0C73SXNLS?tag=eloabder-20&linkCode=osi&th=1&psc=1"><img src="https://m.media-amazon.com/images/I/51wYIKHX3sL._SL500_.jpg" alt="Product Image"></a><p>Space Saving Hangers, 10PCS Magic Hangers, 5 Holes Sturdy Plastic Hanger Clothes Organizer, Closet Organizers and Storage, Space Saver Hangers Organization, College Dorm Room Essentials (Gray)</p><p> -60% 0FF </p><p>$7.97</p><a href="https://www.amazon.com/dp/B0C73SXNLS?tag=eloabder-20&linkCode=osi&th=1&psc=1">View Product</a></div><div class="product"><a href="https://www.amazon.com/dp/B0BS3JQFBN?tag=eloabder-20&linkCode=osi&th=1&psc=1"><img src="https://m.media-amazon.com/images/I/51B12NhX-VL._SL500_.jpg" alt="Product Image"></a><p>HUITEM Space Saving 6 Tier Pant Hangers, Anti-Slip, Stainless Steel, 2 Pack, Black</p><p> -37% 0FF </p><p>$16.99 ($8.50 / Count)</p><a href="https://www.amazon.com/dp/B0BS3JQFBN?tag=eloabder-20&linkCode=osi&th=1&psc=1">View Product</a></div><div class="product"><a href="https://www.amazon.com/dp/B091KFT7WN?tag=eloabder-20&linkCode=osi&th=1&psc=1"><img src="https://m.media-amazon.com/images/I/415blLO8QrS._SL500_.jpg" alt="Product Image"></a><p>Magic Pants Hangers Space Saving - 2 Pack for Closet Multiple Layers Multifunctional Uses Rack Organizer for Trousers Scarves Slack (2 Pack with 10 Metal Clips)</p><p> -32% 0FF </p><p>$17.59 ($8.80 / Count)</p><a href="https://www.amazon.com/dp/B091KFT7WN?tag=eloabder-20&linkCode=osi&th=1&psc=1">View Product</a></div><div class="product"><a href="https://www.amazon.com/dp/B0CX56DY6R?tag=eloabder-20&linkCode=osi&th=1&psc=1"><img src="https://m.media-amazon.com/images/I/41lm5CT5cBL._SL500_.jpg" alt="Product Image"></a><p>ZEDODIER Tank Top Hanger, Rotatable Bra Organzier for Closet, Max 24 Storage Capacity Sport Bra Holder, Metal Space Saving Closet Organizers and Storage, Silver</p><p> -20% 0FF </p><p>$7.99</p><a href="https://www.amazon.com/dp/B0CX56DY6R?tag=eloabder-20&linkCode=osi&th=1&psc=1">View Product</a></div><div class="product"><a href="https://www.amazon.com/dp/B0CPPHDVDJ?tag=eloabder-20&linkCode=osi&th=1&psc=1"><img src="https://m.media-amazon.com/images/I/51sbXFj+BoL._SL500_.jpg" alt="Product Image"></a><p>2 Pack Closet-Organizers-and-Storage,6 Tier Mens-Shorts Pants-Hangers-Space-Saving,Skirt-Hangers with Clips for Closet Organizer,College-Dorm-Room-Essentials,Closet Storage Jean Yoga Legging Hanger</p><p> -8% 0FF </p><p>$11.99</p><a href="https://www.amazon.com/dp/B0CPPHDVDJ?tag=eloabder-20&linkCode=osi&th=1&psc=1">View Product</a></div>
<div class="product"><a href="https://www.amazon.com/dp/B0B7KTX5LC?tag=eloabder-20&linkCode=osi&th=1&psc=1"><img src="https://m.media-amazon.com/images/I/51JTXlpt4rL._SL500_.jpg" alt="Product Image"></a><p>Bezuny 72" H|36" W All-Metal Garage Shelving Unit and Storage-Easy Assembly Shelves 5-Tier Rack|Heavy-Duty Adjustable Shelf|Steel Waterproof Rust-Resistant Shelves for Industrial,Warehouse,Basement</p><p> -30% 0FF </p><p>$69.99</p><a href="https://www.amazon.com/dp/B0B7KTX5LC?tag=eloabder-20&linkCode=osi&th=1&psc=1">View Product</a></div><div class="product"><a href="https://www.amazon.com/dp/B0B5S3PH6P?tag=eloabder-20&linkCode=osi&th=1&psc=1"><img src="https://m.media-amazon.com/images/I/51jO-STn4XL._SL500_.jpg" alt="Product Image"></a><p>REIBII Garage Shelving, 72" Garage Storage Shelves Heavy Duty Shelving Units and Storage Loads 2500LBS, Adjustable 5 Tier Metal Shelving for Garage Shelves, Utility Shelf Rack, 72" H*35.5" W*16" D</p><p> -20% 0FF </p><p>$79.85</p><a href="https://www.amazon.com/dp/B0B5S3PH6P?tag=eloabder-20&linkCode=osi&th=1&psc=1">View Product</a></div><div class="product"><a href="https://www.amazon.com/dp/B0B6BDKTLB?tag=eloabder-20&linkCode=osi&th=1&psc=1"><img src="https://m.media-amazon.com/images/I/51ku-TmYb3L._SL500_.jpg" alt="Product Image"></a><p>REIBII 36" W x 16" D x 72" H Garage Shelving 2500LBS Capacity Adjustable 5-Tier Heavy Duty Metal Shelving Rack Shelf for Garage,Shed, Pantry, Basement,2 Pack</p><p> -40% 0FF </p><p>$117.99</p><a href="https://www.amazon.com/dp/B0B6BDKTLB?tag=eloabder-20&linkCode=osi&th=1&psc=1">View Product</a></div>
<div class="product"><a href="https://www.amazon.com/dp/B0BV5K3K6V?tag=eloabder-20&linkCode=osi&th=1&psc=1"><img src="https://m.media-amazon.com/images/I/41lZ9MOqYgL._SL500_.jpg" alt="Product Image"></a><p>Pro-Lift Garage Storage Shelves - Heavy Duty 4-Tier Adjustable Metal Wire Shelving Units with 8000 lbs Total Capacity for Garage Basement Racking Organization - 72" H X 77" W X 24" D</p><p> -10% 0FF </p><p>$404.99</p><a href="https://www.amazon.com/dp/B0BV5K3K6V?tag=eloabder-20&linkCode=osi&th=1&psc=1">View Product</a></div><div class="product"><a href="https://www.amazon.com/dp/B0BV6P81V5?tag=eloabder-20&linkCode=osi&th=1&psc=1"><img src="https://m.media-amazon.com/images/I/41cJ52D8IXL._SL500_.jpg" alt="Product Image"></a><p>Pro-LifT Garage Storage Shelves - Heavy Duty 3-Tier Adjustable Metal Wire Shelving Units with 3000 lbs Total Capacity for Garage Basement Racking Organization - 48" H X 48" W X 24" D</p><p> -10% 0FF </p><p>$269.99</p><a href="https://www.amazon.com/dp/B0BV6P81V5?tag=eloabder-20&linkCode=osi&th=1&psc=1">View Product</a></div><div class="product"><a href="https://www.amazon.com/dp/B099RT478T?tag=eloabder-20&linkCode=osi&th=1&psc=1"><img src="https://m.media-amazon.com/images/I/51qH610h91L._SL500_.jpg" alt="Product Image"></a><p>FLEXIMOUNTS Garage Shelving, 3-Tier Heavy Duty Adjustable Shelf, 4650 lbs Weight Capacity Storage Rack, 4 Feet Tall Industrial Metal Shelving</p><p> -20% 0FF </p><p>$159.99</p><a href="https://www.amazon.com/dp/B099RT478T?tag=eloabder-20&linkCode=osi&th=1&psc=1">View Product</a></div><div class="product"><a href="https://www.amazon.com/dp/B0BVB3KSF8?tag=eloabder-20&linkCode=osi&th=1&psc=1"><img src="https://m.media-amazon.com/images/I/41OiNKSrE9L._SL500_.jpg" alt="Product Image"></a><p>Pro-LifT Garage Storage Shelves - Heavy Duty 5-Tier Adjustable Metal Wire Shelving Units with 4000 lbs Total Capacity for Garage Basement Racking Organization - 72" H X 48" W X 18" D</p><p> -21% 0FF </p><p>$172.90</p><a href="https://www.amazon.com/dp/B0BVB3KSF8?tag=eloabder-20&linkCode=osi&th=1&psc=1">View Product</a></div><div class="product"><a href="https://www.amazon.com/dp/B00EZEN2KW?tag=eloabder-20&linkCode=osi&th=1&psc=1"><img src="https://m.media-amazon.com/images/I/41NZ6KW-NBL._SL500_.jpg" alt="Product Image"></a><p>BestOffice 18x48x72 Storage Shelves Commercial Heavy Duty Metal Shelves Garage Organizer Wire Rack Shelving Storage Unit Shelf Adjustable Utility 6000 LBS Capacity,Chrome</p><p> -32% 0FF </p><p>$88.99</p><a href="https://www.amazon.com/dp/B00EZEN2KW?tag=eloabder-20&linkCode=osi&th=1&psc=1">View Product</a></div>
<div class="product"><a href="https://www.amazon.com/dp/B0052PPNQO?tag=eloabder-20&linkCode=osi&th=1&psc=1"><img src="https://m.media-amazon.com/images/I/41wsX9EmOEL._SL500_.jpg" alt="Product Image"></a><p>Vestil PLP2-4840-GREEN Polyethylene Pallet with 4 Way Entry 8000 lbs Capacity 40 In Length 48 In Width 6 In Height</p><p> -11% 0FF </p><p>$178.00</p><a href="https://www.amazon.com/dp/B0052PPNQO?tag=eloabder-20&linkCode=osi&th=1&psc=1">View Product</a></div>
<div class="product"><a href="https://www.amazon.com/dp/B0D3HYC8H1?tag=eloabder-20&linkCode=osi&th=1&psc=1"><img src="https://m.media-amazon.com/images/I/51g1Q8n8fvL._SL500_.jpg" alt="Product Image"></a><p>Dealusy 50 Pack (100-Piece) 24 oz Meal Prep Containers Reusable with Lids, Sturdy Leakproof & Food Safe, Microwave, Freezer, Dishwasher Safe Food Prep Containers, To Go Take Out Plastic Food Storage</p><p> -38% 0FF </p><p>$19.99 ($0.40 / Count)</p><a href="https://www.amazon.com/dp/B0D3HYC8H1?tag=eloabder-20&linkCode=osi&th=1&psc=1">View Product</a></div><div class="product"><a href="https://www.amazon.com/dp/B0BJ8DLPZ2?tag=eloabder-20&linkCode=osi&th=1&psc=1"><img src="https://m.media-amazon.com/images/I/51uDVTFjr8L._SL500_.jpg" alt="Product Image"></a><p>Axe Sickle 200 Count Clear Plastic Hinged Take Out Containers Clamshell Takeout Tray Food Clamshell Containers Outside Diameter 5.3 x 4.7 inch for Dessert, Snacksetc, Cakes, Cookies, Salads</p><p> -8% 0FF </p><p>$23.99 ($0.12 / Count)</p><a href="https://www.amazon.com/dp/B0BJ8DLPZ2?tag=eloabder-20&linkCode=osi&th=1&psc=1">View Product</a></div>
<div class="product"><a href="https://www.amazon.com/dp/B01A12J3GI?tag=eloabder-20&linkCode=osi&th=1&psc=1"><img src="https://m.media-amazon.com/images/I/51OnLlU2IyL._SL500_.jpg" alt="Product Image"></a><p>DEWALT DPG82-11 Concealer Clear Anti-Fog Dual Mold Safety Goggle, Clear Lens, 1 Pair</p><p> -6% 0FF </p><p>$12.24</p><a href="https://www.amazon.com/dp/B01A12J3GI?tag=eloabder-20&linkCode=osi&th=1&psc=1">View Product</a></div><div class="product"><a href="https://www.amazon.com/dp/B0BGSFQJF6?tag=eloabder-20&linkCode=osi&th=1&psc=1"><img src="https://m.media-amazon.com/images/I/510nceKxovL._SL500_.jpg" alt="Product Image"></a><p>TICONN 12 Clear Safety Glasses for Men, Safety Goggles with Scratch Impact Resistant Meets ANSI Z87.1 Standard (12 Pack)</p><p> -13% 0FF </p><p>$12.99</p><a href="https://www.amazon.com/dp/B0BGSFQJF6?tag=eloabder-20&linkCode=osi&th=1&psc=1">View Product</a></div>
<div class="product"><a href="https://www.amazon.com/dp/B093FJWP7J?tag=eloabder-20&linkCode=osi&th=1&psc=1"><img src="https://m.media-amazon.com/images/I/51YRhBJ7CiL._SL500_.jpg" alt="Product Image"></a><p>Personal Protective Equipment (PPE) Isolation Door Caddy, Nylon Oxford NFPA-701 Large Scale Flame Retardant Coating 18.5 X 31 Inch, Included 2 Hooks - Royal Blue (with Back Pockets)</p><p> -13% 0FF </p><p>$84.97</p><a href="https://www.amazon.com/dp/B093FJWP7J?tag=eloabder-20&linkCode=osi&th=1&psc=1">View Product</a></div>
<div class="product"><a href="https://www.amazon.com/dp/B01AWK1XAS?tag=eloabder-20&linkCode=osi&th=1&psc=1"><img src="https://m.media-amazon.com/images/I/41Oax+1e+4L._SL500_.jpg" alt="Product Image"></a><p>NoCry Clear Safety Glasses for Men and Women with Anti-Fog and Scratch Resistant Wrap Around Lenses, Adjustable Temples and Nose Pads ‚Äî Certified ANSI Z87 Safety Glasses ‚Äî 100% UV Protective Eyewear</p><p> -18% 0FF </p><p>$13.99</p><a href="https://www.amazon.com/dp/B01AWK1XAS?tag=eloabder-20&linkCode=osi&th=1&psc=1">View Product</a></div><div class="product"><a href="https://www.amazon.com/dp/B0BNHKWR6W?tag=eloabder-20&linkCode=osi&th=1&psc=1"><img src="https://m.media-amazon.com/images/I/41yahLzQNGL._SL500_.jpg" alt="Product Image"></a><p>HPYNPES Safety GlassesClear Anti-Fog Goggles Over-Spec Glasses Protective Eye Wear Industrial Approved Wide-VisionÔºà4 PACKÔºâ</p><p> -50% 0FF </p><p>$9.99</p><a href="https://www.amazon.com/dp/B0BNHKWR6W?tag=eloabder-20&linkCode=osi&th=1&psc=1">View Product</a></div><div class="product"><a href="https://www.amazon.com/dp/B08S35C88L?tag=eloabder-20&linkCode=osi&th=1&psc=1"><img src="https://m.media-amazon.com/images/I/31X6+YNSuzS._SL500_.jpg" alt="Product Image"></a><p>SolidWork Safety Glasses Clear Lens with Side Shields, Anti Fog, Anti Scratch, Anti-Glare, Protective Eyewear for Men & Women</p><p> -15% 0FF </p><p>$16.99</p><a href="https://www.amazon.com/dp/B08S35C88L?tag=eloabder-20&linkCode=osi&th=1&psc=1">View Product</a></div><div class="product"><a href="https://www.amazon.com/dp/B016KZ2APQ?tag=eloabder-20&linkCode=osi&th=1&psc=1"><img src="https://m.media-amazon.com/images/I/311+k1qPWOL._SL500_.jpg" alt="Product Image"></a><p>3M Safety Glasses Solus 1000 Series ANSI Z87 Scotchgard Anti-Fog Clear Lens Low Profile Blue/Black Frame</p><p> -12% 0FF </p><p>$15.86</p><a href="https://www.amazon.com/dp/B016KZ2APQ?tag=eloabder-20&linkCode=osi&th=1&psc=1">View Product</a></div>
<div class="product"><a href="https://www.amazon.com/dp/B001FPCUHA?tag=eloabder-20&linkCode=osi&th=1&psc=1"><img src="https://m.media-amazon.com/images/I/31F0QDXn4KL._SL500_.jpg" alt="Product Image"></a><p>Flents Foam Ear Plugs, 10 Pair with Case for Sleeping, Snoring, Loud Noise, Traveling, Concerts, Construction, & Studying, NRR 33, Purple, Made in the USA,10 Count (Pack of 1)</p><p> -51% 0FF </p><p>$3.46 ($0.35 / Count)</p><a href="https://www.amazon.com/dp/B001FPCUHA?tag=eloabder-20&linkCode=osi&th=1&psc=1">View Product</a></div><div class="product"><a href="https://www.amazon.com/dp/B004CZYJLA?tag=eloabder-20&linkCode=osi&th=1&psc=1"><img src="https://m.media-amazon.com/images/I/31N8m8qA-yL._SL500_.jpg" alt="Product Image"></a><p>Flents Foam Ear Plugs, 10 Pair with Case for Sleeping, Snoring, Loud Noise, Traveling, Concerts, Construction, & Studying, NRR 33, Green, Made in the USA</p><p> -39% 0FF </p><p>$4.26 ($0.43 / Count)</p><a href="https://www.amazon.com/dp/B004CZYJLA?tag=eloabder-20&linkCode=osi&th=1&psc=1">View Product</a></div><div class="product"><a href="https://www.amazon.com/dp/B0DCZBPB4B?tag=eloabder-20&linkCode=osi&th=1&psc=1"><img src="https://m.media-amazon.com/images/I/41YdD7Ib+fL._SL500_.jpg" alt="Product Image"></a><p>Ear plugs for Sleeping 45dB Noise Cancelling Ear plugs for Concert, Work, Travel, Focus & Noise Sensitivity Silicone Hearing Protection Earplugs with 8 Ear Tips Reusable Noise Reduction Ear plug Black</p><p> -33% 0FF </p><p>$19.99</p><a href="https://www.amazon.com/dp/B0DCZBPB4B?tag=eloabder-20&linkCode=osi&th=1&psc=1">View Product</a></div><div class="product"><a href="https://www.amazon.com/dp/B085VNX9RT?tag=eloabder-20&linkCode=osi&th=1&psc=1"><img src="https://m.media-amazon.com/images/I/51-GbKB7ecL._SL500_.jpg" alt="Product Image"></a><p>Ear Plugs for Sleeping,16 Pairs Noise Canceling Soft Reusable Silicone Earplugs Waterproof Noise Reduction Earplugs for Concert,Swimming,Study,Loud Noise,Snoring</p><p> -34% 0FF </p><p>$8.59</p><a href="https://www.amazon.com/dp/B085VNX9RT?tag=eloabder-20&linkCode=osi&th=1&psc=1">View Product</a></div><div class="product"><a href="https://www.amazon.com/dp/B07G1MWHNR?tag=eloabder-20&linkCode=osi&th=1&psc=1"><img src="https://m.media-amazon.com/images/I/51xb3+YIUzL._SL500_.jpg" alt="Product Image"></a><p>Mack's Pillow Soft Silicone Earplugs, 12 Pair ‚Äì The Original Moldable Silicone Putty Ear Plugs for Sleeping, Snoring, Swimming, Travel, Concerts and Studying | Made in USA</p><p> -15% 0FF </p><p>$10.98 ($0.92 / Count)</p><a href="https://www.amazon.com/dp/B07G1MWHNR?tag=eloabder-20&linkCode=osi&th=1&psc=1">View Product</a></div><div class="product"><a href="https://www.amazon.com/dp/B0C852XHM7?tag=eloabder-20&linkCode=osi&th=1&psc=1"><img src="https://m.media-amazon.com/images/I/41cVUZQHT1L._SL500_.jpg" alt="Product Image"></a><p>Lenicany 30Pair Soft Foam EarPlugs, 32dB Disposable Sound Blocking Noise Cancelling Ear Plugs for Sleeping/Concerts Loud Music/Shooting Guns/Work Construction, Hearing Safety Protection (Blue)</p><p> -10% 0FF </p><p>$5.39 ($0.18 / Count)</p><a href="https://www.amazon.com/dp/B0C852XHM7?tag=eloabder-20&linkCode=osi&th=1&psc=1">View Product</a></div>
<div class="product"><a href="https://www.amazon.com/dp/B007JZ1N00?tag=eloabder-20&linkCode=osi&th=1&psc=1"><img src="https://m.media-amazon.com/images/I/41xRp2ZPBML._SL500_.jpg" alt="Product Image"></a><p>3M Half Facepiece Reusable Respirator 6200, NIOSH, Four-Point Harness, Comfortable Fit, Dual Airline Supplied Air Compatible, Bayonet Connections, Painting, Sanding, Cleaning, Medium</p><p> -28% 0FF </p><p>$14.75</p><a href="https://www.amazon.com/dp/B007JZ1N00?tag=eloabder-20&linkCode=osi&th=1&psc=1">View Product</a></div><div class="product"><a href="https://www.amazon.com/dp/B00004Z4EB?tag=eloabder-20&linkCode=osi&th=1&psc=1"><img src="https://m.media-amazon.com/images/I/51AYNvsO9wL._SL500_.jpg" alt="Product Image"></a><p>3M P95/OV Paint Project Reusable Respirator 6211, Medium Size, NIOSH-APPROVED Organic Vapor Cartridge & P95 Rated Filters, Lightweight, Flexible, Thermoplastic Faceseal For Comfort (6211P1-DC)</p><p> -14% 0FF </p><p>$34.20</p><a href="https://www.amazon.com/dp/B00004Z4EB?tag=eloabder-20&linkCode=osi&th=1&psc=1">View Product</a></div><div class="product"><a href="https://www.amazon.com/dp/B00IF7RCU6?tag=eloabder-20&linkCode=osi&th=1&psc=1"><img src="https://m.media-amazon.com/images/I/41AYgABL6KL._SL500_.jpg" alt="Product Image"></a><p>3M Rugged Comfort Quick Latch Half Facepiece Reusable Respirator 6503QL, NIOSH, Cool Flow Exhalation Valve, Bayonet Connection, Silicone Face Seal, for Gases, Vapors, Dust, Maintenance, Construction,L</p><p> -23% 0FF </p><p>$28.11</p><a href="https://www.amazon.com/dp/B00IF7RCU6?tag=eloabder-20&linkCode=osi&th=1&psc=1">View Product</a></div><div class="product"><a href="https://www.amazon.com/dp/B087FCW79Y?tag=eloabder-20&linkCode=osi&th=1&psc=1"><img src="https://m.media-amazon.com/images/I/41C6rOloEmL._SL500_.jpg" alt="Product Image"></a><p>RANKSING Reusable Respirator Gas Mask Half Facepiece Shield 6200 Face Cover with Filters for Dust, Fumes, Asbestos, Chemicals and Other Airborne Particles while Painting, Spraying, Polishing and More</p><p> -40% 0FF </p><p>$17.99</p><a href="https://www.amazon.com/dp/B087FCW79Y?tag=eloabder-20&linkCode=osi&th=1&psc=1">View Product</a></div><div class="product"><a href="https://www.amazon.com/dp/B007JZ1LG6?tag=eloabder-20&linkCode=osi&th=1&psc=1"><img src="https://m.media-amazon.com/images/I/41PsiHhcy1L._SL500_.jpg" alt="Product Image"></a><p>3M Full Facepiece Reusable Respirator 6800, NIOSH, Large Lens, ANSI High Impact Eye Protection, Silicone Face Seal, Four-Point Harness, Comfortable Fit, Painting, Dust, Chemicals, Medium</p><p> -56% 0FF </p><p>$93.00</p><a href="https://www.amazon.com/dp/B007JZ1LG6?tag=eloabder-20&linkCode=osi&th=1&psc=1">View Product</a></div>
<div class="product"><a href="https://www.amazon.com/dp/B08SYM9K52?tag=eloabder-20&linkCode=osi&th=1&psc=1"><img src="https://m.media-amazon.com/images/I/41bReMzs8sL._SL500_.jpg" alt="Product Image"></a><p>Klein Tools 60347 Hard Hat, Vented Full Brim, Class C, Premium KARBN Pattern, Rechargeable Lamp, Padded Sweat-Wicking Sweatband, Top Pad</p><p> -32% 0FF </p><p>$79.99</p><a href="https://www.amazon.com/dp/B08SYM9K52?tag=eloabder-20&linkCode=osi&th=1&psc=1">View Product</a></div><div class="product"><a href="https://www.amazon.com/dp/B07FQTCYTW?tag=eloabder-20&linkCode=osi&th=1&psc=1"><img src="https://m.media-amazon.com/images/I/41xEGl20DeL._SL500_.jpg" alt="Product Image"></a><p>Pyramex HP24110 Full Brim Hard Hat 4 Point Ratchet Suspension - White, 12 Count</p><p> -6% 0FF </p><p>$109.53</p><a href="https://www.amazon.com/dp/B07FQTCYTW?tag=eloabder-20&linkCode=osi&th=1&psc=1">View Product</a></div><div class="product"><a href="https://www.amazon.com/dp/B07L6QMYGG?tag=eloabder-20&linkCode=osi&th=1&psc=1"><img src="https://m.media-amazon.com/images/I/31xNCnPSZXL._SL500_.jpg" alt="Product Image"></a><p>Pyramex Ridgeline Full Brim Hard Hat 4 Point Ratchet Vented Matte Black Graphite Pattern</p><p> -15% 0FF </p><p>$28.00</p><a href="https://www.amazon.com/dp/B07L6QMYGG?tag=eloabder-20&linkCode=osi&th=1&psc=1">View Product</a></div><div class="product"><a href="https://www.amazon.com/dp/B078B9QD55?tag=eloabder-20&linkCode=osi&th=1&psc=1"><img src="https://m.media-amazon.com/images/I/41zmuOz7-DL._SL500_.jpg" alt="Product Image"></a><p>Pyramex Ridgeline Cap Style Hard Hat 4 Point Ratchet Vented Matte Black Graphite Pattern</p><p> -21% 0FF </p><p>$27.00</p><a href="https://www.amazon.com/dp/B078B9QD55?tag=eloabder-20&linkCode=osi&th=1&psc=1">View Product</a></div>
<div class="product"><a href="https://www.amazon.com/dp/B0BW9185XF?tag=eloabder-20&linkCode=osi&th=1&psc=1"><img src="https://m.media-amazon.com/images/I/51lDE-LgnFL._SL500_.jpg" alt="Product Image"></a><p>NEOTRIL Safety Work Gloves MicroFoam Nitrile Coated-3 Pairs, Seamless Knit Nylon Bulk Pack Working Gloves with Grip for Men Women Light Duty Work,Automotive,Warehouse (Gray,L)</p><p> -31% 0FF </p><p>$9.99</p><a href="https://www.amazon.com/dp/B0BW9185XF?tag=eloabder-20&linkCode=osi&th=1&psc=1">View Product</a></div><div class="product"><a href="https://www.amazon.com/dp/B00004XOH8?tag=eloabder-20&linkCode=osi&th=1&psc=1"><img src="https://m.media-amazon.com/images/I/41vrr-XI8HL._SL500_.jpg" alt="Product Image"></a><p>Ironclad General Utility Work Gloves GUG, All-Purpose, Performance Fit, Durable, Machine Washable, (1 Pair), Large - GUG-04-L , Black</p><p> -34% 0FF </p><p>$14.83</p><a href="https://www.amazon.com/dp/B00004XOH8?tag=eloabder-20&linkCode=osi&th=1&psc=1">View Product</a></div><div class="product"><a href="https://www.amazon.com/dp/B0797N2YW1?tag=eloabder-20&linkCode=osi&th=1&psc=1"><img src="https://m.media-amazon.com/images/I/41JMMfokSfL._SL500_.jpg" alt="Product Image"></a><p>HANDLANDY Mens Work Gloves Touch screen, Synthetic Leather Utility Gloves, Flexible Breathable Fit- Padded Knuckles & Palm (Large)</p><p> -19% 0FF </p><p>$12.80 ($12.80 / Count)</p><a href="https://www.amazon.com/dp/B0797N2YW1?tag=eloabder-20&linkCode=osi&th=1&psc=1">View Product</a></div>
<div class="product"><a href="https://www.amazon.com/dp/B01N5L2JG7?tag=eloabder-20&linkCode=osi&th=1&psc=1"><img src="https://m.media-amazon.com/images/I/41TB3tRdI3L._SL500_.jpg" alt="Product Image"></a><p>Skechers Men's Flex Advantage Bendon Work Shoe, Black, 9</p><p> -17% 0FF </p><p>$70.83</p><a href="https://www.amazon.com/dp/B01N5L2JG7?tag=eloabder-20&linkCode=osi&th=1&psc=1">View Product</a></div><div class="product"><a href="https://www.amazon.com/dp/B00QX3UKXA?tag=eloabder-20&linkCode=osi&th=1&psc=1"><img src="https://m.media-amazon.com/images/I/41y-VMqnzVL._SL500_.jpg" alt="Product Image"></a><p>Skechers womens Sure Track Trickel-w health care and food service shoes, Black, 9 X-Wide US</p><p> -38% 0FF </p><p>$58.63</p><a href="https://www.amazon.com/dp/B00QX3UKXA?tag=eloabder-20&linkCode=osi&th=1&psc=1">View Product</a></div><div class="product"><a href="https://www.amazon.com/dp/B08XLM93P7?tag=eloabder-20&linkCode=osi&th=1&psc=1"><img src="https://m.media-amazon.com/images/I/41VlYm6BhQL._SL500_.jpg" alt="Product Image"></a><p>Shoes for Crews Everlight Mens Non Slip Work Shoes - Men's Work & Safety Footwear, Lace-Up Breathable Work Shoes for Men, Zapato de Trabajo para Hombre, Size 11.5 Black</p><p> -14% 0FF </p><p>$59.98</p><a href="https://www.amazon.com/dp/B08XLM93P7?tag=eloabder-20&linkCode=osi&th=1&psc=1">View Product</a></div><div class="product"><a href="https://www.amazon.com/dp/B01KXSD3Q6?tag=eloabder-20&linkCode=osi&th=1&psc=1"><img src="https://m.media-amazon.com/images/I/41KIVA8d16L._SL500_.jpg" alt="Product Image"></a><p>Skechers Men's Dighton Athletic Work Food Service Shoe, Black, 10.5</p><p> -19% 0FF </p><p>$40.35</p><a href="https://www.amazon.com/dp/B01KXSD3Q6?tag=eloabder-20&linkCode=osi&th=1&psc=1">View Product</a></div><div class="product"><a href="https://www.amazon.com/dp/B0CRB5HDWQ?tag=eloabder-20&linkCode=osi&th=1&psc=1"><img src="https://m.media-amazon.com/images/I/410N9FwQahL._SL500_.jpg" alt="Product Image"></a><p>Non Slip Waterproof Shoes for Men Work Slip Resistant Oil Slip On Loafers Chef Kitchen Restaurant Food Service Zapatos de Trabajo para Hombres antideslizante para cocina Black</p><p> -20% 0FF </p><p>$39.89</p><a href="https://www.amazon.com/dp/B0CRB5HDWQ?tag=eloabder-20&linkCode=osi&th=1&psc=1">View Product</a></div><div class="product"><a href="https://www.amazon.com/dp/B0777Z16G2?tag=eloabder-20&linkCode=osi&th=1&psc=1"><img src="https://m.media-amazon.com/images/I/41ZjAWKjD1L._SL500_.jpg" alt="Product Image"></a><p>Skechers Men's Nampa Food Service Shoe, Black, 14 Wide</p><p> -28% 0FF </p><p>$40.34</p><a href="https://www.amazon.com/dp/B0777Z16G2?tag=eloabder-20&linkCode=osi&th=1&psc=1">View Product</a></div>
<div class="product"><a href="https://www.amazon.com/dp/B0032U3JXA?tag=eloabder-20&linkCode=osi&th=1&psc=1"><img src="https://m.media-amazon.com/images/I/51fQWw+gCYL._SL500_.jpg" alt="Product Image"></a><p>Guardian Fall Protection 00815 BOS-T50 Bucket of Safe-Tie - 5 Gallon Bucket, 50 ft. Vertical Lifeline Assembly, 5 Temper Reusable Anchor, Safety Harness Kit, Yellow</p><p> -20% 0FF </p><p>$87.92</p><a href="https://www.amazon.com/dp/B0032U3JXA?tag=eloabder-20&linkCode=osi&th=1&psc=1">View Product</a></div><div class="product"><a href="https://www.amazon.com/dp/B004A7XV50?tag=eloabder-20&linkCode=osi&th=1&psc=1"><img src="https://m.media-amazon.com/images/I/41Cmyb7QFkL._SL500_.jpg" alt="Product Image"></a><p>Guardian Fall Protection 10785 Premium 3-Foot Cross-Arm Straps with Large and Small D-Rings</p><p> -21% 0FF </p><p>$26.13</p><a href="https://www.amazon.com/dp/B004A7XV50?tag=eloabder-20&linkCode=osi&th=1&psc=1">View Product</a></div>
<div class="product"><a href="https://www.amazon.com/dp/B00HSJCS06?tag=eloabder-20&linkCode=osi&th=1&psc=1"><img src="https://m.media-amazon.com/images/I/51FCdQhuNVL._SL500_.jpg" alt="Product Image"></a><p>Accuform Lockout Tags, Pack of 25, Bilingual Danger Do Not Operation Equipment Lock Out, US Made OSHA Compliant Tags, Tear & Water Resistant PF-Cardstock, 5.75"x 3.25", TSP105CTP</p><p> -11% 0FF </p><p>$17.86 ($0.71 / Count)</p><a href="https://www.amazon.com/dp/B00HSJCS06?tag=eloabder-20&linkCode=osi&th=1&psc=1">View Product</a></div>
<div class="product"><a href="https://www.amazon.com/dp/B0C5M773VW?tag=eloabder-20&linkCode=osi&th=1&psc=1"><img src="https://m.media-amazon.com/images/I/51uxbEonuhL._SL500_.jpg" alt="Product Image"></a><p>SecuCaptain Emergency Fire Blanket for Home and Kitchen - 2 Pack 40"x40" Flame Suppression Fiberglass Fire Blankets for House Camping Car Office Warehouse Emergency Survival Safety</p><p> -43% 0FF </p><p>$16.99</p><a href="https://www.amazon.com/dp/B0C5M773VW?tag=eloabder-20&linkCode=osi&th=1&psc=1">View Product</a></div><div class="product"><a href="https://www.amazon.com/dp/B001229JCU?tag=eloabder-20&linkCode=osi&th=1&psc=1"><img src="https://m.media-amazon.com/images/I/31W6FuKPMcL._SL500_.jpg" alt="Product Image"></a><p>First Alert EZ Fire Spray, Extinguishing Aerosol Spray, AF400 Red 18 Ounce (Pack of 1)</p><p> -55% 0FF </p><p>$12.49</p><a href="https://www.amazon.com/dp/B001229JCU?tag=eloabder-20&linkCode=osi&th=1&psc=1">View Product</a></div><div class="product"><a href="https://www.amazon.com/dp/B00002ND64?tag=eloabder-20&linkCode=osi&th=1&psc=1"><img src="https://m.media-amazon.com/images/I/41r+PeZkpJL._SL500_.jpg" alt="Product Image"></a><p>Kidde FA110 Multi Purpose Fire Extinguisher 1A10BC, 1 Pack, red</p><p> -31% 0FF </p><p>$25.49</p><a href="https://www.amazon.com/dp/B00002ND64?tag=eloabder-20&linkCode=osi&th=1&psc=1">View Product</a></div><div class="product"><a href="https://www.amazon.com/dp/B07CQJCD6G?tag=eloabder-20&linkCode=osi&th=1&psc=1"><img src="https://m.media-amazon.com/images/I/31EmoFZ3KTL._SL500_.jpg" alt="Product Image"></a><p>Sellstrom Odyssey II Wildland Fire Safety Goggles - Anti-Fog, Anti-Scratch Eye Protection Goggles for Men & Women - FR Strap, fits over Glasses, ANSI Z87.1</p><p> -28% 0FF </p><p>$16.78</p><a href="https://www.amazon.com/dp/B07CQJCD6G?tag=eloabder-20&linkCode=osi&th=1&psc=1">View Product</a></div><div class="product"><a href="https://www.amazon.com/dp/B00005OU7B?tag=eloabder-20&linkCode=osi&th=1&psc=1"><img src="https://m.media-amazon.com/images/I/51O8BtvNfSL._SL500_.jpg" alt="Product Image"></a><p>Kidde Fire Escape Ladder, 2-Story Rope Ladder, Extends to 13-Feet, Anti-Slip Rungs</p><p> -36% 0FF </p><p>$40.99</p><a href="https://www.amazon.com/dp/B00005OU7B?tag=eloabder-20&linkCode=osi&th=1&psc=1">View Product</a></div><div class="product"><a href="https://www.amazon.com/dp/B08Z61XL6V?tag=eloabder-20&linkCode=osi&th=1&psc=1"><img src="https://m.media-amazon.com/images/I/519EzZgGD6L._SL500_.jpg" alt="Product Image"></a><p>Mart Cobra Emergency Fire Blanket for Home and Kitchen - 2 Pack - Fire Blankets Emergency for Home 40‚Äù x 40‚Äù - Fire Suppression Blanket - Home Safety</p><p> -25% 0FF </p><p>$29.87</p><a href="https://www.amazon.com/dp/B08Z61XL6V?tag=eloabder-20&linkCode=osi&th=1&psc=1">View Product</a></div>
<div class="product"><a href="https://www.amazon.com/dp/B07D6QGQYB?tag=eloabder-20&linkCode=osi&th=1&psc=1"><img src="https://m.media-amazon.com/images/I/41y18ggm8GL._SL500_.jpg" alt="Product Image"></a><p>Kidde Fire Extinguisher for Home, 1-A:10-B:C, Dry Chemical Extinguisher, Red, Mounting Bracket Included, 2 Pack</p><p> -41% 0FF </p><p>$32.98</p><a href="https://www.amazon.com/dp/B07D6QGQYB?tag=eloabder-20&linkCode=osi&th=1&psc=1">View Product</a></div><div class="product"><a href="https://www.amazon.com/dp/B07B9BNN24?tag=eloabder-20&linkCode=osi&th=1&psc=1"><img src="https://m.media-amazon.com/images/I/41SbuH+cdQL._SL500_.jpg" alt="Product Image"></a><p>FIRST ALERT HOME2PRO Rechargeable Compliance Fire Extinguisher, UL RATED 2-A:10-B:C, Red, 1-Pack</p><p> -27% 0FF </p><p>$36.48</p><a href="https://www.amazon.com/dp/B07B9BNN24?tag=eloabder-20&linkCode=osi&th=1&psc=1">View Product</a></div><div class="product"><a href="https://www.amazon.com/dp/B0C63914WK?tag=eloabder-20&linkCode=osi&th=1&psc=1"><img src="https://m.media-amazon.com/images/I/51IS9bq94IL._SL500_.jpg" alt="Product Image"></a><p>Kidde Kitchen Fire Extinguishers for Home & Office Use, 2 Pack: One 1-A:10-B:C and One Specialty Kitchen Extinguisher, Wall Mount & Strap Brackets Included</p><p> -7% 0FF </p><p>$34.99</p><a href="https://www.amazon.com/dp/B0C63914WK?tag=eloabder-20&linkCode=osi&th=1&psc=1">View Product</a></div><div class="product"><a href="https://www.amazon.com/dp/B0CB9GFZ9M?tag=eloabder-20&linkCode=osi&th=1&psc=1"><img src="https://m.media-amazon.com/images/I/41VJGkO+jDL._SL500_.jpg" alt="Product Image"></a><p>Kidde Fire Extinguisher for Home & Office Use, 5-B:C, 3.2 Lbs., USCG Approved with Strap Bracket (Included)</p><p> -23% 0FF </p><p>$23.10</p><a href="https://www.amazon.com/dp/B0CB9GFZ9M?tag=eloabder-20&linkCode=osi&th=1&psc=1">View Product</a></div><div class="product"><a href="https://www.amazon.com/dp/B0030ZZAR0?tag=eloabder-20&linkCode=osi&th=1&psc=1"><img src="https://m.media-amazon.com/images/I/41R9Nqadh4L._SL500_.jpg" alt="Product Image"></a><p>BUCKEYE Fire Extinguisher, 4A:80B:C, 10 lb., 21in.H, Red</p><p> -13% 0FF </p><p>$77.99</p><a href="https://www.amazon.com/dp/B0030ZZAR0?tag=eloabder-20&linkCode=osi&th=1&psc=1">View Product</a></div>
<div class="product"><a href="https://www.amazon.com/dp/B08LL1HRKW?tag=eloabder-20&linkCode=osi&th=1&psc=1"><img src="https://m.media-amazon.com/images/I/41OyhHgXG4S._SL500_.jpg" alt="Product Image"></a><p>X-Sense Smoke Alarm, 10-Year Battery Fire Alarm Smoke Detector with LED Indicator & Silence Button, SD2J0AX</p><p> -10% 0FF </p><p>$16.99</p><a href="https://www.amazon.com/dp/B08LL1HRKW?tag=eloabder-20&linkCode=osi&th=1&psc=1">View Product</a></div><div class="product"><a href="https://www.amazon.com/dp/B086S4XM47?tag=eloabder-20&linkCode=osi&th=1&psc=1"><img src="https://m.media-amazon.com/images/I/41vM6F1FfTL._SL500_.jpg" alt="Product Image"></a><p>Kidde Smoke Detector, Hardwired Smoke Alarm with Battery Backup, Test-Silence Button</p><p> -29% 0FF </p><p>$18.19</p><a href="https://www.amazon.com/dp/B086S4XM47?tag=eloabder-20&linkCode=osi&th=1&psc=1">View Product</a></div><div class="product"><a href="https://www.amazon.com/dp/B09YQZV62R?tag=eloabder-20&linkCode=osi&th=1&psc=1"><img src="https://m.media-amazon.com/images/I/31JFQcHDfWL._SL500_.jpg" alt="Product Image"></a><p>AEGISLINK Smoke Detector 10-Year Battery with Test/Silence Button, Fire Alarm with Photoelectric Sensor, Low Battery Warning, S500 (Independent, 1-Pack)</p><p> -33% 0FF </p><p>$9.99</p><a href="https://www.amazon.com/dp/B09YQZV62R?tag=eloabder-20&linkCode=osi&th=1&psc=1">View Product</a></div><div class="product"><a href="https://www.amazon.com/dp/B0CJC73MBZ?tag=eloabder-20&linkCode=osi&th=1&psc=1"><img src="https://m.media-amazon.com/images/I/51jYYKlO4+L._SL500_.jpg" alt="Product Image"></a><p>2 in 1 CO & Smoke Alarm,Carbon Monoxide Detectors, with Battery, Smoke Detector,85dB in Alarm,for Home and Kitchen,LCD Screen,Easy to Install</p><p> -20% 0FF </p><p>$15.98</p><a href="https://www.amazon.com/dp/B0CJC73MBZ?tag=eloabder-20&linkCode=osi&th=1&psc=1">View Product</a></div>
<div class="product"><a href="https://www.amazon.com/dp/B0B9YTGGJ3?tag=eloabder-20&linkCode=osi&th=1&psc=1"><img src="https://m.media-amazon.com/images/I/41WR-3ndQgL._SL500_.jpg" alt="Product Image"></a><p>Light and small automatic fire extinguisher, environmentally friendly and clean, car fire extinguisher, automatic fire extinguisher, suitable for electric box, ship cabin, car, ABCEF fire extinguisher</p><p> -13% 0FF </p><p>$34.99</p><a href="https://www.amazon.com/dp/B0B9YTGGJ3?tag=eloabder-20&linkCode=osi&th=1&psc=1">View Product</a></div>



<div class="product"><a href="https://www.amazon.com/dp/B01G1Y42H0?tag=eloabder-20&linkCode=osi&th=1&psc=1"><img src="https://m.media-amazon.com/images/I/41ml0ECvMBL._SL500_.jpg" alt="Product Image"></a><p>Command Broom and Mop Grippers Wall Hook, Damage Free Hanging Wall Mount Broom and Mop Holder, No Tools Household Cleaning Organizer for Living Spaces, 2 Hangers and 4 Command Strips</p><p> -20% 0FF </p><p>$13.58 ($6.79 / Count)</p><a href="https://www.amazon.com/dp/B01G1Y42H0?tag=eloabder-20&linkCode=osi&th=1&psc=1">View Product</a></div><div class="product"><a href="https://www.amazon.com/dp/B0D7S3CS9X?tag=eloabder-20&linkCode=osi&th=1&psc=1"><img src="https://m.media-amazon.com/images/I/51XG4DL1apL._SL500_.jpg" alt="Product Image"></a><p>NEOACT 4 Pack Scrapbook Tape,Double Sided Tape Roller Scrapbook Supplies,0.31In x 26 Ft Glue Tape Runner for Scrapbooking Envelopes Crafts Gift Wrapping Journaling School Office Supplies</p><p> -8% 0FF </p><p>$5.99</p><a href="https://www.amazon.com/dp/B0D7S3CS9X?tag=eloabder-20&linkCode=osi&th=1&psc=1">View Product</a></div><div class="product"><a href="https://www.amazon.com/dp/B07FM4PRY8?tag=eloabder-20&linkCode=osi&th=1&psc=1"><img src="https://m.media-amazon.com/images/I/51HHqS5jGIL._SL500_.jpg" alt="Product Image"></a><p>SUNEE 30 Packs Oversized Reusable Dry Erase Pocket Sleeves with 2 Rings, 10 Assorted Colors 10x14 Ticket Holders, Clear Plastic Sheet Protectors, Teacher School Classroom Supplies</p><p> -33% 0FF </p><p>$19.99</p><a href="https://www.amazon.com/dp/B07FM4PRY8?tag=eloabder-20&linkCode=osi&th=1&psc=1">View Product</a></div><div class="product"><a href="https://www.amazon.com/dp/B07GLCYR5S?tag=eloabder-20&linkCode=osi&th=1&psc=1"><img src="https://m.media-amazon.com/images/I/51BtNdNrdfL._SL500_.jpg" alt="Product Image"></a><p>QIO CHUANG Emergency Mylar Thermal Blankets -Space Blanket Survival kit Camping Blanket (4-Pack). Perfect for Outdoors, Hiking, Survival, Bug Out Bag ÔºåMarathons or First Aid 1</p><p> -46% 0FF </p><p>$6.98 ($1.74 / Count)</p><a href="https://www.amazon.com/dp/B07GLCYR5S?tag=eloabder-20&linkCode=osi&th=1&psc=1">View Product</a></div>
<div class="product"><a href="https://www.amazon.com/dp/B01M7VD07W?tag=eloabder-20&linkCode=osi&th=1&psc=1"><img src="https://m.media-amazon.com/images/I/51fA5JtXB9L._SL500_.jpg" alt="Product Image"></a><p>Gorilla 2 Part Epoxy, 5 Minute Set, Incredibly Strong Bonding, .85 Ounce Syringe, Clear, (Pack of 2)</p><p> -27% 0FF </p><p>$10.90 ($6.41 / Fl Oz)</p><a href="https://www.amazon.com/dp/B01M7VD07W?tag=eloabder-20&linkCode=osi&th=1&psc=1">View Product</a></div><div class="product"><a href="https://www.amazon.com/dp/B0B6HK51C3?tag=eloabder-20&linkCode=osi&th=1&psc=1"><img src="https://m.media-amazon.com/images/I/31uXWAEungL._SL500_.jpg" alt="Product Image"></a><p>Rumba Replacement Side Brush Parts for iRobot Roomba 600 700 800 900 Series 675 692 694 677 671 614 980 960 985 981 880 860 850 861 866 870 890 Vacuum Cleaner Accessories Kit,6 Side Brush,Screw Driver</p><p> -9% 0FF </p><p>$9.99</p><a href="https://www.amazon.com/dp/B0B6HK51C3?tag=eloabder-20&linkCode=osi&th=1&psc=1">View Product</a></div><div class="product"><a href="https://www.amazon.com/dp/B0BZMMR5XW?tag=eloabder-20&linkCode=osi&th=1&psc=1"><img src="https://m.media-amazon.com/images/I/41mpThblwIL._SL500_.jpg" alt="Product Image"></a><p>1614244 Foot Window Replacement for Bissell Crosswave Pet Pro Dry/Vac Vacuums Fits Models: 2328, 2305, 2305K, 2303, 2306A, 2306, 23062, 23068, 2551 Series</p><p> -10% 0FF </p><p>$26.83</p><a href="https://www.amazon.com/dp/B0BZMMR5XW?tag=eloabder-20&linkCode=osi&th=1&psc=1">View Product</a></div><div class="product"><a href="https://www.amazon.com/dp/B0CZLK6QMF?tag=eloabder-20&linkCode=osi&th=1&psc=1"><img src="https://m.media-amazon.com/images/I/311BgZOYsCL._SL500_.jpg" alt="Product Image"></a><p>Generic 7413197 Inlet Deflector Part Replacement, Vaccuum Accessory</p><p> -10% 0FF </p><p>$8.99</p><a href="https://www.amazon.com/dp/B0CZLK6QMF?tag=eloabder-20&linkCode=osi&th=1&psc=1">View Product</a></div><div class="product"><a href="https://www.amazon.com/dp/B0D1K3XHSP?tag=eloabder-20&linkCode=osi&th=1&psc=1"><img src="https://m.media-amazon.com/images/I/41UOnU2oiqL._SL500_.jpg" alt="Product Image"></a><p>RUKHOOL Dust Bin Replacement for Dyson V11 V15 SV14 SV15 SV22 Vacuum Cleaner Canister Bin Bucket Container Replacement Parts for Dyson V11 Large Bin Part No. 970050-01 and 965443-01</p><p> -11% 0FF </p><p>$33.99</p><a href="https://www.amazon.com/dp/B0D1K3XHSP?tag=eloabder-20&linkCode=osi&th=1&psc=1">View Product</a></div>

<div class="product"><a href="https://www.amazon.com/dp/B0BHGT88KF?tag=eloabder-20&linkCode=osi&th=1&psc=1"><img src="https://m.media-amazon.com/images/I/51Wy2vWqMnL._SL500_.jpg" alt="Product Image"></a><p>Fit Geno Back Brace Posture Corrector for Women, Shoulder Straightener, Adjustable Full Back Support, Upper and Lower Back Pain Relief - Scoliosis, Hunchback, Hump, Thoracic, Spine Corrector (Small)</p><p> -10% 0FF </p><p>$35.99</p><a href="https://www.amazon.com/dp/B0BHGT88KF?tag=eloabder-20&linkCode=osi&th=1&psc=1">View Product</a></div><div class="product"><a href="https://www.amazon.com/dp/B003N2DXPG?tag=eloabder-20&linkCode=osi&th=1&psc=1"><img src="https://m.media-amazon.com/images/I/41scKHD+h0L._SL500_.jpg" alt="Product Image"></a><p>Plackers Twin-Line Dental Flossers, Cool Mint Flavor, Dual Action Flossing System, Easy Storage, Super Tuffloss, 2X The Clean, 75 Count</p><p> -31% 0FF </p><p>$2.74 ($0.04 / Foot)</p><a href="https://www.amazon.com/dp/B003N2DXPG?tag=eloabder-20&linkCode=osi&th=1&psc=1">View Product</a></div>


<div class="product"><a href="https://www.amazon.com/dp/B0CGR3R8M2?tag=eloabder-20&linkCode=osi&th=1&psc=1"><img src="https://m.media-amazon.com/images/I/31dJH244FqL._SL500_.jpg" alt="Product Image"></a><p>Stainless Steel Lung Remover, Rubber Handle, Comfortable Grip, Efficient, Reliable Tool Head with Great Grip, Chicken Slaughter Equipment That Improves Efficiency, Easy to Clean</p><p> -7% 0FF </p><p>$12.98</p><a href="https://www.amazon.com/dp/B0CGR3R8M2?tag=eloabder-20&linkCode=osi&th=1&psc=1">View Product</a></div><div class="product"><a href="https://www.amazon.com/dp/B000R8ETKW?tag=eloabder-20&linkCode=osi&th=1&psc=1"><img src="https://m.media-amazon.com/images/I/41rNYbbsqpL._SL500_.jpg" alt="Product Image"></a><p>Fluke 789 ProcessMeter, Includes Standard DMM Capabilities, Measure, Source, Simulate 4-20 mA signals, and Built-In 24 V Loop Supply</p><p> -21% 0FF </p><p>$1,048.39</p><a href="https://www.amazon.com/dp/B000R8ETKW?tag=eloabder-20&linkCode=osi&th=1&psc=1">View Product</a></div><div class="product"><a href="https://www.amazon.com/dp/B0CHYSJBGR?tag=eloabder-20&linkCode=osi&th=1&psc=1"><img src="https://m.media-amazon.com/images/I/31MHdOP3u7L._SL500_.jpg" alt="Product Image"></a><p>SUS 304 Stainless Steel Lung Remover, Food Grade Chicken Processing Equipment with Super Strong Working Head and Ergonomic Handle to Remove Poultry Lungs, Essential Kitchen Tool Easy to Clean</p><p> -17% 0FF </p><p>$9.99</p><a href="https://www.amazon.com/dp/B0CHYSJBGR?tag=eloabder-20&linkCode=osi&th=1&psc=1">View Product</a></div><div class="product"><a href="https://www.amazon.com/dp/B0CR37JVN4?tag=eloabder-20&linkCode=osi&th=1&psc=1"><img src="https://m.media-amazon.com/images/I/41DwoJmzWmL._SL500_.jpg" alt="Product Image"></a><p>TIVOLI Professional Butcher Knife Set for Meat Processing, 7Pcs High Carbon Steel Hand Forged BBQ Knife Set, Serbian Chef Knife Set with Ergonomic Handles for Kitchen Outdoor Cooking Father's Day Gift</p><p> -5% 0FF </p><p>$69.99</p><a href="https://www.amazon.com/dp/B0CR37JVN4?tag=eloabder-20&linkCode=osi&th=1&psc=1">View Product</a></div><div class="product"><a href="https://www.amazon.com/dp/B01HPT0XFU?tag=eloabder-20&linkCode=osi&th=1&psc=1"><img src="https://m.media-amazon.com/images/I/51F+BRGdU+L._SL500_.jpg" alt="Product Image"></a><p>NoCry Premium Cut Resistant Gloves Food Grade ‚Äî Level 5 Protection; Ambidextrous; Machine Washable; Superior Comfort and Dexterity; Lightweight Protective Gloves; Complimentary eBook</p><p> -14% 0FF </p><p>$13.79 ($13.79 / Count)</p><a href="https://www.amazon.com/dp/B01HPT0XFU?tag=eloabder-20&linkCode=osi&th=1&psc=1">View Product</a></div><div class="product"><a href="https://www.amazon.com/dp/B071ZPSQ88?tag=eloabder-20&linkCode=osi&th=1&psc=1"><img src="https://m.media-amazon.com/images/I/31FiGEAJ9VL._SL500_.jpg" alt="Product Image"></a><p>Fluke 787B ProcessMeter</p><p> -15% 0FF </p><p>$1,020.84</p><a href="https://www.amazon.com/dp/B071ZPSQ88?tag=eloabder-20&linkCode=osi&th=1&psc=1">View Product</a></div>
<div class="product"><a href="https://www.amazon.com/dp/B0D8YPW46Y?tag=eloabder-20&linkCode=osi&th=1&psc=1"><img src="https://m.media-amazon.com/images/I/51sr1XVXPoL._SL500_.jpg" alt="Product Image"></a><p>Shelly 1 Gen3 | WiFi & Bluetooth Smart Relay Switch with Dry Contacts, 1-Channel 16A | Home Automation | Alexa, SmartThings & Google Home Compatible | No Hub | DIY Remote Control | Garage Door Opener</p><p> -8% 0FF </p><p>$16.99</p><a href="https://www.amazon.com/dp/B0D8YPW46Y?tag=eloabder-20&linkCode=osi&th=1&psc=1">View Product</a></div><div class="product"><a href="https://www.amazon.com/dp/B0D5XSGYB4?tag=eloabder-20&linkCode=osi&th=1&psc=1"><img src="https://m.media-amazon.com/images/I/31pj-zqLcYL._SL500_.jpg" alt="Product Image"></a><p>OUVOPO Zigbee Contact Sensor 2 Pack, Mini Smart Door Sensor, Home Automation, Kid Safety, Burglar Alert, Work with Alexa, SmartThings, Home Assistant, Aeotec, Homey, Hubitat with Build-in Zigbee Hub</p><p> -11% 0FF </p><p>$24.99</p><a href="https://www.amazon.com/dp/B0D5XSGYB4?tag=eloabder-20&linkCode=osi&th=1&psc=1">View Product</a></div><div class="product"><a href="https://www.amazon.com/dp/B0CXN2B9RS?tag=eloabder-20&linkCode=osi&th=1&psc=1"><img src="https://m.media-amazon.com/images/I/51NXNRAdSxL._SL500_.jpg" alt="Product Image"></a><p>Shelly Plus RGBW PM | WiFi & Bluetooth Smart Remote Control for RGBW with Power Metering | Home Automation | No Hub | Compatible with Alexa & Google Home | iOS Android App</p><p> -8% 0FF </p><p>$24.99</p><a href="https://www.amazon.com/dp/B0CXN2B9RS?tag=eloabder-20&linkCode=osi&th=1&psc=1">View Product</a></div><div class="product"><a href="https://www.amazon.com/dp/B006P591RW?tag=eloabder-20&linkCode=osi&th=1&psc=1"><img src="https://m.media-amazon.com/images/I/41EwZRzPrJL._SL500_.jpg" alt="Product Image"></a><p>Progressive Automations Mounting Bracket BRK-14 for Linear actuators PA-14, PA-14P, PA-08</p><p> -16% 0FF </p><p>$11.69</p><a href="https://www.amazon.com/dp/B006P591RW?tag=eloabder-20&linkCode=osi&th=1&psc=1">View Product</a></div>
<div class="product"><a href="https://www.amazon.com/dp/B08CZ4MG5P?tag=eloabder-20&linkCode=osi&th=1&psc=1"><img src="https://m.media-amazon.com/images/I/61lF1Z1BQ1L._SL500_.jpg" alt="Product Image"></a><p>ELEGOO Conqueror Robot Tank Kit with UNO R3 for Arduino Robotics for Kids Ages 8-12 12-16 STEM Science Kits Coding Robots Toys for 8+ Year Old Boys Girls Teens Circuits Engineering Building Project</p><p> -23% 0FF </p><p>$99.98</p><a href="https://www.amazon.com/dp/B08CZ4MG5P?tag=eloabder-20&linkCode=osi&th=1&psc=1">View Product</a></div><div class="product"><a href="https://www.amazon.com/dp/B0CYPVS3FF?tag=eloabder-20&linkCode=osi&th=1&psc=1"><img src="https://m.media-amazon.com/images/I/41tiE6fqJOL._SL500_.jpg" alt="Product Image"></a><p>Lefant M210 Pro Robot Vacuum Cleaner, 2200Pa Suction,120 Mins Runtime, Self-Charging Slim Robotic Vacuums, APP/Voice/Remote Control, Works with Alexa, Ideal for Pet Hair,Low-Pile Carpet, Hard Floor</p><p> -52% 0FF </p><p>$99.99</p><a href="https://www.amazon.com/dp/B0CYPVS3FF?tag=eloabder-20&linkCode=osi&th=1&psc=1">View Product</a></div><div class="product"><a href="https://www.amazon.com/dp/B09NNF5RHN?tag=eloabder-20&linkCode=osi&th=1&psc=1"><img src="https://m.media-amazon.com/images/I/41yl24NcAYL._SL500_.jpg" alt="Product Image"></a><p>roborock Q7 Max+ Robot Vacuum Cleaner, Hands-Free Cleaning for up to 7 Weeks, Robotic Vacuum with APP-Controlled Mopping, 4200Pa Suction, No-Mop&No-Go Zones, 180mins Runtime</p><p> -37% 0FF </p><p>$549.99</p><a href="https://www.amazon.com/dp/B09NNF5RHN?tag=eloabder-20&linkCode=osi&th=1&psc=1">View Product</a></div><div class="product"><a href="https://www.amazon.com/dp/B07GNDY96N?tag=eloabder-20&linkCode=osi&th=1&psc=1"><img src="https://m.media-amazon.com/images/I/41WDVdRkesL._SL500_.jpg" alt="Product Image"></a><p>ELEGOO Penguin Bot Biped Robot Kit Robotics for Kids Adults Coding for Kids 8-12 STEM Kits for Kids Ages 12-14 14-16 Boys Toys Teens Circuits Engineering Kits Compatible with Arduino</p><p> -8% 0FF </p><p>$45.99</p><a href="https://www.amazon.com/dp/B07GNDY96N?tag=eloabder-20&linkCode=osi&th=1&psc=1">View Product</a></div>
<div class="product"><a href="https://www.amazon.com/dp/B0C8GZJRMF?tag=eloabder-20&linkCode=osi&th=1&psc=1"><img src="https://m.media-amazon.com/images/I/6156CbXZ8ZL._SL500_.jpg" alt="Product Image"></a><p>Jevuta Engineer Gifts, Mechanical Engineering Gifts, Gifts For Engineers, Future Engineer Gifts, Aerospace Engineering Gifts, Graduation Gifts For Engineers, Retirement Gift For Engineer Tumbler 20oz</p><p> -12% 0FF </p><p>$21.99</p><a href="https://www.amazon.com/dp/B0C8GZJRMF?tag=eloabder-20&linkCode=osi&th=1&psc=1">View Product</a></div><div class="product"><a href="https://www.amazon.com/dp/B06XXZ19HX?tag=eloabder-20&linkCode=osi&th=1&psc=1"><img src="https://m.media-amazon.com/images/I/41QRwC6XcmL._SL500_.jpg" alt="Product Image"></a><p>Komelon 52425IE; 25' x 1.06" Powerblade II" Engineer Tape Measure; Yellow/Black</p><p> -10% 0FF </p><p>$13.51</p><a href="https://www.amazon.com/dp/B06XXZ19HX?tag=eloabder-20&linkCode=osi&th=1&psc=1">View Product</a></div><div class="product"><a href="https://www.amazon.com/dp/B00002N5LW?tag=eloabder-20&linkCode=osi&th=1&psc=1"><img src="https://m.media-amazon.com/images/I/41S2-EUZhgL._SL500_.jpg" alt="Product Image"></a><p>Crescent Lufkin 5/8" X 6' Red End¬Æ Engineer's Scale Wood Rule - 1066DN , White</p><p> -40% 0FF </p><p>$14.50</p><a href="https://www.amazon.com/dp/B00002N5LW?tag=eloabder-20&linkCode=osi&th=1&psc=1">View Product</a></div><div class="product"><a href="https://www.amazon.com/dp/B002MJMXD4?tag=eloabder-20&linkCode=osi&th=1&psc=1"><img src="https://m.media-amazon.com/images/I/31ZLLX+aOwL._SL500_.jpg" alt="Product Image"></a><p>ENGINEER Engineer Solder Suction Device SS-02</p><p> -25% 0FF </p><p>$19.56</p><a href="https://www.amazon.com/dp/B002MJMXD4?tag=eloabder-20&linkCode=osi&th=1&psc=1">View Product</a></div><div class="product"><a href="https://www.amazon.com/dp/B0BYD7H5PZ?tag=eloabder-20&linkCode=osi&th=1&psc=1"><img src="https://m.media-amazon.com/images/I/513DsoLDRFL._SL500_.jpg" alt="Product Image"></a><p>JERIO Engineer Gifts for Men,Engineer Coffee Tumbler Nutrition Facts - Funny Birthday,Graduation,Fathers Day,Christmas Gift Idea for Mechanical, Electrical, Civil, Science, Computer Programmer</p><p> -50% 0FF </p><p>$10.99</p><a href="https://www.amazon.com/dp/B0BYD7H5PZ?tag=eloabder-20&linkCode=osi&th=1&psc=1">View Product</a></div>
<div class="product"><a href="https://www.amazon.com/dp/B0D8HQJDT5?tag=eloabder-20&linkCode=osi&th=1&psc=1"><img src="https://m.media-amazon.com/images/I/41vCRs7ecqL._SL500_.jpg" alt="Product Image"></a><p>Amzany Bed Vacuum Cleaner - 5-in-1 Cordless Mattress Vacuum Cleaner, Powered by UV-C Light & Ultrasonic Technology, 16Kpa Strong Suction,Low Noise,Suitable for Dust, Pet Hair, Etc - Grey</p><p> -38% 0FF </p><p>$79.99</p><a href="https://www.amazon.com/dp/B0D8HQJDT5?tag=eloabder-20&linkCode=osi&th=1&psc=1">View Product</a></div><div class="product"><a href="https://www.amazon.com/dp/B081RJ8DW1?tag=eloabder-20&linkCode=osi&th=1&psc=1"><img src="https://m.media-amazon.com/images/I/41XdbpXmFvL._SL500_.jpg" alt="Product Image"></a><p>Gskyer Telescope, 70mm Aperture 400mm AZ Mount Astronomical Refracting Telescope for Kids Beginners - Travel Telescope with Carry Bag, Phone Adapter and Wireless Remote.</p><p> -33% 0FF </p><p>$86.99</p><a href="https://www.amazon.com/dp/B081RJ8DW1?tag=eloabder-20&linkCode=osi&th=1&psc=1">View Product</a></div><div class="product"><a href="https://www.amazon.com/dp/B008HOSQQQ?tag=eloabder-20&linkCode=osi&th=1&psc=1"><img src="https://m.media-amazon.com/images/I/31eIm02e4iL._SL500_.jpg" alt="Product Image"></a><p>Refrigeration Technologies RT201B Nylog Gasket/Thread Sealant, 30 ml (1 Pack)</p><p> -55% 0FF </p><p>$8.99</p><a href="https://www.amazon.com/dp/B008HOSQQQ?tag=eloabder-20&linkCode=osi&th=1&psc=1">View Product</a></div><div class="product"><a href="https://www.amazon.com/dp/B00UZ1WWUK?tag=eloabder-20&linkCode=osi&th=1&psc=1"><img src="https://m.media-amazon.com/images/I/318bhhXmhBL._SL500_.jpg" alt="Product Image"></a><p>BW Technologies Corded Electric BWC2-H BW Clip Single Gas H2S Monitor, 10/15 (1 Pack)</p><p> -34% 0FF </p><p>$91.14</p><a href="https://www.amazon.com/dp/B00UZ1WWUK?tag=eloabder-20&linkCode=osi&th=1&psc=1">View Product</a></div><div class="product"><a href="https://www.amazon.com/dp/B007885Y3K?tag=eloabder-20&linkCode=osi&th=1&psc=1"><img src="https://m.media-amazon.com/images/I/41Uh4TbGoGL._SL500_.jpg" alt="Product Image"></a><p>Safety Technology International, Inc. STI-13010FR Universal Stopper¬Æ, Flush Mount and Fire label, Indoor/Outdoor Protective Polycarbonate Cover for Pull Stations or Call Points, Red</p><p> -32% 0FF </p><p>$40.29</p><a href="https://www.amazon.com/dp/B007885Y3K?tag=eloabder-20&linkCode=osi&th=1&psc=1">View Product</a></div><div class="product"><a href="https://www.amazon.com/dp/B000FTADX0?tag=eloabder-20&linkCode=osi&th=1&psc=1"><img src="https://m.media-amazon.com/images/I/31HT3jGR4YL._SL500_.jpg" alt="Product Image"></a><p>Fluke Networks 26000900 Pro3000 Tone Generator and Probe Kit with SmartTone Technology, Blue</p><p> -37% 0FF </p><p>$88.48</p><a href="https://www.amazon.com/dp/B000FTADX0?tag=eloabder-20&linkCode=osi&th=1&psc=1">View Product</a></div>
<div class="product"><a href="https://www.amazon.com/dp/B0CN6F2GBN?tag=eloabder-20&linkCode=osi&th=1&psc=1"><img src="https://m.media-amazon.com/images/I/314BZ1QOH0L._SL500_.jpg" alt="Product Image"></a><p>Listerine Clinical Solutions Gum Health Antiseptic Mouthwash, Antigingivitis & Antiplaque Oral Rinse Helps Prevent Buildup & Immediately Kills Germs for Healthier Gums, ICY Mint, 1 L</p><p> -11% 0FF </p><p>$11.97 ($0.35 / Fl Oz)</p><a href="https://www.amazon.com/dp/B0CN6F2GBN?tag=eloabder-20&linkCode=osi&th=1&psc=1">View Product</a></div><div class="product"><a href="https://www.amazon.com/dp/B00WIMUVU2?tag=eloabder-20&linkCode=osi&th=1&psc=1"><img src="https://m.media-amazon.com/images/I/41ZdoGErSaL._SL500_.jpg" alt="Product Image"></a><p>Carpet Miracle - Carpet Cleaner Shampoo Solution for Machine Use, Deep Stain Remover and Odor Deodorizing Formula, Use On Rug Car Upholstery and Carpets (32FL OZ)</p><p> -23% 0FF </p><p>$19.99 ($0.62 / Fl Oz)</p><a href="https://www.amazon.com/dp/B00WIMUVU2?tag=eloabder-20&linkCode=osi&th=1&psc=1">View Product</a></div><div class="product"><a href="https://www.amazon.com/dp/B002C2O5EQ?tag=eloabder-20&linkCode=osi&th=1&psc=1"><img src="https://m.media-amazon.com/images/I/412RaKelAmL._SL500_.jpg" alt="Product Image"></a><p>Betadine Antiseptic Liquid First Aid Solution, Povidone-iodine 10%, Infection Protection, Kills Germs In Minor Cuts Scrapes And Burns, No Sting Promise, No Alcohol or Hydrogen Peroxide, 8 FL OZ</p><p> -24% 0FF </p><p>$13.29 ($1.66 / Fl Oz)</p><a href="https://www.amazon.com/dp/B002C2O5EQ?tag=eloabder-20&linkCode=osi&th=1&psc=1">View Product</a></div>

<div class="product"><a href="https://www.amazon.com/dp/B005LJ8EXU?tag=eloabder-20&linkCode=osi&th=1&psc=1"><img src="https://m.media-amazon.com/images/I/51y1lIaCqZL._SL500_.jpg" alt="Product Image"></a><p>iSpring RCC7AK, NSF Certified 75 GPD, Alkaline 6-Stage Reverse Osmosis System, pH+ Remineralization RO Water Filter System Under Sink, Superb Taste Drinking Water Filter</p><p> -33% 0FF </p><p>$186.14</p><a href="https://www.amazon.com/dp/B005LJ8EXU?tag=eloabder-20&linkCode=osi&th=1&psc=1">View Product</a></div><div class="product"><a href="https://www.amazon.com/dp/B00I0ZGOZM?tag=eloabder-20&linkCode=osi&th=1&psc=1"><img src="https://m.media-amazon.com/images/I/419oT125q0L._SL500_.jpg" alt="Product Image"></a><p>APEC Water Systems ROES-50 Essence Series Top Tier 5-Stage WQA Certified Ultra Safe Reverse Osmosis Drinking Water Filter System</p><p> -7% 0FF </p><p>$185.00</p><a href="https://www.amazon.com/dp/B00I0ZGOZM?tag=eloabder-20&linkCode=osi&th=1&psc=1">View Product</a></div><div class="product"><a href="https://www.amazon.com/dp/B00J2DGTD8?tag=eloabder-20&linkCode=osi&th=1&psc=1"><img src="https://m.media-amazon.com/images/I/51a5ku-MyBL._SL500_.jpg" alt="Product Image"></a><p>Express Water RO5DX Reverse Osmosis Filtration NSF Certified 5 Stage RO System with Faucet and Tank ‚Äì Under Sink Water Plus 4 Filters ‚Äì 50 GPD, 14 x 17 x 5, White</p><p> -21% 0FF </p><p>$157.48</p><a href="https://www.amazon.com/dp/B00J2DGTD8?tag=eloabder-20&linkCode=osi&th=1&psc=1">View Product</a></div><div class="product"><a href="https://www.amazon.com/dp/B01F9A4UVU?tag=eloabder-20&linkCode=osi&th=1&psc=1"><img src="https://m.media-amazon.com/images/I/41UItWTKFsS._SL500_.jpg" alt="Product Image"></a><p>iSpring WGB21B 2-Stage Whole House Water Filtration System, with 10" x 4.5" Sediment CTO(Chlorine, Taste, and Odor) Filter, 1" Inlet/Outlet</p><p> -30% 0FF </p><p>$127.49</p><a href="https://www.amazon.com/dp/B01F9A4UVU?tag=eloabder-20&linkCode=osi&th=1&psc=1">View Product</a></div><div class="product"><a href="https://www.amazon.com/dp/B07Y42RD9T?tag=eloabder-20&linkCode=osi&th=1&psc=1"><img src="https://m.media-amazon.com/images/I/219MeTcyMBL._SL500_.jpg" alt="Product Image"></a><p>Bard Medical PWF030 Purewick Female External Catheter, Latex, Pack of 30</p><p> -6% 0FF </p><p>$206.00 ($6.87 / Count)</p><a href="https://www.amazon.com/dp/B07Y42RD9T?tag=eloabder-20&linkCode=osi&th=1&psc=1">View Product</a></div><div class="product"><a href="https://www.amazon.com/dp/B00HRHHFPW?tag=eloabder-20&linkCode=osi&th=1&psc=1"><img src="https://m.media-amazon.com/images/I/51ykZ8b1GwL._SL500_.jpg" alt="Product Image"></a><p>APEC Water Systems RO-90 Ultimate Series Top Tier Supreme Certified High Output 90 GPD Ultra Safe Reverse Osmosis Drinking Water Filter System, Chrome Faucet</p><p> -15% 0FF </p><p>$191.55</p><a href="https://www.amazon.com/dp/B00HRHHFPW?tag=eloabder-20&linkCode=osi&th=1&psc=1">View Product</a></div>
<div class="product"><a href="https://www.amazon.com/dp/B00HKAJ018?tag=eloabder-20&linkCode=osi&th=1&psc=1"><img src="https://m.media-amazon.com/images/I/31cVzL2O1zL._SL500_.jpg" alt="Product Image"></a><p>SmartSign 25 x 12 inch ‚ÄúCaution - Maintenance Work In Progress‚Äù Two-Sided Folding Floor Sign, Digitally Printed Polypropylene Plastic, Black and Yellow</p><p> -11% 0FF </p><p>$36.95</p><a href="https://www.amazon.com/dp/B00HKAJ018?tag=eloabder-20&linkCode=osi&th=1&psc=1">View Product</a></div><div class="product"><a href="https://www.amazon.com/dp/B00HSJ4YLW?tag=eloabder-20&linkCode=osi&th=1&psc=1"><img src="https://m.media-amazon.com/images/I/41mCVFnsRpL._SL500_.jpg" alt="Product Image"></a><p>Accuform TAD847 Standard Door Knob Hanger Tag, Legend"Maintenance Employee Inside", 9" Length x 4" Width x 0.015" Thickness, RP-Plastic, Black on Yellow (Pack of 10)</p><p> -24% 0FF </p><p>$27.69 ($2.77 / Count)</p><a href="https://www.amazon.com/dp/B00HSJ4YLW?tag=eloabder-20&linkCode=osi&th=1&psc=1">View Product</a></div><div class="product"><a href="https://www.amazon.com/dp/B00700N1IQ?tag=eloabder-20&linkCode=osi&th=1&psc=1"><img src="https://m.media-amazon.com/images/I/511bcg+-z2L._SL500_.jpg" alt="Product Image"></a><p>NMC RA15RB Security Sign, Legend "RESTRICTED AREA - MAINTENANCE PERSONNEL ONLY", 14" Length x 10" Height, Rigid Plastic, Black/Red on White</p><p> -11% 0FF </p><p>$13.31</p><a href="https://www.amazon.com/dp/B00700N1IQ?tag=eloabder-20&linkCode=osi&th=1&psc=1">View Product</a></div>
<div class="product"><a href="https://www.amazon.com/dp/B0BKKTFWJK?tag=eloabder-20&linkCode=osi&th=1&psc=1"><img src="https://m.media-amazon.com/images/I/41cvC72AHeL._SL500_.jpg" alt="Product Image"></a><p>AceMining Upgraded Door Security Bar & Sliding Patio Bar, Heavy Duty Stoppers Adjustable Jammer for Home, Apartment, Travel (1 Pack,White)</p><p> -17% 0FF </p><p>$23.99</p><a href="https://www.amazon.com/dp/B0BKKTFWJK?tag=eloabder-20&linkCode=osi&th=1&psc=1">View Product</a></div><div class="product"><a href="https://www.amazon.com/dp/B01LDPHXD2?tag=eloabder-20&linkCode=osi&th=1&psc=1"><img src="https://m.media-amazon.com/images/I/41pcC4hFanL._SL500_.jpg" alt="Product Image"></a><p>Ergodyne Unisex Adult Hi Vis Safety GloWear 8377 Type R Class 3 Lime Quilted Bomber Jacket, Large, Lime, Large US</p><p> -34% 0FF </p><p>$34.99</p><a href="https://www.amazon.com/dp/B01LDPHXD2?tag=eloabder-20&linkCode=osi&th=1&psc=1">View Product</a></div><div class="product"><a href="https://www.amazon.com/dp/B0B7KTV8Q8?tag=eloabder-20&linkCode=osi&th=1&psc=1"><img src="https://m.media-amazon.com/images/I/417c5VIfBtL._SL500_.jpg" alt="Product Image"></a><p>RoadHero 18 Inch 4 Pack Collapsible Traffic Safety Cones, Multi Purpose Pop-up Cones with Reflective Collar for Road Safety, Orange Cones for Driving Training, Parking Lots</p><p> -18% 0FF </p><p>$23.65</p><a href="https://www.amazon.com/dp/B0B7KTV8Q8?tag=eloabder-20&linkCode=osi&th=1&psc=1">View Product</a></div>
<div class="product"><a href="https://www.amazon.com/dp/B000GISU1M?tag=eloabder-20&linkCode=osi&th=1&psc=1"><img src="https://m.media-amazon.com/images/I/41YAvhdmLIL._SL500_.jpg" alt="Product Image"></a><p>Optimum Nutrition Gold Standard 100% Whey Protein Powder, Vanilla Ice Creme, 5 Pound (Packaging May Vary)</p><p> -5% 0FF </p><p>$82.06 ($1.03 / Ounce)</p><a href="https://www.amazon.com/dp/B000GISU1M?tag=eloabder-20&linkCode=osi&th=1&psc=1">View Product</a></div><div class="product"><a href="https://www.amazon.com/dp/B084JHKFCW?tag=eloabder-20&linkCode=osi&th=1&psc=1"><img src="https://m.media-amazon.com/images/I/31wQjwQJR2L._SL500_.jpg" alt="Product Image"></a><p>American Standard 5503A00B.020 Slow Elongated Closed Front Toilet Seat, White</p><p> -42% 0FF </p><p>$32.96</p><a href="https://www.amazon.com/dp/B084JHKFCW?tag=eloabder-20&linkCode=osi&th=1&psc=1">View Product</a></div><div class="product"><a href="https://www.amazon.com/dp/B0CYZJM8PZ?tag=eloabder-20&linkCode=osi&th=1&psc=1"><img src="https://m.media-amazon.com/images/I/41d-M4+HpuL._SL500_.jpg" alt="Product Image"></a><p>DEGNJU LED Light Bulbs Daylight 5000K, 60 Watt Equivalent LED Bulbs, A19 Standard Bulbs, 800 LM, 15000 Hours, E26 Base, Non-Dimmable, 8.5W LED Bulbs for Bedroom Living Room 12 Pack</p><p> -27% 0FF </p><p>$17.99 ($1.50 / Count)</p><a href="https://www.amazon.com/dp/B0CYZJM8PZ?tag=eloabder-20&linkCode=osi&th=1&psc=1">View Product</a></div><div class="product"><a href="https://www.amazon.com/dp/B0CHYK75D4?tag=eloabder-20&linkCode=osi&th=1&psc=1"><img src="https://m.media-amazon.com/images/I/51DjecU3ILL._SL500_.jpg" alt="Product Image"></a><p>30-Piece Ultimate All-Purpose Combination Wrench Set in Roll-up Pouch | SAE 1/4‚Äù to 1‚Äù, Metric 6mm to 24mm | Best Value Complete Wrench Set for General Household, Garage, Truck, Car, Travel Emergency</p><p> -18% 0FF </p><p>$32.99</p><a href="https://www.amazon.com/dp/B0CHYK75D4?tag=eloabder-20&linkCode=osi&th=1&psc=1">View Product</a></div><div class="product"><a href="https://www.amazon.com/dp/B0D3XK7Z4J?tag=eloabder-20&linkCode=osi&th=1&psc=1"><img src="https://m.media-amazon.com/images/I/41wMwgcLSxL._SL500_.jpg" alt="Product Image"></a><p>Miucoguier Thread Checker - 28 Nut & Bolt Thread Checker, Bolt Size and Thread Gauge 14 Standard and 14 Metric Sizes, Bolt and Nut Identifier Gauge for Easy Verifying Sizing</p><p> -21% 0FF </p><p>$22.99</p><a href="https://www.amazon.com/dp/B0D3XK7Z4J?tag=eloabder-20&linkCode=osi&th=1&psc=1">View Product</a></div><div class="product"><a href="https://www.amazon.com/dp/B0CL1WBXG6?tag=eloabder-20&linkCode=osi&th=1&psc=1"><img src="https://m.media-amazon.com/images/I/51lHAQ830tL._SL500_.jpg" alt="Product Image"></a><p>GRENPRO Ratcheting Wrench Set, Combination Wrench Set, 22-Piece SAE & Metric and Standard, 72-Tooth Long Open End, 1/4" to 3/4" & 6-18mm, Organizer With Roll Up Pouch, CR-V Steel, Mechanic Tools Sets</p><p> -16% 0FF </p><p>$51.99 ($0.49 / Ounce)</p><a href="https://www.amazon.com/dp/B0CL1WBXG6?tag=eloabder-20&linkCode=osi&th=1&psc=1">View Product</a></div>

<div class="product"><a href="https://www.amazon.com/dp/B0D5V4PM1L?tag=eloabder-20&linkCode=osi&th=1&psc=1"><img src="https://m.media-amazon.com/images/I/51lbOWv6lZL._SL500_.jpg" alt="Product Image"></a><p>2025 Florida State and Federal Labor Laws Poster - OSHA Compliant UV Waterproof Laminated 24" x 36" English and Spanish Version 2PCS Folded - All in One Compliance Posting</p><p> -20% 0FF </p><p>$19.99</p><a href="https://www.amazon.com/dp/B0D5V4PM1L?tag=eloabder-20&linkCode=osi&th=1&psc=1">View Product</a></div>
<div class="product"><a href="https://www.amazon.com/dp/B0CFF8Z1NF?tag=eloabder-20&linkCode=osi&th=1&psc=1"><img src="https://m.media-amazon.com/images/I/41bDsv2AHdL._SL500_.jpg" alt="Product Image"></a><p>Endoscope Camera with Light - Inspection Borescope Camera with 4.3" IPS Screen, 1920P HD Snake Camera with 8 LED Lights, 16.4FT Semi-Rigid Cord Bore Scope, IP67 Waterproof Endoscope for Sewer(Orange)</p><p> -34% 0FF </p><p>$32.98</p><a href="https://www.amazon.com/dp/B0CFF8Z1NF?tag=eloabder-20&linkCode=osi&th=1&psc=1">View Product</a></div><div class="product"><a href="https://www.amazon.com/dp/B01D4QMUVI?tag=eloabder-20&linkCode=osi&th=1&psc=1"><img src="https://m.media-amazon.com/images/I/31UUBvi72zL._SL500_.jpg" alt="Product Image"></a><p>Optional life Telescoping LED Lighted Flexible Inspection Mirror 360 Swivel for Extra Viewing</p><p> -10% 0FF </p><p>$8.99</p><a href="https://www.amazon.com/dp/B01D4QMUVI?tag=eloabder-20&linkCode=osi&th=1&psc=1">View Product</a></div><div class="product"><a href="https://www.amazon.com/dp/B07HX76VM9?tag=eloabder-20&linkCode=osi&th=1&psc=1"><img src="https://m.media-amazon.com/images/I/31lU0HeUxnL._SL500_.jpg" alt="Product Image"></a><p>Juvale 2 Pack Telescoping Inspection Mirror Tool, Round 2-Inch Mirror with 24.5-Inch Extension for Mechanics, Inspectors</p><p> -38% 0FF </p><p>$7.99</p><a href="https://www.amazon.com/dp/B07HX76VM9?tag=eloabder-20&linkCode=osi&th=1&psc=1">View Product</a></div><div class="product"><a href="https://www.amazon.com/dp/B0BR7MKHF9?tag=eloabder-20&linkCode=osi&th=1&psc=1"><img src="https://m.media-amazon.com/images/I/41Oa1v7l6NL._SL500_.jpg" alt="Product Image"></a><p>Endoscope Camera with Light, 1920P HD Borescope Tools with 8 Adjustable LED Lights, Endoscope with 16.4ft Semi-Rigid Snake Camera, 7.9mm IP67 Waterproof Inspection Camera for iOS (Black)</p><p> -48% 0FF </p><p>$30.99</p><a href="https://www.amazon.com/dp/B0BR7MKHF9?tag=eloabder-20&linkCode=osi&th=1&psc=1">View Product</a></div><div class="product"><a href="https://www.amazon.com/dp/B09FK5QFTR?tag=eloabder-20&linkCode=osi&th=1&psc=1"><img src="https://m.media-amazon.com/images/I/41hfMwNfTWL._SL500_.jpg" alt="Product Image"></a><p>Telescoping Magnetic Pickup Tool Set-Extendable Magnet Flashlight with Inspection Mirror-Cool Gadgets Gifts Idea & Birthday Gifts for Father, Men, Him, Boyfriend, Husband, Handyman, Mechanic</p><p> -22% 0FF </p><p>$27.99</p><a href="https://www.amazon.com/dp/B09FK5QFTR?tag=eloabder-20&linkCode=osi&th=1&psc=1">View Product</a></div>
<div class="product"><a href="https://www.amazon.com/dp/B09KZ6TBNY?tag=eloabder-20&linkCode=osi&th=1&psc=1"><img src="https://m.media-amazon.com/images/I/41oPbadBuQL._SL500_.jpg" alt="Product Image"></a><p>iHealth COVID-19 Antigen Rapid Test, 1 Pack, 2 Tests Total, FDA EUA Authorized OTC at-Home Self Test, Results in 15 Minutes with Non-invasive Nasal Swab, Easy to Use & No Discomfort</p><p> -13% 0FF </p><p>$15.69 ($7.84 / Count)</p><a href="https://www.amazon.com/dp/B09KZ6TBNY?tag=eloabder-20&linkCode=osi&th=1&psc=1">View Product</a></div><div class="product"><a href="https://www.amazon.com/dp/B0C3SR4BNC?tag=eloabder-20&linkCode=osi&th=1&psc=1"><img src="https://m.media-amazon.com/images/I/41vH7tiKQaL._SL500_.jpg" alt="Product Image"></a><p>BinaxNOW COVID-19 Antigen Self Test, 1 Pack, 4 Tests Total, COVID Test With 15-Minute Results Without Sending to a Lab, Easy to Use at Home</p><p> -9% 0FF </p><p>$28.88 ($7.22 / Count)</p><a href="https://www.amazon.com/dp/B0C3SR4BNC?tag=eloabder-20&linkCode=osi&th=1&psc=1">View Product</a></div><div class="product"><a href="https://www.amazon.com/dp/B09PZS1N44?tag=eloabder-20&linkCode=osi&th=1&psc=1"><img src="https://m.media-amazon.com/images/I/418W+HhY5PL._SL500_.jpg" alt="Product Image"></a><p>Flowflex COVID-19 Antigen Home Test kit, 1 Pack, 5 Tests Total. FDA EUA Authorized OTC at-Home Self-Test, Non-invasive Nasal Swab, Easy to Use and No Discomfort, Results in 15 Minutes</p><p> -20% 0FF </p><p>$31.99 ($6.40 / Count)</p><a href="https://www.amazon.com/dp/B09PZS1N44?tag=eloabder-20&linkCode=osi&th=1&psc=1">View Product</a></div><div class="product"><a href="https://www.amazon.com/dp/B0D2DQBJS2?tag=eloabder-20&linkCode=osi&th=1&psc=1"><img src="https://m.media-amazon.com/images/I/51PHwjjreKL._SL500_.jpg" alt="Product Image"></a><p>CorDx TyFast Flu A/B & Covid-19 Multiplex Rapid Test, 10 Mins at Home, FDA Authorized, 3-in-1 Combo Kit, 2 Tests</p><p> -29% 0FF </p><p>$21.21</p><a href="https://www.amazon.com/dp/B0D2DQBJS2?tag=eloabder-20&linkCode=osi&th=1&psc=1">View Product</a></div><div class="product"><a href="https://www.amazon.com/dp/B07CF8C4VX?tag=eloabder-20&linkCode=osi&th=1&psc=1"><img src="https://m.media-amazon.com/images/I/51brLSHm6vL._SL500_.jpg" alt="Product Image"></a><p>CONTOUR NEXT Blood Glucose Test Strips for Diabetes, 70 Count (Pack of 1)</p><p> -17% 0FF </p><p>$26.58 ($0.38 / Count)</p><a href="https://www.amazon.com/dp/B07CF8C4VX?tag=eloabder-20&linkCode=osi&th=1&psc=1">View Product</a></div>
<div class="product"><a href="https://www.amazon.com/dp/B01LYBYFTJ?tag=eloabder-20&linkCode=osi&th=1&psc=1"><img src="https://m.media-amazon.com/images/I/518DrPFcK0L._SL500_.jpg" alt="Product Image"></a><p>Accuform MQTL707VP Plastic Sign, "Quality Control Inspection Area", 10" Length x 14" Width x 0.055" Thickness, Green/Black on White</p><p> -7% 0FF </p><p>$12.72</p><a href="https://www.amazon.com/dp/B01LYBYFTJ?tag=eloabder-20&linkCode=osi&th=1&psc=1">View Product</a></div><div class="product"><a href="https://www.amazon.com/dp/B08HQMBQ79?tag=eloabder-20&linkCode=osi&th=1&psc=1"><img src="https://m.media-amazon.com/images/I/41eP15ePWkL._SL500_.jpg" alt="Product Image"></a><p>CO2 Controller Carbon Dioxide Controller Air Quality Monitor CO2 Meter with Day and Night Control Relay Function, NDIR Sensor Probe Cable, CO2 Detector for Plant, Grow Room, Green House, Garden, Home</p><p> -13% 0FF </p><p>$139.59</p><a href="https://www.amazon.com/dp/B08HQMBQ79?tag=eloabder-20&linkCode=osi&th=1&psc=1">View Product</a></div><div class="product"><a href="https://www.amazon.com/dp/B0CPBKHZNC?tag=eloabder-20&linkCode=osi&th=1&psc=1"><img src="https://m.media-amazon.com/images/I/51jPs5y3CJL._SL500_.jpg" alt="Product Image"></a><p>IUYPKQ Steel Wool for Mice Control - 2 Pack of 3"√ó10Ft Steel Wool, Gap Filter for House & Garage - Keep Mice Away from HolesÔºåSidingÔºåPipelineÔºåVents in Garden, House, 7.04oz (2, 100g)</p><p> -18% 0FF </p><p>$8.20</p><a href="https://www.amazon.com/dp/B0CPBKHZNC?tag=eloabder-20&linkCode=osi&th=1&psc=1">View Product</a></div>

<div class="product"><a href="https://www.amazon.com/dp/B084F3YQMH?tag=eloabder-20&linkCode=osi&th=1&psc=1"><img src="https://m.media-amazon.com/images/I/51XzXeJ5EHS._SL500_.jpg" alt="Product Image"></a><p>Ultrasac Blue Recycling Bags 33 Gallon 0.9 MIL, 33.5" x 38" - Pack of 45 - For Recycling, Kitchen, Industrial, & Commercial</p><p> -37% 0FF </p><p>$15.06 ($0.33 / Count)</p><a href="https://www.amazon.com/dp/B084F3YQMH?tag=eloabder-20&linkCode=osi&th=1&psc=1">View Product</a></div>
<div class="product"><a href="https://www.amazon.com/dp/B09RY35M4S?tag=eloabder-20&linkCode=osi&th=1&psc=1"><img src="https://m.media-amazon.com/images/I/41wjzxrudGL._SL500_.jpg" alt="Product Image"></a><p>Kleenex Lotion Facial Tissues with Coconut Oil, 3 Flat Boxes, 120 Tissues Per Box, 3-Ply</p><p> -9% 0FF </p><p>$5.24 ($1.46 / 100 Sheets)</p><a href="https://www.amazon.com/dp/B09RY35M4S?tag=eloabder-20&linkCode=osi&th=1&psc=1">View Product</a></div><div class="product"><a href="https://www.amazon.com/dp/B09M5XF6JV?tag=eloabder-20&linkCode=osi&th=1&psc=1"><img src="https://m.media-amazon.com/images/I/410w59XOeaL._SL500_.jpg" alt="Product Image"></a><p>Kleenex Ultra Soft Facial Tissues, 4 Cube Boxes, 60 Tissues per Box, 3-Ply (240 Total Tissues), Packaging May Vary</p><p> -12% 0FF </p><p>$6.58 ($2.74 / 100 Sheets)</p><a href="https://www.amazon.com/dp/B09M5XF6JV?tag=eloabder-20&linkCode=osi&th=1&psc=1">View Product</a></div><div class="product"><a href="https://www.amazon.com/dp/B09YKRZR22?tag=eloabder-20&linkCode=osi&th=1&psc=1"><img src="https://m.media-amazon.com/images/I/413kbNG2YCL._SL500_.jpg" alt="Product Image"></a><p>Puffs Plus Lotion Facial Tissues, 8 Family Boxes, 124 Facial Tissues per Box, Allergies and Colds</p><p> -26% 0FF </p><p>$13.28 ($1.34 / 100 Sheets)</p><a href="https://www.amazon.com/dp/B09YKRZR22?tag=eloabder-20&linkCode=osi&th=1&psc=1">View Product</a></div>
<div class="product"><a href="https://www.amazon.com/dp/B0CMTR8NFM?tag=eloabder-20&linkCode=osi&th=1&psc=1"><img src="https://m.media-amazon.com/images/I/418XJgVkJIL._SL500_.jpg" alt="Product Image"></a><p>dalattin 12 Pack A19 LED Bulbs, 9W Equivalent 60 Watts, E26 Base, 5000K Daylight White, 800 LM, Efficient Energy Saving Lights for Living Room, Office, 80+ CRI, 120V, UL Listed</p><p> -6% 0FF </p><p>$15.99 ($1.33 / Count)</p><a href="https://www.amazon.com/dp/B0CMTR8NFM?tag=eloabder-20&linkCode=osi&th=1&psc=1">View Product</a></div><div class="product"><a href="https://www.amazon.com/dp/B0CZHCZ5TL?tag=eloabder-20&linkCode=osi&th=1&psc=1"><img src="https://m.media-amazon.com/images/I/31iJMTbdOTL._SL500_.jpg" alt="Product Image"></a><p>TP-Link Tapo Smart Plug Compatible with Alexa, Google Home & Samsung SmartThings, Energy Monitoring, 15A, ETL Certified, 2.4G Wi-Fi Only, Tapo P110, White</p><p> -27% 0FF </p><p>$10.99</p><a href="https://www.amazon.com/dp/B0CZHCZ5TL?tag=eloabder-20&linkCode=osi&th=1&psc=1">View Product</a></div><div class="product"><a href="https://www.amazon.com/dp/B0CCB442CF?tag=eloabder-20&linkCode=osi&th=1&psc=1"><img src="https://m.media-amazon.com/images/I/31oVkQ9gShL._SL500_.jpg" alt="Product Image"></a><p>DEGNJU A19 LED Light Bulbs, 60 Watt Equivalent LED Bulbs, Soft White 2700K, 800 Lumens, E26 Standard Base, Non-Dimmable, 8.5W Warm White LED Bulbs for Bedroom Living Room, 3 Pack</p><p> -33% 0FF </p><p>$7.98 ($2.66 / Count)</p><a href="https://www.amazon.com/dp/B0CCB442CF?tag=eloabder-20&linkCode=osi&th=1&psc=1">View Product</a></div>
<div class="product"><a href="https://www.amazon.com/dp/B08NX1XYBN?tag=eloabder-20&linkCode=osi&th=1&psc=1"><img src="https://m.media-amazon.com/images/I/51lfim+ZIRL._SL500_.jpg" alt="Product Image"></a><p>DIYSELF 2Pack Utility Knife Box Cutter Retractable Blade Heavy Duty(Red)</p><p> -38% 0FF </p><p>$7.99 ($4.00 / Count)</p><a href="https://www.amazon.com/dp/B08NX1XYBN?tag=eloabder-20&linkCode=osi&th=1&psc=1">View Product</a></div><div class="product"><a href="https://www.amazon.com/dp/B08HCW4V4G?tag=eloabder-20&linkCode=osi&th=1&psc=1"><img src="https://m.media-amazon.com/images/I/51A4GvNLy1S._SL500_.jpg" alt="Product Image"></a><p>HORUSDY 4-Pack Box Cutter Utility Knife, Heavy Duty Aluminum Shell Retractable Box Cutter for Cardboard, Boxes and Cartons, Extra 10 Blades.</p><p> -23% 0FF </p><p>$9.99 ($2.50 / Count)</p><a href="https://www.amazon.com/dp/B08HCW4V4G?tag=eloabder-20&linkCode=osi&th=1&psc=1">View Product</a></div><div class="product"><a href="https://www.amazon.com/dp/B097SXK3FG?tag=eloabder-20&linkCode=osi&th=1&psc=1"><img src="https://m.media-amazon.com/images/I/41QvJkjjQuL._SL500_.jpg" alt="Product Image"></a><p>WORKPRO Premium Utility Knife, Retractable All Metal Heavy Duty Box Cutter, Quick Change Blade Razor Knife, with 10 Extra Blades</p><p> -25% 0FF </p><p>$8.99</p><a href="https://www.amazon.com/dp/B097SXK3FG?tag=eloabder-20&linkCode=osi&th=1&psc=1">View Product</a></div><div class="product"><a href="https://www.amazon.com/dp/B01M27QHE2?tag=eloabder-20&linkCode=osi&th=1&psc=1"><img src="https://m.media-amazon.com/images/I/51ULro8xW3L._SL500_.jpg" alt="Product Image"></a><p>INTERNET'S BEST Premium Utility Knife Set | Retractable Box Cutter with Rubber Handle | Heavy-Duty Cutting for Cardboard, Carpet, Plastic | Retractable Blade | Includes 2 Razor Knives & Extra Blades</p><p> -25% 0FF </p><p>$14.99</p><a href="https://www.amazon.com/dp/B01M27QHE2?tag=eloabder-20&linkCode=osi&th=1&psc=1">View Product</a></div><div class="product"><a href="https://www.amazon.com/dp/B09JYJLQXF?tag=eloabder-20&linkCode=osi&th=1&psc=1"><img src="https://m.media-amazon.com/images/I/51IqddPa30L._SL500_.jpg" alt="Product Image"></a><p>M MEEPO Box Cutter, 4-Pack Tough Folding Box Cutter for Heavy Duty Purpose, Razor Sharp Blade, Comfortable Handle, with Extra 10-Piece Blades, Can cut Drywall, Sheet Plastic, Linoleum, Boxes, Rope</p><p> -31% 0FF </p><p>$10.99 ($2.75 / Count)</p><a href="https://www.amazon.com/dp/B09JYJLQXF?tag=eloabder-20&linkCode=osi&th=1&psc=1">View Product</a></div><div class="product"><a href="https://www.amazon.com/dp/B09K7SJH6X?tag=eloabder-20&linkCode=osi&th=1&psc=1"><img src="https://m.media-amazon.com/images/I/41-bwfYeYRL._SL500_.jpg" alt="Product Image"></a><p>WORKPRO Folding Utility Knife with Stainless Steel Head, Quick-change Blade & Back Lock, Wood Handle Heavy Duty Box Cutter, 1PC Razor Knife with Extra 10PC SK5 Blades</p><p> -25% 0FF </p><p>$14.99</p><a href="https://www.amazon.com/dp/B09K7SJH6X?tag=eloabder-20&linkCode=osi&th=1&psc=1">View Product</a></div><div class="product"><a href="https://www.amazon.com/dp/B07DXTP9M9?tag=eloabder-20&linkCode=osi&th=1&psc=1"><img src="https://m.media-amazon.com/images/I/51DsWoOdb2L._SL500_.jpg" alt="Product Image"></a><p>REXBETI 12-Pack Utility Knife, Retractable Box Cutter for Cartons, Cardboard and Boxes, 18mm Wider Razor Sharp Blade, Smooth Mechanism, Perfect for Office and Home use</p><p> -60% 0FF </p><p>$9.99</p><a href="https://www.amazon.com/dp/B07DXTP9M9?tag=eloabder-20&linkCode=osi&th=1&psc=1">View Product</a></div>
<div class="product"><a href="https://www.amazon.com/dp/B07P6PH5SB?tag=eloabder-20&linkCode=osi&th=1&psc=1"><img src="https://m.media-amazon.com/images/I/41h9Fp94OLL._SL500_.jpg" alt="Product Image"></a><p>3M SecureFit Safety Helmet - Climbing Style Inspired Safety Helmet with 6 Point Suspension System, Non-Vented, White, X5001-ANSI, for Construction and Heavy Infrastructure</p><p> -39% 0FF </p><p>$64.83</p><a href="https://www.amazon.com/dp/B07P6PH5SB?tag=eloabder-20&linkCode=osi&th=1&psc=1">View Product</a></div><div class="product"><a href="https://www.amazon.com/dp/B0DCVQRJCJ?tag=eloabder-20&linkCode=osi&th=1&psc=1"><img src="https://m.media-amazon.com/images/I/41bpS1WjabL._SL500_.jpg" alt="Product Image"></a><p>QYZZRS Generator Interlock Kit Compatible with Eaton Cutler Hammer 100 Amp and 125 Amp Panels Breaker,for Safe Usage of Portable Power During Outage,Professional and Interlock Kit (1)</p><p> -16% 0FF </p><p>$27.59</p><a href="https://www.amazon.com/dp/B0DCVQRJCJ?tag=eloabder-20&linkCode=osi&th=1&psc=1">View Product</a></div><div class="product"><a href="https://www.amazon.com/dp/B00C01W6DG?tag=eloabder-20&linkCode=osi&th=1&psc=1"><img src="https://m.media-amazon.com/images/I/41ajsEzhqeL._SL500_.jpg" alt="Product Image"></a><p>ICC Cat6 Riser 1000ft - UTP 23AWG, 100% Solid Pure Copper, Unshielded CMR, Bulk Ethernet Cable, PoE++, 500MHz, Reelex Pull Box, UL Certified, RoHS and TAA Compliant, Blue</p><p> -9% 0FF </p><p>$142.39</p><a href="https://www.amazon.com/dp/B00C01W6DG?tag=eloabder-20&linkCode=osi&th=1&psc=1">View Product</a></div><div class="product"><a href="https://www.amazon.com/dp/B00QXTXSKQ?tag=eloabder-20&linkCode=osi&th=1&psc=1"><img src="https://m.media-amazon.com/images/I/31dvw-xXqDL._SL500_.jpg" alt="Product Image"></a><p>MSA 10048280 Calibration Cylinder, Aluminium Gas Bottle, 34 Liter, 1.45% CH4, 15% O2, 60 PPM CO, 20 PPM H2S, Galaxy GX2 System Test Stand Compatible, Multi-Use Air Tank</p><p> -11% 0FF </p><p>$364.02</p><a href="https://www.amazon.com/dp/B00QXTXSKQ?tag=eloabder-20&linkCode=osi&th=1&psc=1">View Product</a></div><div class="product"><a href="https://www.amazon.com/dp/B016N3609W?tag=eloabder-20&linkCode=osi&th=1&psc=1"><img src="https://m.media-amazon.com/images/I/31qfvZRAQaL._SL500_.jpg" alt="Product Image"></a><p>MSA 815641 Advantage Respirator Cartridge - Iodine Vapor/P100 (GMI), Quantity: 2 per Pack, Chemical and Combination Air-Purifying Respirator Cartridge</p><p> -38% 0FF </p><p>$22.72 ($11.36 / Count)</p><a href="https://www.amazon.com/dp/B016N3609W?tag=eloabder-20&linkCode=osi&th=1&psc=1">View Product</a></div>
<div class="product"><a href="https://www.amazon.com/dp/B00JKHFR2K?tag=eloabder-20&linkCode=osi&th=1&psc=1"><img src="https://m.media-amazon.com/images/I/31-VtYKPhLL._SL500_.jpg" alt="Product Image"></a><p>Childcraft Construction Paper, 9 x 12 Inches, Assorted Colors, 500 Sheets - 1465886</p><p> -12% 0FF </p><p>$14.02 ($0.03 / Count)</p><a href="https://www.amazon.com/dp/B00JKHFR2K?tag=eloabder-20&linkCode=osi&th=1&psc=1">View Product</a></div><div class="product"><a href="https://www.amazon.com/dp/B07BPWV83H?tag=eloabder-20&linkCode=osi&th=1&psc=1"><img src="https://m.media-amazon.com/images/I/51lp+IIfd7L._SL500_.jpg" alt="Product Image"></a><p>REXBETI Knee Pads for Work, Construction Gel Knee Pads Tools, Heavy Duty Comfortable Anti-slip Foam Knee Pads for Cleaning Flooring and Garden, Strong Stretchable Straps, 1 Pair</p><p> -28% 0FF </p><p>$25.99</p><a href="https://www.amazon.com/dp/B07BPWV83H?tag=eloabder-20&linkCode=osi&th=1&psc=1">View Product</a></div><div class="product"><a href="https://www.amazon.com/dp/B0CQ755FYH?tag=eloabder-20&linkCode=osi&th=1&psc=1"><img src="https://m.media-amazon.com/images/I/41lT80YapPL._SL500_.jpg" alt="Product Image"></a><p>Laser Level with Tripod, Huepar 98Ft Self Leveling Laser Level Green Line Laser Cross Line Laser Leveler Tool for Picture Hanging, Tile, Home Renovation, Indoor Project, Battery&Carrying Bag Included</p><p> -38% 0FF </p><p>$49.99</p><a href="https://www.amazon.com/dp/B0CQ755FYH?tag=eloabder-20&linkCode=osi&th=1&psc=1">View Product</a></div><div class="product"><a href="https://www.amazon.com/dp/B09W8LBWJH?tag=eloabder-20&linkCode=osi&th=1&psc=1"><img src="https://m.media-amazon.com/images/I/4115vnIiXsL._SL500_.jpg" alt="Product Image"></a><p>Deinyi Construction Toddler Utensils - Toddler Forks and Spoons - Kids Spoon and Fork Set - Suitable for Kids Utensils - Baby Utensils, Portable Utensils Set for 1 2 3 4 5 year old Toddlers, Yellow</p><p> -37% 0FF </p><p>$11.99</p><a href="https://www.amazon.com/dp/B09W8LBWJH?tag=eloabder-20&linkCode=osi&th=1&psc=1">View Product</a></div><div class="product"><a href="https://www.amazon.com/dp/B002LARR76?tag=eloabder-20&linkCode=osi&th=1&psc=1"><img src="https://m.media-amazon.com/images/I/31K2j809lBL._SL500_.jpg" alt="Product Image"></a><p>Prang (Formerly SunWorks) Construction Paper, Brown, 9" x 12", 100 Sheets</p><p> -11% 0FF </p><p>$4.27 ($0.04 / Count)</p><a href="https://www.amazon.com/dp/B002LARR76?tag=eloabder-20&linkCode=osi&th=1&psc=1">View Product</a></div>
<div class="product"><a href="https://www.amazon.com/dp/B08GFP7PSK?tag=eloabder-20&linkCode=osi&th=1&psc=1"><img src="https://m.media-amazon.com/images/I/41gooaY8RRL._SL500_.jpg" alt="Product Image"></a><p>BESTAMTOY 36 PCS Wooden Sorting Stacking Rocks Stones,Sensory Toddler Toys Learning Montessori Toys, Building Blocks Game for Kids 3 4 5 6 Years Boy and Girl Birthday Gifts for Kids</p><p> -36% 0FF </p><p>$23.19</p><a href="https://www.amazon.com/dp/B08GFP7PSK?tag=eloabder-20&linkCode=osi&th=1&psc=1">View Product</a></div><div class="product"><a href="https://www.amazon.com/dp/B0CWVT99MF?tag=eloabder-20&linkCode=osi&th=1&psc=1"><img src="https://m.media-amazon.com/images/I/31v6b-LC5ML._SL500_.jpg" alt="Product Image"></a><p>IRWIN Quick-Lift Construction Jack, Hand Lifting Jack Tool, Multifunctional, Lift up to 10" and Lift Capacity 330 lbs (IRHT83100)</p><p> -9% 0FF </p><p>$89.99</p><a href="https://www.amazon.com/dp/B0CWVT99MF?tag=eloabder-20&linkCode=osi&th=1&psc=1">View Product</a></div><div class="product"><a href="https://www.amazon.com/dp/B0BWY4444M?tag=eloabder-20&linkCode=osi&th=1&psc=1"><img src="https://m.media-amazon.com/images/I/51esMBM0unL._SL500_.jpg" alt="Product Image"></a><p>XClifes Labor Saving Handle 2 Pack,15 In Construction Jack, Wall Tile Locator, Multi-Function Height Adjustment Lifting Device, Door Panel Lifting Cabinet Jack,Raised 10 in,Dynamic Load 470 LB</p><p> -69% 0FF </p><p>$43.99</p><a href="https://www.amazon.com/dp/B0BWY4444M?tag=eloabder-20&linkCode=osi&th=1&psc=1">View Product</a></div><div class="product"><a href="https://www.amazon.com/dp/0021402442?tag=eloabder-20&linkCode=osi&th=1&psc=1"><img src="https://m.media-amazon.com/images/I/511QbiOnlIL._SL500_.jpg" alt="Product Image"></a><p>Glencoe Carpentry and Building Construction, Student Edition (CARPENTRY & BLDG CONSTRUCTION)</p><p> -47% 0FF </p><p>$59.50</p><a href="https://www.amazon.com/dp/0021402442?tag=eloabder-20&linkCode=osi&th=1&psc=1">View Product</a></div><div class="product"><a href="https://www.amazon.com/dp/B08R3TW6PD?tag=eloabder-20&linkCode=osi&th=1&psc=1"><img src="https://m.media-amazon.com/images/I/51Ca5qyFUyL._SL500_.jpg" alt="Product Image"></a><p>Coodoo Upgraded Magnetic Blocks Tough Tiles STEM Toys for 3+ Year Old Boys and Girls Learning by Playing Games for Toddlers Kids, Compatible with Major Brands Building Blocks - Starter Set</p><p> -9% 0FF </p><p>$19.99</p><a href="https://www.amazon.com/dp/B08R3TW6PD?tag=eloabder-20&linkCode=osi&th=1&psc=1">View Product</a></div><div class="product"><a href="https://www.amazon.com/dp/B0D17SV1WJ?tag=eloabder-20&linkCode=osi&th=1&psc=1"><img src="https://m.media-amazon.com/images/I/41GZRx1QfVL._SL500_.jpg" alt="Product Image"></a><p>10 Pcs Interlocking Deck Tiles 12" x 12", Patio Flooring Outdoor Waterproof, Acacia Wood Tiles All Weather, Floor Tiles for Balcony, Backyard, Indoor and Outdoor use‚Ä¶ (Espresso)</p><p> -15% 0FF </p><p>$38.99</p><a href="https://www.amazon.com/dp/B0D17SV1WJ?tag=eloabder-20&linkCode=osi&th=1&psc=1">View Product</a></div><div class="product"><a href="https://www.amazon.com/dp/B0CPCZ3V7C?tag=eloabder-20&linkCode=osi&th=1&psc=1"><img src="https://m.media-amazon.com/images/I/51zv+eT4kkL._SL500_.jpg" alt="Product Image"></a><p>Titrot Magnetic Blocks Kids Toys, Large Magnetic Building Sticks STEM Educational Sensory Toy Preschool Learning Montessori Toys for Toddlers Boys Girls Ages 3-8 with 1 Car</p><p> -17% 0FF </p><p>$24.99</p><a href="https://www.amazon.com/dp/B0CPCZ3V7C?tag=eloabder-20&linkCode=osi&th=1&psc=1">View Product</a></div>

<div class="product"><a href="https://www.amazon.com/dp/B0D676KYMV?tag=eloabder-20&linkCode=osi&th=1&psc=1"><img src="https://m.media-amazon.com/images/I/41dhQyG9XZL._SL500_.jpg" alt="Product Image"></a><p>Dimgogo Hexagon LED Garage Ceiling Lights,25 Pack 17280LM Super Bright LED car Lights for Warehouse Basement Workshop Gym Car Detailing Shop Wash Room</p><p> -21% 0FF </p><p>$69.99</p><a href="https://www.amazon.com/dp/B0D676KYMV?tag=eloabder-20&linkCode=osi&th=1&psc=1">View Product</a></div>
<div class="product"><a href="https://www.amazon.com/dp/B0C73SFP11?tag=eloabder-20&linkCode=osi&th=1&psc=1"><img src="https://m.media-amazon.com/images/I/31+p7lB1nDL._SL500_.jpg" alt="Product Image"></a><p>2 Pack, 9 Inch Clear Non-Skid Lazy Susan Organizers - Turntable Rack for Kitchen Cabinet, Pantry Organization and Storage, Fridge, Bathroom Closet, Vanity Countertop Makeup Organizing, Spice Rack</p><p> -32% 0FF </p><p>$12.98</p><a href="https://www.amazon.com/dp/B0C73SFP11?tag=eloabder-20&linkCode=osi&th=1&psc=1">View Product</a></div><div class="product"><a href="https://www.amazon.com/dp/B098991PPP?tag=eloabder-20&linkCode=osi&th=1&psc=1"><img src="https://m.media-amazon.com/images/I/41pFHdubflL._SL500_.jpg" alt="Product Image"></a><p>SpaceAid Heavy Duty Moving Bags, Extra Large Storage Totes W/Backpack Straps Strong Handles & Zippers, Alternative to Moving Boxes, Packing & Moving Supplies, Black (8 Pack)</p><p> -24% 0FF </p><p>$36.99 ($4.62 / Count)</p><a href="https://www.amazon.com/dp/B098991PPP?tag=eloabder-20&linkCode=osi&th=1&psc=1">View Product</a></div>
<div class="product"><a href="https://www.amazon.com/dp/B001JT1LCW?tag=eloabder-20&linkCode=osi&th=1&psc=1"><img src="https://m.media-amazon.com/images/I/41-NrbTtXOL._SL500_.jpg" alt="Product Image"></a><p>Logistic Ratchet Strap, 16ft x 2In, 1000lb</p><p> -37% 0FF </p><p>$11.13</p><a href="https://www.amazon.com/dp/B001JT1LCW?tag=eloabder-20&linkCode=osi&th=1&psc=1">View Product</a></div>
<div class="product"><a href="https://www.amazon.com/dp/B07MM6D6H8?tag=eloabder-20&linkCode=osi&th=1&psc=1"><img src="https://m.media-amazon.com/images/I/51-5i+GLJFL._SL500_.jpg" alt="Product Image"></a><p>edxeducation Transport Counters - Mini Jar - Set of 36 - Learn Counting, Colors, Sorting and Sequencing - Hands-on Math Manipulative for Kids</p><p> -6% 0FF </p><p>$12.66</p><a href="https://www.amazon.com/dp/B07MM6D6H8?tag=eloabder-20&linkCode=osi&th=1&psc=1">View Product</a></div><div class="product"><a href="https://www.amazon.com/dp/B0058ORV6Y?tag=eloabder-20&linkCode=osi&th=1&psc=1"><img src="https://m.media-amazon.com/images/I/415rpz1mnxL._SL500_.jpg" alt="Product Image"></a><p>Didax Educational Resources Transportation Counters, 72</p><p> -31% 0FF </p><p>$14.50</p><a href="https://www.amazon.com/dp/B0058ORV6Y?tag=eloabder-20&linkCode=osi&th=1&psc=1">View Product</a></div><div class="product"><a href="https://www.amazon.com/dp/B0BWNRKN6Y?tag=eloabder-20&linkCode=osi&th=1&psc=1"><img src="https://m.media-amazon.com/images/I/51Fau8rx1IL._SL500_.jpg" alt="Product Image"></a><p>Reusable Sticker Book for Kids, Vehicles Truck Stickers Educational Learning Toys Travel Stickers Activity Books for Toddler Girls Boys Age 3+ Birthday Gifts</p><p> -34% 0FF </p><p>$5.95</p><a href="https://www.amazon.com/dp/B0BWNRKN6Y?tag=eloabder-20&linkCode=osi&th=1&psc=1">View Product</a></div>
<div class="product"><a href="https://www.amazon.com/dp/B0BLTY38V7?tag=eloabder-20&linkCode=osi&th=1&psc=1"><img src="https://m.media-amazon.com/images/I/31zmVFnuy3L._SL500_.jpg" alt="Product Image"></a><p>SWEETAPRIL Slow Moving Vehicle Sign, Rust Free Aluminum Slow Moving Vehicle Triangle Signs, 14"X16", 40-Mil Thick Diamond Grade Reflective For Golf Cart, For Golf Cart, Tractor, Utv, Safety Signs</p><p> -47% 0FF </p><p>$9.99</p><a href="https://www.amazon.com/dp/B0BLTY38V7?tag=eloabder-20&linkCode=osi&th=1&psc=1">View Product</a></div><div class="product"><a href="https://www.amazon.com/dp/B0D9NXPMMR?tag=eloabder-20&linkCode=osi&th=1&psc=1"><img src="https://m.media-amazon.com/images/I/418RV63IwdL._SL500_.jpg" alt="Product Image"></a><p>Mini Car Trash Can Bin with Lid and One Roll Plastic Trash Bags, Small Car Garbage Can Leakproof Car Accessories Trash Bin Car Dustbin Organizer Container for Car, Vehicle, Office, Home</p><p> -16% 0FF </p><p>$9.98</p><a href="https://www.amazon.com/dp/B0D9NXPMMR?tag=eloabder-20&linkCode=osi&th=1&psc=1">View Product</a></div><div class="product"><a href="https://www.amazon.com/dp/B000UHP9EU?tag=eloabder-20&linkCode=osi&th=1&psc=1"><img src="https://m.media-amazon.com/images/I/31wK9xXH7wL._SL500_.jpg" alt="Product Image"></a><p>FIRST ALERT AUTOMAR10 Car and Marine Fire Extinguisher, FE10GR, UL RATED 10-B:C, White, 1-Pack</p><p> -32% 0FF </p><p>$26.44</p><a href="https://www.amazon.com/dp/B000UHP9EU?tag=eloabder-20&linkCode=osi&th=1&psc=1">View Product</a></div><div class="product"><a href="https://www.amazon.com/dp/B0CQSH2J4R?tag=eloabder-20&linkCode=osi&th=1&psc=1"><img src="https://m.media-amazon.com/images/I/41NenTedbdL._SL500_.jpg" alt="Product Image"></a><p>Yaocom 1 Set Slow Moving Vehicle Sign with Mounting Bracket 14 x 16 Inch Slow Moving Vehicle Triangle Signs Aluminum Slow Sign Warning Triangles for Vehicles Golf Cart Tractor Outdoor Accessories</p><p> -5% 0FF </p><p>$18.99</p><a href="https://www.amazon.com/dp/B0CQSH2J4R?tag=eloabder-20&linkCode=osi&th=1&psc=1">View Product</a></div><div class="product"><a href="https://www.amazon.com/dp/B000P0DPGQ?tag=eloabder-20&linkCode=osi&th=1&psc=1"><img src="https://m.media-amazon.com/images/I/41S75Iev+4L._SL500_.jpg" alt="Product Image"></a><p>FIRST ALERT AUTO5 Car Fire Extinguisher, FESA5, UL RATED 5-B:C, Red, 1-Pack</p><p> -39% 0FF </p><p>$23.77</p><a href="https://www.amazon.com/dp/B000P0DPGQ?tag=eloabder-20&linkCode=osi&th=1&psc=1">View Product</a></div><div class="product"><a href="https://www.amazon.com/dp/B00CGSF4F0?tag=eloabder-20&linkCode=osi&th=1&psc=1"><img src="https://m.media-amazon.com/images/I/41O8ARwr2cL._SL500_.jpg" alt="Product Image"></a><p>BAZIC 12 X 16 Inches Sale Sign, 2-Line (L-2)</p><p> -12% 0FF </p><p>$5.13</p><a href="https://www.amazon.com/dp/B00CGSF4F0?tag=eloabder-20&linkCode=osi&th=1&psc=1">View Product</a></div>
<div class="product"><a href="https://www.amazon.com/dp/B0829D1D7V?tag=eloabder-20&linkCode=osi&th=1&psc=1"><img src="https://m.media-amazon.com/images/I/51J7vVLjl6L._SL500_.jpg" alt="Product Image"></a><p>2-Pack Bubble Cushioning Nylon Wrap Rolls, 3/16" x 12" x 72' ft Total, Perforated Every 12", 20 Fragile Stickers for Packaging, Shipping, Mailing</p><p> -15% 0FF </p><p>$15.50 ($7.75 / Count)</p><a href="https://www.amazon.com/dp/B0829D1D7V?tag=eloabder-20&linkCode=osi&th=1&psc=1">View Product</a></div><div class="product"><a href="https://www.amazon.com/dp/B09GPNQCW4?tag=eloabder-20&linkCode=osi&th=1&psc=1"><img src="https://m.media-amazon.com/images/I/416VMuii7+L._SL500_.jpg" alt="Product Image"></a><p>Donyson Frosted T Shirt Bags 10x13, 100 Pack Clear Bags for Packaging, Package Bags, Packaging Bags for Small Business, Shipping Bags with Handle</p><p> -5% 0FF </p><p>$20.99 ($0.21 / Count)</p><a href="https://www.amazon.com/dp/B09GPNQCW4?tag=eloabder-20&linkCode=osi&th=1&psc=1">View Product</a></div><div class="product"><a href="https://www.amazon.com/dp/B000J07BRQ?tag=eloabder-20&linkCode=osi&th=1&psc=1"><img src="https://m.media-amazon.com/images/I/517ZAgVhtNL._SL500_.jpg" alt="Product Image"></a><p>Scotch Heavy Duty Shipping and Moving Packing Tape, Clear, Packing and Moving Supplies, 1.88 in. x 22.2 yd., 6 Tape Rolls with Dispensers</p><p> -31% 0FF </p><p>$13.88</p><a href="https://www.amazon.com/dp/B000J07BRQ?tag=eloabder-20&linkCode=osi&th=1&psc=1">View Product</a></div>

<div class="product"><a href="https://www.amazon.com/dp/B09ZV2364K?tag=eloabder-20&linkCode=osi&th=1&psc=1"><img src="https://m.media-amazon.com/images/I/41Ts3dr3u3L._SL500_.jpg" alt="Product Image"></a><p>DEKOPRO Submersible Water Pump 1/3 HP 2450GPH Utility Pump Thermoplastic Electric Portable Transfer Water Pump with 10-Foot Cord for Pool Tub Garden Pond Draining</p><p> -32% 0FF </p><p>$40.99</p><a href="https://www.amazon.com/dp/B09ZV2364K?tag=eloabder-20&linkCode=osi&th=1&psc=1">View Product</a></div><div class="product"><a href="https://www.amazon.com/dp/B0CRKY91RW?tag=eloabder-20&linkCode=osi&th=1&psc=1"><img src="https://m.media-amazon.com/images/I/31v5rVK5BPL._SL500_.jpg" alt="Product Image"></a><p>Sump Pump Submersible 1.4HP 4800GPH Water Pump Electric for Portable Transfer Water Pump Sump Pumps Utility Pump with 8 Accessories for Pool Draining Basement, 120 Voltage</p><p> -21% 0FF </p><p>$49.00</p><a href="https://www.amazon.com/dp/B0CRKY91RW?tag=eloabder-20&linkCode=osi&th=1&psc=1">View Product</a></div><div class="product"><a href="https://www.amazon.com/dp/B09Y918453?tag=eloabder-20&linkCode=osi&th=1&psc=1"><img src="https://m.media-amazon.com/images/I/41rSFmVH4hL._SL500_.jpg" alt="Product Image"></a><p>FOTING Sump Pump 1HP 3960 GPH for Clean/Dirty Water Use, Thermoplastic Submersible Water Pump Utility Electric Portable Transfer Pump for Swimming Pool Garden Pond Basement Window Wells with 25ft Cord</p><p> -14% 0FF </p><p>$66.99</p><a href="https://www.amazon.com/dp/B09Y918453?tag=eloabder-20&linkCode=osi&th=1&psc=1">View Product</a></div>
<div class="product"><a href="https://www.amazon.com/dp/B085RV5SRY?tag=eloabder-20&linkCode=osi&th=1&psc=1"><img src="https://m.media-amazon.com/images/I/41Irw5yYT4L._SL500_.jpg" alt="Product Image"></a><p>(Pack of 10) EFIELD 1/2 Inch Pex Crimp Brass Full Port Shut-off Ball Valve for Hot and Cold Water, UPC Certified</p><p> -35% 0FF </p><p>$29.95 ($3.00 / Count)</p><a href="https://www.amazon.com/dp/B085RV5SRY?tag=eloabder-20&linkCode=osi&th=1&psc=1">View Product</a></div>
<div class="product"><a href="https://www.amazon.com/dp/B07MTK9Y31?tag=eloabder-20&linkCode=osi&th=1&psc=1"><img src="https://m.media-amazon.com/images/I/41w52vo9Q9L._SL500_.jpg" alt="Product Image"></a><p>GeilSpace 6 Pack 3/4" √ó 12" Pre-Cut Black Metal Pipe, Industrial Steel Fits Standard Three Quarters Inch Black Threaded Pipes and Fittings - Vintage DIY Industrial Shelving (3/4" √ó 12", Black)</p><p> -19% 0FF </p><p>$21.99 ($3.66 / Count)</p><a href="https://www.amazon.com/dp/B07MTK9Y31?tag=eloabder-20&linkCode=osi&th=1&psc=1">View Product</a></div><div class="product"><a href="https://www.amazon.com/dp/B000OHANEM?tag=eloabder-20&linkCode=osi&th=1&psc=1"><img src="https://m.media-amazon.com/images/I/51G4C0ueewL._SL500_.jpg" alt="Product Image"></a><p>Flex-Drain 51710 Flexible/Expandable Solid Drainage Pipe, 3.37in (Inside Diameter) by 12ft</p><p> -16% 0FF </p><p>$14.27</p><a href="https://www.amazon.com/dp/B000OHANEM?tag=eloabder-20&linkCode=osi&th=1&psc=1">View Product</a></div><div class="product"><a href="https://www.amazon.com/dp/B0009PU9CK?tag=eloabder-20&linkCode=osi&th=1&psc=1"><img src="https://m.media-amazon.com/images/I/31NqDYLrlqL._SL500_.jpg" alt="Product Image"></a><p>Rectorseal 25790 1-3/4-Ounce Tube No.5 Pipe Thread Sealant</p><p> -20% 0FF </p><p>$4.63 ($2.63 / Ounce)</p><a href="https://www.amazon.com/dp/B0009PU9CK?tag=eloabder-20&linkCode=osi&th=1&psc=1">View Product</a></div><div class="product"><a href="https://www.amazon.com/dp/B06XDK78GQ?tag=eloabder-20&linkCode=osi&th=1&psc=1"><img src="https://m.media-amazon.com/images/I/41h6Lm9j-EL._SL500_.jpg" alt="Product Image"></a><p>Hiware Drinking Straw Cleaner Brush Kit - (3-Size) 9-Piece Extra Long Pipe Cleaners, Straw Cleaning Brush For Tumbler, Sippy Cup, Bottle and Tube</p><p> -38% 0FF </p><p>$4.99</p><a href="https://www.amazon.com/dp/B06XDK78GQ?tag=eloabder-20&linkCode=osi&th=1&psc=1">View Product</a></div><div class="product"><a href="https://www.amazon.com/dp/B0D75YFQYX?tag=eloabder-20&linkCode=osi&th=1&psc=1"><img src="https://m.media-amazon.com/images/I/31eJKO5QnML._SL500_.jpg" alt="Product Image"></a><p>3/4 inch Water Pipe Repair Clamp,Emergency Pipe Repair Kit for Plastic and Metal Pipes,Suitable for PE/PVC pipe repair,Steel Pipes,Iron Pipes(19mm-21mm)</p><p> -20% 0FF </p><p>$9.99</p><a href="https://www.amazon.com/dp/B0D75YFQYX?tag=eloabder-20&linkCode=osi&th=1&psc=1">View Product</a></div>
<div class="product"><a href="https://www.amazon.com/dp/B098LMBLNW?tag=eloabder-20&linkCode=osi&th=1&psc=1"><img src="https://m.media-amazon.com/images/I/51g1okYsY5L._SL500_.jpg" alt="Product Image"></a><p>1/2" Pex Fittings, SUNGATOR 45 PCS 1/2 Inch Pex Fittings Set, 15 Each Elbow Tee Coupling Pex Fittings for Pex Pipe, No Lead Brass, ASTM F1807</p><p> -8% 0FF </p><p>$33.99</p><a href="https://www.amazon.com/dp/B098LMBLNW?tag=eloabder-20&linkCode=osi&th=1&psc=1">View Product</a></div><div class="product"><a href="https://www.amazon.com/dp/B0C3HBKCBY?tag=eloabder-20&linkCode=osi&th=1&psc=1"><img src="https://m.media-amazon.com/images/I/51PQ+3I4XiL._SL500_.jpg" alt="Product Image"></a><p>KOOTANS 66pcs Brass Pipe Fittings Assortment NPT Adapter Fitting, Reducer Bushing, Hex Nipple, Reducing Hex Coupling, Pipe Head Brass Plug Kit</p><p> -13% 0FF </p><p>$69.99</p><a href="https://www.amazon.com/dp/B0C3HBKCBY?tag=eloabder-20&linkCode=osi&th=1&psc=1">View Product</a></div>
<div class="product"><a href="https://www.amazon.com/dp/B08G1B6Z73?tag=eloabder-20&linkCode=osi&th=1&psc=1"><img src="https://m.media-amazon.com/images/I/41fPrg-ewYS._SL500_.jpg" alt="Product Image"></a><p>SANFU Polyurethane Recoil Air Compressor Hose 1/4"ID x 25FT Long Tail with Bend Restrictor,1/4‚Äù MNPT Fittings Brass Quick Coupler and Plug, Blue(25')</p><p> -50% 0FF </p><p>$8.99 ($0.36 / Foot)</p><a href="https://www.amazon.com/dp/B08G1B6Z73?tag=eloabder-20&linkCode=osi&th=1&psc=1">View Product</a></div><div class="product"><a href="https://www.amazon.com/dp/B0D227WPF7?tag=eloabder-20&linkCode=osi&th=1&psc=1"><img src="https://m.media-amazon.com/images/I/41YwBSYYHuL._SL500_.jpg" alt="Product Image"></a><p>SANFU Polyurethane(PU) Air Hose 1/4-Inch x 100ft Reinforced, lightweight, Flexible, 300PSI With 1/4‚Äù Swivel Aluminum Universal 3IN1 Coupler and Plug, 1PCS Safery Coupler, Bend Restrictor</p><p> -50% 0FF </p><p>$25.99 ($0.26 / Foot)</p><a href="https://www.amazon.com/dp/B0D227WPF7?tag=eloabder-20&linkCode=osi&th=1&psc=1">View Product</a></div><div class="product"><a href="https://www.amazon.com/dp/B09W4KSB5X?tag=eloabder-20&linkCode=osi&th=1&psc=1"><img src="https://m.media-amazon.com/images/I/51w1yQMw7aL._SL500_.jpg" alt="Product Image"></a><p>DAVCO 1/2" ID x 25 ft PVC Reinforced Tubing With Spiral Steel Wire, High Pressure Flexible Vinyl Hose Heavy Duty Clear Suction Tube,Non-Toxic, Vacuum Dust Collection Pipe</p><p> -50% 0FF </p><p>$16.99 ($0.68 / Foot)</p><a href="https://www.amazon.com/dp/B09W4KSB5X?tag=eloabder-20&linkCode=osi&th=1&psc=1">View Product</a></div>

<div class="product"><a href="https://www.amazon.com/dp/B0CYYYZRV9?tag=eloabder-20&linkCode=osi&th=1&psc=1"><img src="https://m.media-amazon.com/images/I/41glXO+YSbL._SL500_.jpg" alt="Product Image"></a><p>YAMASO 20 Pcs 608 2RS Ball Bearings ‚Äì Bearing Steel and Double Rubber Sealed Miniature Deep Groove Ball Bearings (8mm x 22mm x 7mm)</p><p> -8% 0FF </p><p>$5.49</p><a href="https://www.amazon.com/dp/B0CYYYZRV9?tag=eloabder-20&linkCode=osi&th=1&psc=1">View Product</a></div><div class="product"><a href="https://www.amazon.com/dp/B09PKD8QZZ?tag=eloabder-20&linkCode=osi&th=1&psc=1"><img src="https://m.media-amazon.com/images/I/41BYfJNmMoL._SL500_.jpg" alt="Product Image"></a><p>SHKI 20 Pcs 608 2RS Ball Bearings ‚Äì Bearing Steel and Double Rubber Sealed Miniature Deep Groove Ball Bearings (8mm x 22mm x 7mm) (608 2RS)</p><p> -40% 0FF </p><p>$5.99 ($0.30 / Count)</p><a href="https://www.amazon.com/dp/B09PKD8QZZ?tag=eloabder-20&linkCode=osi&th=1&psc=1">View Product</a></div><div class="product"><a href="https://www.amazon.com/dp/B073ST742Z?tag=eloabder-20&linkCode=osi&th=1&psc=1"><img src="https://m.media-amazon.com/images/I/51dWjQm393L._SL500_.jpg" alt="Product Image"></a><p>100 Pack 608-2RS Skateboard Bearing, Rolling Bearings, 8x22x7mm 608rs Bearing</p><p> -11% 0FF </p><p>$17.79</p><a href="https://www.amazon.com/dp/B073ST742Z?tag=eloabder-20&linkCode=osi&th=1&psc=1">View Product</a></div><div class="product"><a href="https://www.amazon.com/dp/B07216D1SZ?tag=eloabder-20&linkCode=osi&th=1&psc=1"><img src="https://m.media-amazon.com/images/I/41P6KPblNDL._SL500_.jpg" alt="Product Image"></a><p>Sackorange 608 ZZ Skateboard Bearings, Double Shielded,8x22x7 Miniature Ball BearingsÔºàPack of 20)</p><p> -29% 0FF </p><p>$7.79</p><a href="https://www.amazon.com/dp/B07216D1SZ?tag=eloabder-20&linkCode=osi&th=1&psc=1">View Product</a></div>
<div class="product"><a href="https://www.amazon.com/dp/B09KRGTLVM?tag=eloabder-20&linkCode=osi&th=1&psc=1"><img src="https://m.media-amazon.com/images/I/41zMlgeopqL._SL500_.jpg" alt="Product Image"></a><p>Vevitts Small Brushed Permanent Magnet Electric Motor for E Scooter Drive Speed Control 24V 350W 3000RPM</p><p> -20% 0FF </p><p>$39.98</p><a href="https://www.amazon.com/dp/B09KRGTLVM?tag=eloabder-20&linkCode=osi&th=1&psc=1">View Product</a></div><div class="product"><a href="https://www.amazon.com/dp/B01M58POHF?tag=eloabder-20&linkCode=osi&th=1&psc=1"><img src="https://m.media-amazon.com/images/I/41dQTChYsBL._SL500_.jpg" alt="Product Image"></a><p>AUTOTOOLHOME 6-12V Mini DC Motor High Torque Gear for Traxxas R/C and Power Wheels PCB DIY Electric Drill</p><p> -23% 0FF </p><p>$6.89</p><a href="https://www.amazon.com/dp/B01M58POHF?tag=eloabder-20&linkCode=osi&th=1&psc=1">View Product</a></div><div class="product"><a href="https://www.amazon.com/dp/B072R5G5GR?tag=eloabder-20&linkCode=osi&th=1&psc=1"><img src="https://m.media-amazon.com/images/I/41Z6ru+wWIL._SL500_.jpg" alt="Product Image"></a><p>Greartisan DC 12V 550RPM Gear Motor High Torque Electric Micro Speed Reduction Geared Motor Centric Output Shaft 37mm Diameter Gearbox</p><p> -6% 0FF </p><p>$14.99</p><a href="https://www.amazon.com/dp/B072R5G5GR?tag=eloabder-20&linkCode=osi&th=1&psc=1">View Product</a></div><div class="product"><a href="https://www.amazon.com/dp/B0CZVH445F?tag=eloabder-20&linkCode=osi&th=1&psc=1"><img src="https://m.media-amazon.com/images/I/51cTdXLKa7L._SL500_.jpg" alt="Product Image"></a><p>6Pcs 280 Micro DC Motors 3V-12V 13500RPM 0.5A with 2.8mm Insulated Connector & 6inch 20AWG Wire for RC Boat, DIY Airplane, Model Toys, 12V DC Motor Compatible</p><p> -23% 0FF </p><p>$9.99</p><a href="https://www.amazon.com/dp/B0CZVH445F?tag=eloabder-20&linkCode=osi&th=1&psc=1">View Product</a></div>
<div class="product"><a href="https://www.amazon.com/dp/B07L7XCSDW?tag=eloabder-20&linkCode=osi&th=1&psc=1"><img src="https://m.media-amazon.com/images/I/31lErudRYvL._SL500_.jpg" alt="Product Image"></a><p>DC HOUSE 12 Inch 12" High Speed 14mm/s Linear Actuator Motor 1000N DC12V with Mounting Brackets</p><p> -7% 0FF </p><p>$39.98</p><a href="https://www.amazon.com/dp/B07L7XCSDW?tag=eloabder-20&linkCode=osi&th=1&psc=1">View Product</a></div><div class="product"><a href="https://www.amazon.com/dp/B07X3Z68GV?tag=eloabder-20&linkCode=osi&th=1&psc=1"><img src="https://m.media-amazon.com/images/I/41j8dmqKsnS._SL500_.jpg" alt="Product Image"></a><p>Electric Micro Linear Actuator 12V - 1.2" Stroke, 64N/14.4lb, Speed 0.6inch/s Mini Waterproof Motion Actuator Small 12 V DC, w/Mounting Brackets, for Sofa Robotic TV Table Cabinet Window Opener Lift</p><p> -16% 0FF </p><p>$30.99 ($19.37 / oz)</p><a href="https://www.amazon.com/dp/B07X3Z68GV?tag=eloabder-20&linkCode=osi&th=1&psc=1">View Product</a></div><div class="product"><a href="https://www.amazon.com/dp/B0CRV927YC?tag=eloabder-20&linkCode=osi&th=1&psc=1"><img src="https://m.media-amazon.com/images/I/41dEUHSH6sL._SL500_.jpg" alt="Product Image"></a><p>ECO-WORTHY Linear Actuator Heavy Duty 3000N/660lbs with Mounting Brackets Multi-Function (12V, 12")</p><p> -18% 0FF </p><p>$59.99</p><a href="https://www.amazon.com/dp/B0CRV927YC?tag=eloabder-20&linkCode=osi&th=1&psc=1">View Product</a></div>
<div class="product"><a href="https://www.amazon.com/dp/B07H8GL44M?tag=eloabder-20&linkCode=osi&th=1&psc=1"><img src="https://m.media-amazon.com/images/I/41TaGFITM0L._SL500_.jpg" alt="Product Image"></a><p>FAERSI 22680-7S000 AF10141 for 2003-2014 Altima & 2006-14 Maxima & 07-13 Sentra & 05-15 Xterra & 2003-2015 Murano | Infiniti 08-13 G37 & 05-08 G35 & More MAF Mass Air Flow Sensor</p><p> -30% 0FF </p><p>$21.68</p><a href="https://www.amazon.com/dp/B07H8GL44M?tag=eloabder-20&linkCode=osi&th=1&psc=1">View Product</a></div><div class="product"><a href="https://www.amazon.com/dp/B08TRKL94H?tag=eloabder-20&linkCode=osi&th=1&psc=1"><img src="https://m.media-amazon.com/images/I/314giu3g36L._SL500_.jpg" alt="Product Image"></a><p>Carbon Monoxide Detector,CO Gas Monitor Alarm Detector,CO Sensor with LED Digital Display for Home,Depot,Battery Powered</p><p> -5% 0FF </p><p>$11.99</p><a href="https://www.amazon.com/dp/B08TRKL94H?tag=eloabder-20&linkCode=osi&th=1&psc=1">View Product</a></div><div class="product"><a href="https://www.amazon.com/dp/B092HK5NJB?tag=eloabder-20&linkCode=osi&th=1&psc=1"><img src="https://m.media-amazon.com/images/I/41RyuQ28lQS._SL500_.jpg" alt="Product Image"></a><p>Marsflex TPMS Sensor, 13598772 for GM 315Mhz, Tire Pressure Monitoring Sensor Compatible with Buick Chevy Cadillac GMC, Tire Pressure Sensor Replacement 13586335,13598771 4 Pack</p><p> -21% 0FF </p><p>$23.81</p><a href="https://www.amazon.com/dp/B092HK5NJB?tag=eloabder-20&linkCode=osi&th=1&psc=1">View Product</a></div><div class="product"><a href="https://www.amazon.com/dp/B0DCBDS359?tag=eloabder-20&linkCode=osi&th=1&psc=1"><img src="https://m.media-amazon.com/images/I/519A7-IMkBL._SL500_.jpg" alt="Product Image"></a><p>Dual Knock Sensors with Wiring Harness and Intake Manifold Gasket Kit | for Chevy Silverado Avalanche Tahoe, GMC Sierra Yukon, Cadillac Hummer & More GM Vehicles | Replace# 12601822,213-3521,89060413</p><p> -6% 0FF </p><p>$33.99</p><a href="https://www.amazon.com/dp/B0DCBDS359?tag=eloabder-20&linkCode=osi&th=1&psc=1">View Product</a></div><div class="product"><a href="https://www.amazon.com/dp/B0CZP2DRW1?tag=eloabder-20&linkCode=osi&th=1&psc=1"><img src="https://m.media-amazon.com/images/I/31CtLXOX-tL._SL500_.jpg" alt="Product Image"></a><p>Mass Air Flow Sensor MAF Fit for 2007-2009 Avalanche Yukon Tahoe Sierra Silverado Suburban 1500 2500 3500 Replace 2451149 MA198 7410146 5S8048 15900023</p><p> -5% 0FF </p><p>$40.99</p><a href="https://www.amazon.com/dp/B0CZP2DRW1?tag=eloabder-20&linkCode=osi&th=1&psc=1">View Product</a></div>
<div class="product"><a href="https://www.amazon.com/dp/B0002YXE7K?tag=eloabder-20&linkCode=osi&th=1&psc=1"><img src="https://m.media-amazon.com/images/I/41hV+B-cOEL._SL500_.jpg" alt="Product Image"></a><p>Titebond, 8 oz, 8 Fl Oz</p><p> -46% 0FF </p><p>$6.51 ($0.81 / Fl Oz)</p><a href="https://www.amazon.com/dp/B0002YXE7K?tag=eloabder-20&linkCode=osi&th=1&psc=1">View Product</a></div><div class="product"><a href="https://www.amazon.com/dp/B077Z6LF91?tag=eloabder-20&linkCode=osi&th=1&psc=1"><img src="https://m.media-amazon.com/images/I/41IeFkWcsyL._SL500_.jpg" alt="Product Image"></a><p>APERA INSTRUMENTS AI209-T Value Series PH20 pH Tester Combo Kit, including the Maintenance Set, and a CalPod Solution Holder for Easy Calibration</p><p> -25% 0FF </p><p>$79.13</p><a href="https://www.amazon.com/dp/B077Z6LF91?tag=eloabder-20&linkCode=osi&th=1&psc=1">View Product</a></div><div class="product"><a href="https://www.amazon.com/dp/B09JV7Y9SZ?tag=eloabder-20&linkCode=osi&th=1&psc=1"><img src="https://m.media-amazon.com/images/I/31TckTV+diL._SL500_.jpg" alt="Product Image"></a><p>Dental Code Rings Instrument 100pcs Dental Color Code Rings Non‚Äë Silicone Dental Color Code Rings Accessory Supplies(02)</p><p> -32% 0FF </p><p>$4.29 ($4.29 / Count)</p><a href="https://www.amazon.com/dp/B09JV7Y9SZ?tag=eloabder-20&linkCode=osi&th=1&psc=1">View Product</a></div>
<div class="product"><a href="https://www.amazon.com/dp/B01NASZ0UM?tag=eloabder-20&linkCode=osi&th=1&psc=1"><img src="https://m.media-amazon.com/images/I/31MgtNuzDdL._SL500_.jpg" alt="Product Image"></a><p>BN-LINK Wireless Remote Control Electrical Outlet Switch for Lights, Fans, Christmas Lights, Small Appliance, Long Range White (Learning Code, 3Rx-1Tx) 1200W/10A</p><p> -43% 0FF </p><p>$16.99</p><a href="https://www.amazon.com/dp/B01NASZ0UM?tag=eloabder-20&linkCode=osi&th=1&psc=1">View Product</a></div><div class="product"><a href="https://www.amazon.com/dp/B0CTH8XDKW?tag=eloabder-20&linkCode=osi&th=1&psc=1"><img src="https://m.media-amazon.com/images/I/31-PaaCxdfL._SL500_.jpg" alt="Product Image"></a><p>DEWENWILS Indoor Remote Control Outlet, Wireless Remote Outlets Switch, 200FT Range, Remote Light Switch for Lights, Fans, Christmas Lights, 15A/1800WÔºåFCC & ETL Listed (5 Outlets + 2 Remotes)</p><p> -19% 0FF </p><p>$23.39</p><a href="https://www.amazon.com/dp/B0CTH8XDKW?tag=eloabder-20&linkCode=osi&th=1&psc=1">View Product</a></div><div class="product"><a href="https://www.amazon.com/dp/B072F9DGRL?tag=eloabder-20&linkCode=osi&th=1&psc=1"><img src="https://m.media-amazon.com/images/I/417lNJFodCS._SL500_.jpg" alt="Product Image"></a><p>Fosmon WavePoint Wireless Remote Control Outdoor Electrical Outlet Switch Weatherproof Heavy Duty 3-Prong Plug-in ETL Listed (Battery Included) 1 Pack</p><p> -50% 0FF </p><p>$11.08</p><a href="https://www.amazon.com/dp/B072F9DGRL?tag=eloabder-20&linkCode=osi&th=1&psc=1">View Product</a></div><div class="product"><a href="https://www.amazon.com/dp/B09X2W2TRT?tag=eloabder-20&linkCode=osi&th=1&psc=1"><img src="https://m.media-amazon.com/images/I/31PoJZqeG-L._SL500_.jpg" alt="Product Image"></a><p>DEWENWILS Indoor Remote Control Outlet, Wireless Remote Light Switch, No Interference Remote Outlet Switch, No Wiring, 15A/1875W, 100ft RF Range, Compact Design, Programmable</p><p> -11% 0FF </p><p>$12.99</p><a href="https://www.amazon.com/dp/B09X2W2TRT?tag=eloabder-20&linkCode=osi&th=1&psc=1">View Product</a></div><div class="product"><a href="https://www.amazon.com/dp/B07CYKNDC2?tag=eloabder-20&linkCode=osi&th=1&psc=1"><img src="https://m.media-amazon.com/images/I/31Fu9a5ikOL._SL500_.jpg" alt="Product Image"></a><p>BN-LINK Mini Wireless Remote Control Outlet Switch Power Plug In for Household Appliances, Wireless Remote Light Switch, LED Light Bulbs, White (1 Remote + 3 Outlet) 1250W/10A</p><p> -11% 0FF </p><p>$15.99</p><a href="https://www.amazon.com/dp/B07CYKNDC2?tag=eloabder-20&linkCode=osi&th=1&psc=1">View Product</a></div>
<div class="product"><a href="https://www.amazon.com/dp/B01AKGRTUM?tag=eloabder-20&linkCode=osi&th=1&psc=1"><img src="https://m.media-amazon.com/images/I/41UKqiyvz6L._SL500_.jpg" alt="Product Image"></a><p>Oral-B Pro 1000 Rechargeable Electric Toothbrush, Black</p><p> -29% 0FF </p><p>$49.94</p><a href="https://www.amazon.com/dp/B01AKGRTUM?tag=eloabder-20&linkCode=osi&th=1&psc=1">View Product</a></div><div class="product"><a href="https://www.amazon.com/dp/B0D6Y9PJJ3?tag=eloabder-20&linkCode=osi&th=1&psc=1"><img src="https://m.media-amazon.com/images/I/31CUz26rR-L._SL500_.jpg" alt="Product Image"></a><p>3Pack Car Carplay Cable for iPhone 16 15 Pro Max 15 Plus Car Charger, USB to USB C Cable 3FT for Car Charger Adapter, Carplay USB C Cord Accessories Charging for iPad 10th Gen/iPad Pro Air 5th-White</p><p> -30% 0FF </p><p>$13.99</p><a href="https://www.amazon.com/dp/B0D6Y9PJJ3?tag=eloabder-20&linkCode=osi&th=1&psc=1">View Product</a></div><div class="product"><a href="https://www.amazon.com/dp/B07DFFYCXS?tag=eloabder-20&linkCode=osi&th=1&psc=1"><img src="https://m.media-amazon.com/images/I/41NIsYLJG1L._SL500_.jpg" alt="Product Image"></a><p>Digital Caliper, Adoric 0-6" Calipers Measuring Tool - Electronic Micrometer Caliper with Large LCD Screen, Auto-Off Feature, Inch and Millimeter Conversion</p><p> -42% 0FF </p><p>$6.99</p><a href="https://www.amazon.com/dp/B07DFFYCXS?tag=eloabder-20&linkCode=osi&th=1&psc=1">View Product</a></div><div class="product"><a href="https://www.amazon.com/dp/B0CR3S4Y5V?tag=eloabder-20&linkCode=osi&th=1&psc=1"><img src="https://m.media-amazon.com/images/I/417gCCQxz9L._SL500_.jpg" alt="Product Image"></a><p>iPhone Charger 3Pack 10FT Apple MFi Certified Lightning Cable Fast Charging iPhone Charger Cord Compatible with iPhone 14 13 12 11 Pro Max XR XS X 8 7 6 Plus SE and More - Colorful</p><p> -64% 0FF </p><p>$9.99</p><a href="https://www.amazon.com/dp/B0CR3S4Y5V?tag=eloabder-20&linkCode=osi&th=1&psc=1">View Product</a></div><div class="product"><a href="https://www.amazon.com/dp/B0DBHTZ6CD?tag=eloabder-20&linkCode=osi&th=1&psc=1"><img src="https://m.media-amazon.com/images/I/41-NMv8UKZL._SL500_.jpg" alt="Product Image"></a><p>iPhone Charger 3pack 10FT Apple MFi Certified Long Lightning Cable Fast Charging Nylon Braided USB Charging Cable High Speed Transfer Cord for iPhone 14 13/12/11 Pro Max/XS MAX/XR/XS/X/8/7/Plus/6S</p><p> -30% 0FF </p><p>$6.99</p><a href="https://www.amazon.com/dp/B0DBHTZ6CD?tag=eloabder-20&linkCode=osi&th=1&psc=1">View Product</a></div>
<div class="product"><a href="https://www.amazon.com/dp/B09YSJQWRG?tag=eloabder-20&linkCode=osi&th=1&psc=1"><img src="https://m.media-amazon.com/images/I/413B1lBD-hL._SL500_.jpg" alt="Product Image"></a><p>Jesverty DC Power Supply Variable, 0-30V 0-10A Adjustable Switching DC Regulated Bench Power Supply with High Precision 4-Digit LED Display, 5V/2A USB Port, Coarse and Fine Adjustment SPS-3010</p><p> -9% 0FF </p><p>$59.99</p><a href="https://www.amazon.com/dp/B09YSJQWRG?tag=eloabder-20&linkCode=osi&th=1&psc=1">View Product</a></div><div class="product"><a href="https://www.amazon.com/dp/B0C17NLZNH?tag=eloabder-20&linkCode=osi&th=1&psc=1"><img src="https://m.media-amazon.com/images/I/41zjhhWu9lL._SL500_.jpg" alt="Product Image"></a><p>DC Power Supply Variable, 32V 10A Bench Power Supply with Encoder Knob, 4-Digits Display, Adjustable Regulated lab Power Supply with 5V 3.6A USB & Type-C Quick-Charge, Output Switch</p><p> -30% 0FF </p><p>$59.99</p><a href="https://www.amazon.com/dp/B0C17NLZNH?tag=eloabder-20&linkCode=osi&th=1&psc=1">View Product</a></div><div class="product"><a href="https://www.amazon.com/dp/B09BFCF13Y?tag=eloabder-20&linkCode=osi&th=1&psc=1"><img src="https://m.media-amazon.com/images/I/51J2ypqHaML._SL500_.jpg" alt="Product Image"></a><p>DC Power Supply Variable, Bench Power Supply with Encoder Adjustment Knob, Output Enable/Disable Button, Adjustable Power Supply with USB Quick-Charge, Short Circuit Alam (30V 10A Black)</p><p> -43% 0FF </p><p>$39.99</p><a href="https://www.amazon.com/dp/B09BFCF13Y?tag=eloabder-20&linkCode=osi&th=1&psc=1">View Product</a></div><div class="product"><a href="https://www.amazon.com/dp/B0CLY9B5XL?tag=eloabder-20&linkCode=osi&th=1&psc=1"><img src="https://m.media-amazon.com/images/I/41Z-aOJT4pL._SL500_.jpg" alt="Product Image"></a><p>Jesverty DC Power Supply Variable, 0-30V 0-10A Adjustable Switching DC Regulated Bench Power Supply with 20W USB & Type-C Quick-Charge, Encoder Knob, 4-Digit LED Display, Preset Memory - SPS-3010X</p><p> -39% 0FF </p><p>$39.99</p><a href="https://www.amazon.com/dp/B0CLY9B5XL?tag=eloabder-20&linkCode=osi&th=1&psc=1">View Product</a></div><div class="product"><a href="https://www.amazon.com/dp/B00R5CI1W0?tag=eloabder-20&linkCode=osi&th=1&psc=1"><img src="https://m.media-amazon.com/images/I/41ffWbR+GVL._SL500_.jpg" alt="Product Image"></a><p>MEAN WELL NDR-120-24 Single Output Industrial DIN Rail Power Supply, 24 Volts 5 Amps 120 Watts</p><p> -19% 0FF </p><p>$27.00</p><a href="https://www.amazon.com/dp/B00R5CI1W0?tag=eloabder-20&linkCode=osi&th=1&psc=1">View Product</a></div><div class="product"><a href="https://www.amazon.com/dp/B07512KQDW?tag=eloabder-20&linkCode=osi&th=1&psc=1"><img src="https://m.media-amazon.com/images/I/41Z+0wP-6xL._SL500_.jpg" alt="Product Image"></a><p>DC Power Supply Variable,0-30 V / 0-10 A LW-K3010D Adjustable Switching Regulated Power Supply Digital,with Alligator Leads US Power Cord Used for Spectrophotometer and lab Equipment Repair</p><p> -9% 0FF </p><p>$38.99</p><a href="https://www.amazon.com/dp/B07512KQDW?tag=eloabder-20&linkCode=osi&th=1&psc=1">View Product</a></div><div class="product"><a href="https://www.amazon.com/dp/B0CGX39NMK?tag=eloabder-20&linkCode=osi&th=1&psc=1"><img src="https://m.media-amazon.com/images/I/41IyjEYE7iL._SL500_.jpg" alt="Product Image"></a><p>Abestop AT6301 DC Power Supply Variable, 60V/10A/300W Adjustable Bench Power Supply with 10mV / 1mA High Resolution 4-Digits 2.8 inch LCD Display, 5V/1A USB Output</p><p> -11% 0FF </p><p>$129.99</p><a href="https://www.amazon.com/dp/B0CGX39NMK?tag=eloabder-20&linkCode=osi&th=1&psc=1">View Product</a></div>
<div class="product"><a href="https://www.amazon.com/dp/B0BD772SK3?tag=eloabder-20&linkCode=osi&th=1&psc=1"><img src="https://m.media-amazon.com/images/I/516CGhpMaUL._SL500_.jpg" alt="Product Image"></a><p>LED Garage Lights Bulb 2 Pack 180W 18000LM 6500K Led Shop Light with 6 Plus 1 Deformable Panels Basement Barn Ceiling Lights E26 and E27</p><p> -13% 0FF </p><p>$25.99 ($13.00 / Count)</p><a href="https://www.amazon.com/dp/B0BD772SK3?tag=eloabder-20&linkCode=osi&th=1&psc=1">View Product</a></div><div class="product"><a href="https://www.amazon.com/dp/B087JDFH4K?tag=eloabder-20&linkCode=osi&th=1&psc=1"><img src="https://m.media-amazon.com/images/I/310SxRkxkfL._SL500_.jpg" alt="Product Image"></a><p>Amico 6 Pack 6 Inch 5CCT Ultra-Thin LED Recessed Ceiling Light with Junction Box, 2700K/3000K/3500K/4000K/5000K Selectable, 12W Eqv 110W 1050LM Brightness Dimmable Canless Wafer Downlight, ETL & FCC</p><p> -29% 0FF </p><p>$49.99 ($8.33 / Count)</p><a href="https://www.amazon.com/dp/B087JDFH4K?tag=eloabder-20&linkCode=osi&th=1&psc=1">View Product</a></div><div class="product"><a href="https://www.amazon.com/dp/B0BZJ9MTST?tag=eloabder-20&linkCode=osi&th=1&psc=1"><img src="https://m.media-amazon.com/images/I/41nTB2ouhZL._SL500_.jpg" alt="Product Image"></a><p>Amico 36 Pack 6 Inch 5CCT Ultra-Thin LED Recessed Ceiling Light with Junction Box, 2700K/3000K/3500K/4000K/5000K Selectable, 12W Eqv 110W, Dimmable Can-Killer Downlight, 1050LM Brightness - ETL&FCC</p><p> -22% 0FF </p><p>$179.99 ($5.00 / Count)</p><a href="https://www.amazon.com/dp/B0BZJ9MTST?tag=eloabder-20&linkCode=osi&th=1&psc=1">View Product</a></div><div class="product"><a href="https://www.amazon.com/dp/B0B8MJV3HN?tag=eloabder-20&linkCode=osi&th=1&psc=1"><img src="https://m.media-amazon.com/images/I/51J2PJDbNgL._SL500_.jpg" alt="Product Image"></a><p>Ensenior 24 Pack 6 Inch LED Recessed Ceiling Light, Dimmable, 2700K-5000K 5CCT, 1050LM 12W 120V, High Brightness Canless Wafer Downlight - ETL&FCC&IC</p><p> -14% 0FF </p><p>$162.48 ($6.77 / Count)</p><a href="https://www.amazon.com/dp/B0B8MJV3HN?tag=eloabder-20&linkCode=osi&th=1&psc=1">View Product</a></div><div class="product"><a href="https://www.amazon.com/dp/B09QHSY5CP?tag=eloabder-20&linkCode=osi&th=1&psc=1"><img src="https://m.media-amazon.com/images/I/514QSD+bYiL._SL500_.jpg" alt="Product Image"></a><p>2 Pack LED Garage Light, 200W 20000LM 6500K LED Shop Lights, Garage Lights Ceiling Led with 6+1 Deformable Panels, Screw in E26/E27 Socket Bulb for Warehouse, Workshop, Basement, Barn, Garage Lighting</p><p> -18% 0FF </p><p>$26.99 ($13.50 / Count)</p><a href="https://www.amazon.com/dp/B09QHSY5CP?tag=eloabder-20&linkCode=osi&th=1&psc=1">View Product</a></div><div class="product"><a href="https://www.amazon.com/dp/B085SZQCL7?tag=eloabder-20&linkCode=osi&th=1&psc=1"><img src="https://m.media-amazon.com/images/I/41is51nuuHL._SL500_.jpg" alt="Product Image"></a><p>6 Pack 4FT Linkable LED Shop Light, Utility Shop Light Fixture, 4400lm, 42W [250W Equivalent], 5000K Daylight Shop Lights for Garage, Hanging or Surface Mount, with Power Cord, ETL, Black</p><p> -29% 0FF </p><p>$49.69 ($24.84 / Count)</p><a href="https://www.amazon.com/dp/B085SZQCL7?tag=eloabder-20&linkCode=osi&th=1&psc=1">View Product</a></div>
<div class="product"><a href="https://www.amazon.com/dp/B00075M1T6?tag=eloabder-20&linkCode=osi&th=1&psc=1"><img src="https://m.media-amazon.com/images/I/31Qodi9u+XL._SL500_.jpg" alt="Product Image"></a><p>Sunbeam¬Æ Heating Pad Standard Size</p><p> -28% 0FF </p><p>$17.99</p><a href="https://www.amazon.com/dp/B00075M1T6?tag=eloabder-20&linkCode=osi&th=1&psc=1">View Product</a></div><div class="product"><a href="https://www.amazon.com/dp/B08MV3Z3GK?tag=eloabder-20&linkCode=osi&th=1&psc=1"><img src="https://m.media-amazon.com/images/I/51D3Ss7U1DL._SL500_.jpg" alt="Product Image"></a><p>GENIANI King Size Heating Pad for Back Pain & Cramps Relief, FSA HSA Eligible, Auto Shut Off, Machine Washable, Moist Heat Pad for Neck & Shoulder, Knee, Leg, Heat Patches 12'‚Äò√ó24‚Äô‚Äô(Aqua Blue)</p><p> -38% 0FF </p><p>$24.97</p><a href="https://www.amazon.com/dp/B08MV3Z3GK?tag=eloabder-20&linkCode=osi&th=1&psc=1">View Product</a></div><div class="product"><a href="https://www.amazon.com/dp/B0B3MBQC57?tag=eloabder-20&linkCode=osi&th=1&psc=1"><img src="https://m.media-amazon.com/images/I/51nlW3dSxQL._SL500_.jpg" alt="Product Image"></a><p>Heating Pad for Back Pain Relief, Extra Large 33 x 17, Portable Heating Pad for Shoulder, Neck, Cramp, Menstrual Pain, with Upgraded 6 Timer & 6 Temperature Controller</p><p> -56% 0FF </p><p>$39.99 ($1.28 / Ounce)</p><a href="https://www.amazon.com/dp/B0B3MBQC57?tag=eloabder-20&linkCode=osi&th=1&psc=1">View Product</a></div><div class="product"><a href="https://www.amazon.com/dp/B00LX5CR0M?tag=eloabder-20&linkCode=osi&th=1&psc=1"><img src="https://m.media-amazon.com/images/I/51OIEWerJUL._SL500_.jpg" alt="Product Image"></a><p>Sunbeam Heating Pad for Neck & Shoulder Pain Relief, XL Renue, 4 Heat Settings with Auto-Off, Blue, 25-Inch x 25-Inch, Sapphire</p><p> -8% 0FF </p><p>$59.99</p><a href="https://www.amazon.com/dp/B00LX5CR0M?tag=eloabder-20&linkCode=osi&th=1&psc=1">View Product</a></div>
<div class="product"><a href="https://www.amazon.com/dp/B00L2LTYDK?tag=eloabder-20&linkCode=osi&th=1&psc=1"><img src="https://m.media-amazon.com/images/I/418TOAEPGxL._SL500_.jpg" alt="Product Image"></a><p>Ergodyne Chill Its 6602 Cooling Towel, Long Lasting Cooling Relief, Gray 29.50" x 13.00"</p><p> -88% 0FF </p><p>$6.23</p><a href="https://www.amazon.com/dp/B00L2LTYDK?tag=eloabder-20&linkCode=osi&th=1&psc=1">View Product</a></div><div class="product"><a href="https://www.amazon.com/dp/B08SHJ47JL?tag=eloabder-20&linkCode=osi&th=1&psc=1"><img src="https://m.media-amazon.com/images/I/41wR--y8NxL._SL500_.jpg" alt="Product Image"></a><p>Arctic Air Freedom Personal Air Cooler - Portable 3-Speed Neck Fan, Hands-Free Wearable Design, Lightweight, Cordless And Rechargeable</p><p> -34% 0FF </p><p>$19.65</p><a href="https://www.amazon.com/dp/B08SHJ47JL?tag=eloabder-20&linkCode=osi&th=1&psc=1">View Product</a></div><div class="product"><a href="https://www.amazon.com/dp/B003FO2B5U?tag=eloabder-20&linkCode=osi&th=1&psc=1"><img src="https://m.media-amazon.com/images/I/41fgkBDrkxL._SL500_.jpg" alt="Product Image"></a><p>Cool Coolers by Fit + Fresh, 4 Pack Slim Ice Packs, Space Saving Reusable Ice Packs for Lunch Boxes or Coolers, Blue, Single Pack</p><p> -6% 0FF </p><p>$9.44</p><a href="https://www.amazon.com/dp/B003FO2B5U?tag=eloabder-20&linkCode=osi&th=1&psc=1">View Product</a></div><div class="product"><a href="https://www.amazon.com/dp/B008A6M34C?tag=eloabder-20&linkCode=osi&th=1&psc=1"><img src="https://m.media-amazon.com/images/I/41ytzrZrLcL._SL500_.jpg" alt="Product Image"></a><p>FlexiKold Gel Soft Flexible Ice Packs for Injuries - Reusable Freezer Cold Pack, Cold Compress & Cooling Gel Pad for Face, Shoulder, Hip, Leg, Arm, Ankle & Foot Injury - Medium - 7.5‚Äù x 11.5‚Äù</p><p> -56% 0FF </p><p>$10.99 ($10.99 / Count)</p><a href="https://www.amazon.com/dp/B008A6M34C?tag=eloabder-20&linkCode=osi&th=1&psc=1">View Product</a></div><div class="product"><a href="https://www.amazon.com/dp/B00GAU74IK?tag=eloabder-20&linkCode=osi&th=1&psc=1"><img src="https://m.media-amazon.com/images/I/41n1pSkwTeL._SL500_.jpg" alt="Product Image"></a><p>BEKOOOL Soft Gel Sheets for Kids for Cooling Relief from Fever discomfort | 4 Count</p><p> -33% 0FF </p><p>$3.99 ($1.00 / Count)</p><a href="https://www.amazon.com/dp/B00GAU74IK?tag=eloabder-20&linkCode=osi&th=1&psc=1">View Product</a></div><div class="product"><a href="https://www.amazon.com/dp/B0CMJMB9J2?tag=eloabder-20&linkCode=osi&th=1&psc=1"><img src="https://m.media-amazon.com/images/I/41t6as6YB8L._SL500_.jpg" alt="Product Image"></a><p>TheraICE Shoulder Ice Pack Wrap/Reusable Ice Pack for Rotator Cuff & Shoulder Pain Relief Cold Therapy Compression/FocusZone Technology with Extra Cooling Support for Targeted Pain Relief</p><p> -33% 0FF </p><p>$39.95 ($39.95 / Count)</p><a href="https://www.amazon.com/dp/B0CMJMB9J2?tag=eloabder-20&linkCode=osi&th=1&psc=1">View Product</a></div>
<div class="product"><a href="https://www.amazon.com/dp/B07SHB2WF9?tag=eloabder-20&linkCode=osi&th=1&psc=1"><img src="https://m.media-amazon.com/images/I/51jQaLCBOvL._SL500_.jpg" alt="Product Image"></a><p>VIVOSUN 4 Inch 190 CFM Inline Fan with Speed Controller, 4 Inch Carbon Filter and 8 Feet of Ducting, Temperature Humidity Monitor for Grow Tent Ventilation</p><p> -16% 0FF </p><p>$129.99</p><a href="https://www.amazon.com/dp/B07SHB2WF9?tag=eloabder-20&linkCode=osi&th=1&psc=1">View Product</a></div><div class="product"><a href="https://www.amazon.com/dp/B01C82SYZ0?tag=eloabder-20&linkCode=osi&th=1&psc=1"><img src="https://m.media-amazon.com/images/I/412vSql4EpL._SL500_.jpg" alt="Product Image"></a><p>VIVOSUN 4 Inch Inline Duct Fan 100 CFM, HVAC Exhaust Ventilation Fan with Low Noise for Basements, Bathrooms, Kitchens and Attics, Silver</p><p> -8% 0FF </p><p>$22.99</p><a href="https://www.amazon.com/dp/B01C82SYZ0?tag=eloabder-20&linkCode=osi&th=1&psc=1">View Product</a></div><div class="product"><a href="https://www.amazon.com/dp/B0D2P8ZHLD?tag=eloabder-20&linkCode=osi&th=1&psc=1"><img src="https://m.media-amazon.com/images/I/41Y+uClljFL._SL500_.jpg" alt="Product Image"></a><p>Multifunctional 3D Printer Enclosure w/Adjustable Ventilation Kit Eliminate Odors Tent Cover Compatible with Anycubic Photon Mono, Elegoo Saturn/Mars 3/4 & Creality Halot Series Resin 3D Printer</p><p> -6% 0FF </p><p>$65.88</p><a href="https://www.amazon.com/dp/B0D2P8ZHLD?tag=eloabder-20&linkCode=osi&th=1&psc=1">View Product</a></div><div class="product"><a href="https://www.amazon.com/dp/B0CS6K1TM4?tag=eloabder-20&linkCode=osi&th=1&psc=1"><img src="https://m.media-amazon.com/images/I/51Xfkoo1eTL._SL500_.jpg" alt="Product Image"></a><p>HOCENWAY Upgrade 3-Layers Filter System Smoke Exhaust Kit with 5000RPM Fan and Speed Control Power Adapter for All Laser Engraver 3D Printer Enclosure Tent Cover DIY (Ventilation Kit)</p><p> -8% 0FF </p><p>$27.48</p><a href="https://www.amazon.com/dp/B0CS6K1TM4?tag=eloabder-20&linkCode=osi&th=1&psc=1">View Product</a></div>
<div class="product"><a href="https://www.amazon.com/dp/B086QNLBB4?tag=eloabder-20&linkCode=osi&th=1&psc=1"><img src="https://m.media-amazon.com/images/I/41qiFymeklL._SL500_.jpg" alt="Product Image"></a><p>Waterdrop Gravity Water Filter Straw, Camping Water Filtration System, Water Purifier Survival for Travel, Backpacking and Emergency Preparedness, 1.5 gal Bag, 0.1 Micron, 5 Stage Filtration</p><p> -7% 0FF </p><p>$39.99</p><a href="https://www.amazon.com/dp/B086QNLBB4?tag=eloabder-20&linkCode=osi&th=1&psc=1">View Product</a></div><div class="product"><a href="https://www.amazon.com/dp/B0BBQNZK7Y?tag=eloabder-20&linkCode=osi&th=1&psc=1"><img src="https://m.media-amazon.com/images/I/41uwbKvNw5L._SL500_.jpg" alt="Product Image"></a><p>SimPure V7 Under Sink Water Filter, 5-Stage Stainless Steel Water Filtration System Direct Connect to Kitchen Faucet, Reduces 99% Lead, Chlorine, Bad Taste, 20K Gallons (No Drilling Required)</p><p> -18% 0FF </p><p>$65.99 ($30.00 / kg)</p><a href="https://www.amazon.com/dp/B0BBQNZK7Y?tag=eloabder-20&linkCode=osi&th=1&psc=1">View Product</a></div><div class="product"><a href="https://www.amazon.com/dp/B07CHXVRS5?tag=eloabder-20&linkCode=osi&th=1&psc=1"><img src="https://m.media-amazon.com/images/I/41KdIPuSgRL._SL500_.jpg" alt="Product Image"></a><p>iSpring US31 Classic 3-Stage Under Sink Water Filtration System for Drinking, Tankless, High Capacity, Sediment + Carbon + Carbon (Newest Version)</p><p> -26% 0FF </p><p>$101.16</p><a href="https://www.amazon.com/dp/B07CHXVRS5?tag=eloabder-20&linkCode=osi&th=1&psc=1">View Product</a></div><div class="product"><a href="https://www.amazon.com/dp/B00QFXGSIY?tag=eloabder-20&linkCode=osi&th=1&psc=1"><img src="https://m.media-amazon.com/images/I/31c5SLHf3GL._SL500_.jpg" alt="Product Image"></a><p>Survivor Filter PRO - Hand Pump Camping Water Filtration System Survival - Water Purifier Survival</p><p> -20% 0FF </p><p>$55.96</p><a href="https://www.amazon.com/dp/B00QFXGSIY?tag=eloabder-20&linkCode=osi&th=1&psc=1">View Product</a></div>
<div class="product"><a href="https://www.amazon.com/dp/B0D8NXKXBK?tag=eloabder-20&linkCode=osi&th=1&psc=1"><img src="https://m.media-amazon.com/images/I/31sV17bo3CL._SL500_.jpg" alt="Product Image"></a><p>Pro Electric Water Purifier Survival w/Hand Pump, Portable Water Filter Camping Backpacking Hiking Outdoor Travel Emergency, Water Filtration System Survival, Water Purification Tablets Alternative</p><p> -20% 0FF </p><p>$79.99</p><a href="https://www.amazon.com/dp/B0D8NXKXBK?tag=eloabder-20&linkCode=osi&th=1&psc=1">View Product</a></div><div class="product"><a href="https://www.amazon.com/dp/B07PZBY7RL?tag=eloabder-20&linkCode=osi&th=1&psc=1"><img src="https://m.media-amazon.com/images/I/41YJFTk3wDL._SL500_.jpg" alt="Product Image"></a><p>Invigorated Water Alkaline Water Purification Unit, White, Plastic, pH001 Filter Included, Convenient Anti-Slip Design</p><p> -36% 0FF </p><p>$50.00</p><a href="https://www.amazon.com/dp/B07PZBY7RL?tag=eloabder-20&linkCode=osi&th=1&psc=1">View Product</a></div>
<div class="product"><a href="https://www.amazon.com/dp/B0CJ1B6D6S?tag=eloabder-20&linkCode=osi&th=1&psc=1"><img src="https://m.media-amazon.com/images/I/41Upf8lJ6ML._SL500_.jpg" alt="Product Image"></a><p>Scrub Daddy Scrub Mommy Sponges - Dish Scrubber + Non-Scratch Cleaning Sponges Kitchen, Bathroom + Multi-Surface Safe - Dual-Sided Dish Sponges for Scrubbing - Online Exclusive (3 Count)</p><p> -7% 0FF </p><p>$13.00 ($4.33 / Count)</p><a href="https://www.amazon.com/dp/B0CJ1B6D6S?tag=eloabder-20&linkCode=osi&th=1&psc=1">View Product</a></div><div class="product"><a href="https://www.amazon.com/dp/B07HF1GTYN?tag=eloabder-20&linkCode=osi&th=1&psc=1"><img src="https://m.media-amazon.com/images/I/61pFb41tDhL._SL500_.jpg" alt="Product Image"></a><p>Tamicy Mop Slippers Shoes 5 Pairs (10 Pieces) - Microfiber Cleaning House Mop Slippers Floor Cleaning Tools Shoe Cover Soft Washable Reusable Microfiber Foot Socks Floor Cleaning Tools Shoe Cover</p><p> -58% 0FF </p><p>$9.98 ($2.00 / Count)</p><a href="https://www.amazon.com/dp/B07HF1GTYN?tag=eloabder-20&linkCode=osi&th=1&psc=1">View Product</a></div><div class="product"><a href="https://www.amazon.com/dp/B07F268WY8?tag=eloabder-20&linkCode=osi&th=1&psc=1"><img src="https://m.media-amazon.com/images/I/51hKjGZILAL._SL500_.jpg" alt="Product Image"></a><p>Holikme 2 Pack Dryer Vent Cleaner Kit Clothes Dryer Lint Brush Vent Trap Cleaner Home Essentials Long Flexible Vacuum Brush</p><p> -50% 0FF </p><p>$7.99 ($4.00 / Count)</p><a href="https://www.amazon.com/dp/B07F268WY8?tag=eloabder-20&linkCode=osi&th=1&psc=1">View Product</a></div>


<div class="product"><a href="https://www.amazon.com/dp/B06XJ17JVD?tag=eloabder-20&linkCode=osi&th=1&psc=1"><img src="https://m.media-amazon.com/images/I/51OoCqwxbrL._SL500_.jpg" alt="Product Image"></a><p>Rust-Oleum 293513 Rocksolid Polycuramine Garage Oil Floor Coating, 2.5 Car Kit, Gray, 180 Fl Oz (Pack of 1)</p><p> -35% 0FF </p><p>$240.00 ($1.33 / Fl Oz)</p><a href="https://www.amazon.com/dp/B06XJ17JVD?tag=eloabder-20&linkCode=osi&th=1&psc=1">View Product</a></div><div class="product"><a href="https://www.amazon.com/dp/B099SFV2MB?tag=eloabder-20&linkCode=osi&th=1&psc=1"><img src="https://m.media-amazon.com/images/I/41SuYdUgtXL._SL500_.jpg" alt="Product Image"></a><p>Adam's Polishes Advanced Graphene Ceramic Coating - 10H Graphene Coating for Auto Detailing, 9+ Years of Car Protection & Patented UV Technology, Apply After Car Wash & Paint Correction</p><p> -15% 0FF </p><p>$138.54</p><a href="https://www.amazon.com/dp/B099SFV2MB?tag=eloabder-20&linkCode=osi&th=1&psc=1">View Product</a></div><div class="product"><a href="https://www.amazon.com/dp/B07B8RY7M6?tag=eloabder-20&linkCode=osi&th=1&psc=1"><img src="https://m.media-amazon.com/images/I/31G91iuk9RL._SL500_.jpg" alt="Product Image"></a><p>MG Chemicals - 419D-55ML 419D Premium Acrylic Conformal Coating, 55 mL Bottle, IPC 830, UL 94V-0 (File # E203094), Clear, 1.86 Fl Oz (Pack of 1)</p><p> -17% 0FF </p><p>$15.95 ($8.62 / Fl Oz)</p><a href="https://www.amazon.com/dp/B07B8RY7M6?tag=eloabder-20&linkCode=osi&th=1&psc=1">View Product</a></div>
<div class="product"><a href="https://www.amazon.com/dp/B005E9KJYE?tag=eloabder-20&linkCode=osi&th=1&psc=1"><img src="https://m.media-amazon.com/images/I/517PNa1vQiL._SL500_.jpg" alt="Product Image"></a><p>Colorations - SWT16 Simply Washable Tempera Paints, 16 fl oz, Set of 11 Colors, Non Toxic, Vibrant, Bold, Kids Paint, Craft, Hobby, Arts & Crafts, Fun, Art Supplies</p><p> -15% 0FF </p><p>$45.89 ($0.26 / Fl Oz)</p><a href="https://www.amazon.com/dp/B005E9KJYE?tag=eloabder-20&linkCode=osi&th=1&psc=1">View Product</a></div><div class="product"><a href="https://www.amazon.com/dp/B01HZP45BM?tag=eloabder-20&linkCode=osi&th=1&psc=1"><img src="https://m.media-amazon.com/images/I/51qsgeT-koL._SL500_.jpg" alt="Product Image"></a><p>Colorations Washable Tempera Paint, Set of 6 Colors, 8oz Each, Non Toxic Paint, Vibrant Paint, Craft Paint Children, Art Supplies, Homeschool, Home School Use</p><p> -15% 0FF </p><p>$16.99 ($0.35 / Fl Oz)</p><a href="https://www.amazon.com/dp/B01HZP45BM?tag=eloabder-20&linkCode=osi&th=1&psc=1">View Product</a></div><div class="product"><a href="https://www.amazon.com/dp/B01HZP4IFA?tag=eloabder-20&linkCode=osi&th=1&psc=1"><img src="https://m.media-amazon.com/images/I/41tdzr9-azL._SL500_.jpg" alt="Product Image"></a><p>Colorations - LWPACK Liquid Watercolor Paint, 4 fl oz, Set of 6, Non-Toxic, Painting, Kids, Craft, Hobby, Fun, Water Color, Posters, Cool Effects, Versatile, Gift</p><p> -10% 0FF </p><p>$18.89 ($0.79 / Fl Oz)</p><a href="https://www.amazon.com/dp/B01HZP4IFA?tag=eloabder-20&linkCode=osi&th=1&psc=1">View Product</a></div><div class="product"><a href="https://www.amazon.com/dp/B000PIK1YC?tag=eloabder-20&linkCode=osi&th=1&psc=1"><img src="https://m.media-amazon.com/images/I/31-jP8tO9yL._SL500_.jpg" alt="Product Image"></a><p>Rust-Oleum 7579838 Professional High Performance Enamel Spray Paint, 15 Oz, Gloss Black</p><p> -9% 0FF </p><p>$9.98 ($0.67 / Ounce)</p><a href="https://www.amazon.com/dp/B000PIK1YC?tag=eloabder-20&linkCode=osi&th=1&psc=1">View Product</a></div>


<div class="product"><a href="https://www.amazon.com/dp/B002SG7PPC?tag=eloabder-20&linkCode=osi&th=1&psc=1"><img src="https://m.media-amazon.com/images/I/31YVD0b4-1L._SL500_.jpg" alt="Product Image"></a><p>Mitutoyo 050101, Edge Finder, 3/8" Dia. Shank, .200" Dia. Tip</p><p> -21% 0FF </p><p>$16.55</p><a href="https://www.amazon.com/dp/B002SG7PPC?tag=eloabder-20&linkCode=osi&th=1&psc=1">View Product</a></div><div class="product"><a href="https://www.amazon.com/dp/1259827445?tag=eloabder-20&linkCode=osi&th=1&psc=1"><img src="https://m.media-amazon.com/images/I/41+0n7UFhrL._SL500_.jpg" alt="Product Image"></a><p>Machining and CNC Technology</p><p> -42% 0FF </p><p>$199.97</p><a href="https://www.amazon.com/dp/1259827445?tag=eloabder-20&linkCode=osi&th=1&psc=1">View Product</a></div><div class="product"><a href="https://www.amazon.com/dp/B07RM1D6WD?tag=eloabder-20&linkCode=osi&th=1&psc=1"><img src="https://m.media-amazon.com/images/I/41WW3tVXkmL._SL500_.jpg" alt="Product Image"></a><p>AFA Tooling - Deburring Tool with 11 High Speed Steel Swivel Blades - Works on Metal, Resin, PVC Pipes, Copper, Plastic and 3D Printed Edges - Plumbing & 3D Printing Burr Removal Reamer Tool</p><p> -20% 0FF </p><p>$15.95 ($9.11 / 100 g)</p><a href="https://www.amazon.com/dp/B07RM1D6WD?tag=eloabder-20&linkCode=osi&th=1&psc=1">View Product</a></div>
<div class="product"><a href="https://www.amazon.com/dp/B08VHYX96W?tag=eloabder-20&linkCode=osi&th=1&psc=1"><img src="https://m.media-amazon.com/images/I/518vzX0FwcL._SL500_.jpg" alt="Product Image"></a><p>HARDELL Mini Cordless Rotary Tool Kit, 5-Speed and USB Charging with 61 Accessories, Multi-Purpose 3.7V Power Rotary Tool for Sanding, Polishing, Drilling, Etching, Engraving, DIY Crafts</p><p> -17% 0FF </p><p>$24.99</p><a href="https://www.amazon.com/dp/B08VHYX96W?tag=eloabder-20&linkCode=osi&th=1&psc=1">View Product</a></div><div class="product"><a href="https://www.amazon.com/dp/B093229VY9?tag=eloabder-20&linkCode=osi&th=1&psc=1"><img src="https://m.media-amazon.com/images/I/51Wby41ESCL._SL500_.jpg" alt="Product Image"></a><p>KATA 4-PACK Folding Utility Knife, Heavy Duty Box Cutter with 20pcs SK5 Quick Change Blades, Safety Lock Back Design, Used for Cutting Cartons, Cardboards and Boxes</p><p> -23% 0FF </p><p>$9.99 ($2.50 / Count)</p><a href="https://www.amazon.com/dp/B093229VY9?tag=eloabder-20&linkCode=osi&th=1&psc=1">View Product</a></div><div class="product"><a href="https://www.amazon.com/dp/B09QXBC6XL?tag=eloabder-20&linkCode=osi&th=1&psc=1"><img src="https://m.media-amazon.com/images/I/41JcpPv9cXL._SL500_.jpg" alt="Product Image"></a><p>180W Rotary Tool Kit, 1.5-Amp PHALANX 6 Variable Speed with Flex Shaft, 8000-32000RPM Multi-Tool& 139pcs Accessories Kit, Power Multiuse Set Prefect for Crafting Projects and DIY Creations‚Ä¶</p><p> -23% 0FF </p><p>$39.99</p><a href="https://www.amazon.com/dp/B09QXBC6XL?tag=eloabder-20&linkCode=osi&th=1&psc=1">View Product</a></div><div class="product"><a href="https://www.amazon.com/dp/B07GR7QF63?tag=eloabder-20&linkCode=osi&th=1&psc=1"><img src="https://m.media-amazon.com/images/I/319qwqAeKXL._SL500_.jpg" alt="Product Image"></a><p>IGAN-170 Wire Cutters, Precision Electronics Flush Cutter, One of the Strongest and Sharpest Side Cutting pliers with an Opening Spring, Ideal for Ultra-fine Cutting Needs.</p><p> -24% 0FF </p><p>$6.97</p><a href="https://www.amazon.com/dp/B07GR7QF63?tag=eloabder-20&linkCode=osi&th=1&psc=1">View Product</a></div>

<div class="product"><a href="https://www.amazon.com/dp/B01LRVX4AS?tag=eloabder-20&linkCode=osi&th=1&psc=1"><img src="https://m.media-amazon.com/images/I/41eRX8GkL8L._SL500_.jpg" alt="Product Image"></a><p>JKSafety 9 Pockets Class 2 High Visibility Zipper Front Safety Vest With Reflective Strips,Meets ANSI/ISEA Standard (Large, 150-Yellow)</p><p> -10% 0FF </p><p>$8.99</p><a href="https://www.amazon.com/dp/B01LRVX4AS?tag=eloabder-20&linkCode=osi&th=1&psc=1">View Product</a></div><div class="product"><a href="https://www.amazon.com/dp/B01LDPHX7S?tag=eloabder-20&linkCode=osi&th=1&psc=1"><img src="https://m.media-amazon.com/images/I/41pcC4hFanL._SL500_.jpg" alt="Product Image"></a><p>Ergodyne GloWear 8377 Type R Class 3 Lime Quilted Bomber Jacket, High Visibility Reflective Insulation, X-Large</p><p> -17% 0FF </p><p>$34.99</p><a href="https://www.amazon.com/dp/B01LDPHX7S?tag=eloabder-20&linkCode=osi&th=1&psc=1">View Product</a></div><div class="product"><a href="https://www.amazon.com/dp/B0CRV7G3WW?tag=eloabder-20&linkCode=osi&th=1&psc=1"><img src="https://m.media-amazon.com/images/I/41KOsJq8HTL._SL500_.jpg" alt="Product Image"></a><p>Bilymate LED Reflective Vest Running Gear,High Visibility with usb Rechargeable Light Up safety Vest for Walking Running Cycling,Adjustable for Men Women Kids Flourence Green</p><p> -50% 0FF </p><p>$6.45</p><a href="https://www.amazon.com/dp/B0CRV7G3WW?tag=eloabder-20&linkCode=osi&th=1&psc=1">View Product</a></div>
<div class="product"><a href="https://www.amazon.com/dp/B01N2ZTB7M?tag=eloabder-20&linkCode=osi&th=1&psc=1"><img src="https://m.media-amazon.com/images/I/419b0AGprhL._SL500_.jpg" alt="Product Image"></a><p>Sellstrom Advantage Face Shield - Lightweight Mask with Crown & Ratchet Headgear, for Work, Grinding, Cutting - ANSI Z87.1 - Clear Uncoated Polycarbonate Window</p><p> -8% 0FF </p><p>$14.39</p><a href="https://www.amazon.com/dp/B01N2ZTB7M?tag=eloabder-20&linkCode=osi&th=1&psc=1">View Product</a></div><div class="product"><a href="https://www.amazon.com/dp/B008MCUZZS?tag=eloabder-20&linkCode=osi&th=1&psc=1"><img src="https://m.media-amazon.com/images/I/51FPpkx4CEL._SL500_.jpg" alt="Product Image"></a><p>3M 8210 Particulate Respirator, N95, Pack of 20 Disposable Respirator, Two-Strap Cup Style Design, Lightweight with Cushioning Nose Foam, NIOSH Approved</p><p> -45% 0FF </p><p>$15.49 ($0.77 / Count)</p><a href="https://www.amazon.com/dp/B008MCUZZS?tag=eloabder-20&linkCode=osi&th=1&psc=1">View Product</a></div><div class="product"><a href="https://www.amazon.com/dp/B08GBRY816?tag=eloabder-20&linkCode=osi&th=1&psc=1"><img src="https://m.media-amazon.com/images/I/51Z0iPJV4uL._SL500_.jpg" alt="Product Image"></a><p>NEIKO 53880A Forestry Helmet for Safety with Shield and Earmuffs, Chainsaw Helmet with Face Shield, Hard Hat Safety Gear Equipment, Protective Face Shield and Mesh Shield for Face Protection</p><p> -18% 0FF </p><p>$27.16</p><a href="https://www.amazon.com/dp/B08GBRY816?tag=eloabder-20&linkCode=osi&th=1&psc=1">View Product</a></div><div class="product"><a href="https://www.amazon.com/dp/B0BLF15Y9Q?tag=eloabder-20&linkCode=osi&th=1&psc=1"><img src="https://m.media-amazon.com/images/I/51+GJrSaWPL._SL500_.jpg" alt="Product Image"></a><p>Tanden Skating Protective Gear Adult Knee and Elbow Pads Wrist Guards for Roller Skating Skateboarding, Skate Pads Adult Knee Pads for Men Women Black</p><p> -6% 0FF </p><p>$26.99</p><a href="https://www.amazon.com/dp/B0BLF15Y9Q?tag=eloabder-20&linkCode=osi&th=1&psc=1">View Product</a></div>
<div class="product"><a href="https://www.amazon.com/dp/B0C9SBFGZR?tag=eloabder-20&linkCode=osi&th=1&psc=1"><img src="https://m.media-amazon.com/images/I/51yTPVBbEUL._SL500_.jpg" alt="Product Image"></a><p>Supmedic Nitrile Exam Glove, 3.5 mil Disposable Medical Gloves Powder-Free Latex-Free, Box of 100 pcs (Blue) (Medium)</p><p> -16% 0FF </p><p>$8.42</p><a href="https://www.amazon.com/dp/B0C9SBFGZR?tag=eloabder-20&linkCode=osi&th=1&psc=1">View Product</a></div><div class="product"><a href="https://www.amazon.com/dp/B07KYWVCP6?tag=eloabder-20&linkCode=osi&th=1&psc=1"><img src="https://m.media-amazon.com/images/I/41q59vUJw6L._SL500_.jpg" alt="Product Image"></a><p>MED PRIDE Medical Vinyl Examination Gloves (Large, 100-Count) Latex & Rubber Free, Ultra-Strong, Clear Disposable Powder-Free Gloves for Healthcare & Food Handling Use</p><p> -11% 0FF </p><p>$7.99 ($0.08 / Count)</p><a href="https://www.amazon.com/dp/B07KYWVCP6?tag=eloabder-20&linkCode=osi&th=1&psc=1">View Product</a></div><div class="product"><a href="https://www.amazon.com/dp/B09KTQMMCM?tag=eloabder-20&linkCode=osi&th=1&psc=1"><img src="https://m.media-amazon.com/images/I/41mQ4yEa-wL._SL500_.jpg" alt="Product Image"></a><p>Schneider Black Vinyl Exam Gloves, 4mil, Disposable Latex-Free, Plastic Gloves for Medical, Cooking, Cleaning, and Food Prep, Sizes Medium</p><p> -20% 0FF </p><p>$7.99</p><a href="https://www.amazon.com/dp/B09KTQMMCM?tag=eloabder-20&linkCode=osi&th=1&psc=1">View Product</a></div><div class="product"><a href="https://www.amazon.com/dp/B09KRT18KC?tag=eloabder-20&linkCode=osi&th=1&psc=1"><img src="https://m.media-amazon.com/images/I/415qb2LeE6L._SL500_.jpg" alt="Product Image"></a><p>Schneider Clear Vinyl Exam Gloves, 4-mil, Medium 100-ct Box, Latex-Free, Rubber Disposable Gloves For Medical, Cleaning , Food Prep, Food Safe, Powder-Free, Non-Sterile</p><p> -20% 0FF </p><p>$7.97 ($0.08 / Count)</p><a href="https://www.amazon.com/dp/B09KRT18KC?tag=eloabder-20&linkCode=osi&th=1&psc=1">View Product</a></div><div class="product"><a href="https://www.amazon.com/dp/B08WJQR2CR?tag=eloabder-20&linkCode=osi&th=1&psc=1"><img src="https://m.media-amazon.com/images/I/414Y7CgkL2L._SL500_.jpg" alt="Product Image"></a><p>FifthPulse Black Vinyl Disposable Gloves Large 50 Pack - Latex Free, Powder Free Medical Exam Gloves - Surgical, Home, Cleaning, and Food Gloves - 3 Mil Thickness</p><p> -60% 0FF </p><p>$5.59</p><a href="https://www.amazon.com/dp/B08WJQR2CR?tag=eloabder-20&linkCode=osi&th=1&psc=1">View Product</a></div><div class="product"><a href="https://www.amazon.com/dp/B0C9MZRBR7?tag=eloabder-20&linkCode=osi&th=1&psc=1"><img src="https://m.media-amazon.com/images/I/41STIBt58JL._SL500_.jpg" alt="Product Image"></a><p>Caring Nitrile Exam Gloves (100ct), Powder Free and Not Made with Natural Rubber Latex, Gloves for Medical Use, Cleaning, Food Prep and More, Large</p><p> -13% 0FF </p><p>$6.99</p><a href="https://www.amazon.com/dp/B0C9MZRBR7?tag=eloabder-20&linkCode=osi&th=1&psc=1">View Product</a></div><div class="product"><a href="https://www.amazon.com/dp/B087LXWY99?tag=eloabder-20&linkCode=osi&th=1&psc=1"><img src="https://m.media-amazon.com/images/I/51ILZr2xj3L._SL500_.jpg" alt="Product Image"></a><p>Basic Medical Blue Nitrile Exam Gloves - Latex-Free & Powder-Free - NGPF-7002 (Case of 1,000), Medium</p><p> -16% 0FF </p><p>$32.82 ($0.03 / Count)</p><a href="https://www.amazon.com/dp/B087LXWY99?tag=eloabder-20&linkCode=osi&th=1&psc=1">View Product</a></div>
<div class="product"><a href="https://www.amazon.com/dp/B09P4DBZHY?tag=eloabder-20&linkCode=osi&th=1&psc=1"><img src="https://m.media-amazon.com/images/I/31YZa5T8JCL._SL500_.jpg" alt="Product Image"></a><p>3M Hard Hat SecureFit H-701SFR-UV, White, Non-Vented Cap Style Safety Helmet with Uvicator Sensor, 4-Point Pressure Diffusion Ratchet Suspension, ANSI Z87.1</p><p> -12% 0FF </p><p>$16.25</p><a href="https://www.amazon.com/dp/B09P4DBZHY?tag=eloabder-20&linkCode=osi&th=1&psc=1">View Product</a></div><div class="product"><a href="https://www.amazon.com/dp/B09VBV3T78?tag=eloabder-20&linkCode=osi&th=1&psc=1"><img src="https://m.media-amazon.com/images/I/31BEt7CIKkL._SL500_.jpg" alt="Product Image"></a><p>UNINOVA Vented Hard Hat with Visor OSHA Construction Safety Helmet 6 pt. Ratchet Suspension Cascos De Construccion ANSI Z89.1 Type I Class C Hardhats(S1 White Smoked)</p><p> -46% 0FF </p><p>$29.99</p><a href="https://www.amazon.com/dp/B09VBV3T78?tag=eloabder-20&linkCode=osi&th=1&psc=1">View Product</a></div>
<div class="product"><a href="https://www.amazon.com/dp/B08C7HDF1F?tag=eloabder-20&linkCode=osi&th=1&psc=1"><img src="https://m.media-amazon.com/images/I/51v5EoPjf3L._SL500_.jpg" alt="Product Image"></a><p>NNPCBT 100PCS 3 Ply Black Disposable Face Mask Filter Protection Face Masks</p><p> -33% 0FF </p><p>$9.98 ($0.10 / Count)</p><a href="https://www.amazon.com/dp/B08C7HDF1F?tag=eloabder-20&linkCode=osi&th=1&psc=1">View Product</a></div><div class="product"><a href="https://www.amazon.com/dp/B09GNXYWDQ?tag=eloabder-20&linkCode=osi&th=1&psc=1"><img src="https://m.media-amazon.com/images/I/41VrygLbB9L._SL500_.jpg" alt="Product Image"></a><p>Gleeporte [Pack Of 100] Black Disposable Face Mask, 3-Ply Adult Masks, Facial Cover with Elastic Earloops For Home, Office, School, and Outdoors</p><p> -22% 0FF </p><p>$6.99 ($0.07 / Count)</p><a href="https://www.amazon.com/dp/B09GNXYWDQ?tag=eloabder-20&linkCode=osi&th=1&psc=1">View Product</a></div><div class="product"><a href="https://www.amazon.com/dp/B08Y8NVW6Y?tag=eloabder-20&linkCode=osi&th=1&psc=1"><img src="https://m.media-amazon.com/images/I/51-zA01VM0L._SL500_.jpg" alt="Product Image"></a><p>LEMENT 50pcs KN95 Face Mask Black 5 Layer Cup Dust Safety Masks Filter Efficiency‚â•95% Breathable Elastic Ear Loops Black Masks</p><p> -33% 0FF </p><p>$19.99 ($0.40 / Count)</p><a href="https://www.amazon.com/dp/B08Y8NVW6Y?tag=eloabder-20&linkCode=osi&th=1&psc=1">View Product</a></div><div class="product"><a href="https://www.amazon.com/dp/B089TX3BPY?tag=eloabder-20&linkCode=osi&th=1&psc=1"><img src="https://m.media-amazon.com/images/I/41qr1sidczL._SL500_.jpg" alt="Product Image"></a><p>Hygenix 3ply Disposable Face Masks PFE 99% Filter Quality Tested by a US lab (Pack of 50 Pcs)</p><p> -13% 0FF </p><p>$12.99 ($0.26 / Count)</p><a href="https://www.amazon.com/dp/B089TX3BPY?tag=eloabder-20&linkCode=osi&th=1&psc=1">View Product</a></div><div class="product"><a href="https://www.amazon.com/dp/B09GLY1S79?tag=eloabder-20&linkCode=osi&th=1&psc=1"><img src="https://m.media-amazon.com/images/I/511vKreiG-L._SL500_.jpg" alt="Product Image"></a><p>Funight KN95 Face Masks 50 Pack 5-Ply Breathable Filter Disposable Face Masks Black</p><p> -50% 0FF </p><p>$19.99 ($0.40 / Count)</p><a href="https://www.amazon.com/dp/B09GLY1S79?tag=eloabder-20&linkCode=osi&th=1&psc=1">View Product</a></div>
<div class="product"><a href="https://www.amazon.com/dp/B07MNZ7C1M?tag=eloabder-20&linkCode=osi&th=1&psc=1"><img src="https://m.media-amazon.com/images/I/41qn5bUxuzL._SL500_.jpg" alt="Product Image"></a><p>ProCase Noise Reduction Ear Muffs, SNR 34dB Noise Cancelling Headphones for Adults Kids Autism, Adjustable Sound Proof Ear Protection for Shooting Mowing Construction -Red</p><p> -21% 0FF </p><p>$14.99</p><a href="https://www.amazon.com/dp/B07MNZ7C1M?tag=eloabder-20&linkCode=osi&th=1&psc=1">View Product</a></div><div class="product"><a href="https://www.amazon.com/dp/B0C5SMT3TX?tag=eloabder-20&linkCode=osi&th=1&psc=1"><img src="https://m.media-amazon.com/images/I/31TGEeMQNBL._SL500_.jpg" alt="Product Image"></a><p>ZOHAN 012 Hearing Protection Earmuffs for Noise Reduction - NRR 28dB Adjustable Safety Ear Muffs for Mowing, Autism, Sporting Events, Outdoor Work, Construction - Purple</p><p> -50% 0FF </p><p>$7.99</p><a href="https://www.amazon.com/dp/B0C5SMT3TX?tag=eloabder-20&linkCode=osi&th=1&psc=1">View Product</a></div><div class="product"><a href="https://www.amazon.com/dp/B01MXYJ2QP?tag=eloabder-20&linkCode=osi&th=1&psc=1"><img src="https://m.media-amazon.com/images/I/412QOjQpaKL._SL500_.jpg" alt="Product Image"></a><p>3M Pro-Grade Earmuff, Noise Reduction Rating (NRR) 30 dB, Lightweight & Adjustable Ear Muffs, Reduce Pressure Points For All-Day Comfort, Steel Wire Headband With Rubber Overmold Design (90565-4DC-PS)</p><p> -19% 0FF </p><p>$27.49</p><a href="https://www.amazon.com/dp/B01MXYJ2QP?tag=eloabder-20&linkCode=osi&th=1&psc=1">View Product</a></div><div class="product"><a href="https://www.amazon.com/dp/B01N7LMH5K?tag=eloabder-20&linkCode=osi&th=1&psc=1"><img src="https://m.media-amazon.com/images/I/516EUUjXKUL._SL500_.jpg" alt="Product Image"></a><p>10 Pair Corded Reusable Ear Plugs for Shooting Range Ear Protection for Gun Range - Hunting Ear Plugs for Construction Firearm Ear Protection Shooting Gun Hearing Protection Ear Plugs Corded</p><p> -13% 0FF </p><p>$6.95 ($0.70 / Count)</p><a href="https://www.amazon.com/dp/B01N7LMH5K?tag=eloabder-20&linkCode=osi&th=1&psc=1">View Product</a></div>
<div class="product"><a href="https://www.amazon.com/dp/B09G8FJNRT?tag=eloabder-20&linkCode=osi&th=1&psc=1"><img src="https://m.media-amazon.com/images/I/414WbTnlb1L._SL500_.jpg" alt="Product Image"></a><p>Aqulius 2 Pack Stylish Safety Glasses Goggles Anti Fog, Scratch Resistant, Safety Glasses for Women, Blue Light, Glasses for Nurses</p><p> -18% 0FF </p><p>$13.99</p><a href="https://www.amazon.com/dp/B09G8FJNRT?tag=eloabder-20&linkCode=osi&th=1&psc=1">View Product</a></div><div class="product"><a href="https://www.amazon.com/dp/B0833VW43J?tag=eloabder-20&linkCode=osi&th=1&psc=1"><img src="https://m.media-amazon.com/images/I/41iY6mE3j6L._SL500_.jpg" alt="Product Image"></a><p>amoolo Clear Safety Glasses Bulk of 24, Protective Eyewear for Men Women, ANSI Z87.1 Impact Resistant Eye Protection for Work, Lab, Construction</p><p> -18% 0FF </p><p>$24.69 ($1.03 / Count)</p><a href="https://www.amazon.com/dp/B0833VW43J?tag=eloabder-20&linkCode=osi&th=1&psc=1">View Product</a></div><div class="product"><a href="https://www.amazon.com/dp/B07YLVH342?tag=eloabder-20&linkCode=osi&th=1&psc=1"><img src="https://m.media-amazon.com/images/I/41bR3jQbKXL._SL500_.jpg" alt="Product Image"></a><p>SolidWork Safety Glasses Clear Lens with Side Shields, Anti Fog, Anti Scratch, Anti-Glare, Protective Eyewear for Men & Women</p><p> -11% 0FF </p><p>$9.99</p><a href="https://www.amazon.com/dp/B07YLVH342?tag=eloabder-20&linkCode=osi&th=1&psc=1">View Product</a></div>

<div class="product"><a href="https://www.amazon.com/dp/B078JGY2MJ?tag=eloabder-20&linkCode=osi&th=1&psc=1"><img src="https://m.media-amazon.com/images/I/41V4pUwXteL._SL500_.jpg" alt="Product Image"></a><p>Cherokee Scrubs for Men Workwear Professionals V-Neck Four-Pocket Scrub Top WW695, L, Navy</p><p> -23% 0FF </p><p>$24.99</p><a href="https://www.amazon.com/dp/B078JGY2MJ?tag=eloabder-20&linkCode=osi&th=1&psc=1">View Product</a></div><div class="product"><a href="https://www.amazon.com/dp/B0721NWRKT?tag=eloabder-20&linkCode=osi&th=1&psc=1"><img src="https://m.media-amazon.com/images/I/41Qw3a-DoWL._SL500_.jpg" alt="Product Image"></a><p>Cherokee Women's V-Neck Top, Navy, X-Large</p><p> -15% 0FF </p><p>$23.99</p><a href="https://www.amazon.com/dp/B0721NWRKT?tag=eloabder-20&linkCode=osi&th=1&psc=1">View Product</a></div><div class="product"><a href="https://www.amazon.com/dp/B012H3JOOK?tag=eloabder-20&linkCode=osi&th=1&psc=1"><img src="https://m.media-amazon.com/images/I/41GrV-dIDYL._SL500_.jpg" alt="Product Image"></a><p>Workwear Women Underscrubs Long Sleeve Knit Tee 4881, L, Caribbean Blue</p><p> -19% 0FF </p><p>$10.47</p><a href="https://www.amazon.com/dp/B012H3JOOK?tag=eloabder-20&linkCode=osi&th=1&psc=1">View Product</a></div>
<div class="product"><a href="https://www.amazon.com/dp/B010QWNDX2?tag=eloabder-20&linkCode=osi&th=1&psc=1"><img src="https://m.media-amazon.com/images/I/31V3r0a9C1L._SL500_.jpg" alt="Product Image"></a><p>Just Love Women's Scrub Sets Six Pocket Medical Scrubs (V-Neck With Cargo Pant), Navy, Medium</p><p> -16% 0FF </p><p>$19.99</p><a href="https://www.amazon.com/dp/B010QWNDX2?tag=eloabder-20&linkCode=osi&th=1&psc=1">View Product</a></div><div class="product"><a href="https://www.amazon.com/dp/B0985Y2RB4?tag=eloabder-20&linkCode=osi&th=1&psc=1"><img src="https://m.media-amazon.com/images/I/3176BjqvasS._SL500_.jpg" alt="Product Image"></a><p>Natural Uniforms Women's Cool Stretch V-Neck Top and Cargo Pant Set (True Navy Blue, Large)</p><p> -17% 0FF </p><p>$24.99</p><a href="https://www.amazon.com/dp/B0985Y2RB4?tag=eloabder-20&linkCode=osi&th=1&psc=1">View Product</a></div><div class="product"><a href="https://www.amazon.com/dp/B0CBNDXYJT?tag=eloabder-20&linkCode=osi&th=1&psc=1"><img src="https://m.media-amazon.com/images/I/31DhOD5-BwL._SL500_.jpg" alt="Product Image"></a><p>MONARCH UNIFORMS Stretchy Scrubs Women's Jogger Scrub Set In Regular and Petite Jogger Scrubs with Tuck-In Top for Women(Navy-L)</p><p> -6% 0FF </p><p>$46.95</p><a href="https://www.amazon.com/dp/B0CBNDXYJT?tag=eloabder-20&linkCode=osi&th=1&psc=1">View Product</a></div><div class="product"><a href="https://www.amazon.com/dp/B0D1TL84LR?tag=eloabder-20&linkCode=osi&th=1&psc=1"><img src="https://m.media-amazon.com/images/I/51iGPF-PnRL._SL500_.jpg" alt="Product Image"></a><p>Electric Warming Trays for Food and Hot Plates, Large and Uniform Surface Heating, Foldable, Durable, 3 Temperature Levels, Can Be On for 12 Hours, Silicone Food Warmer for Gatherings (Beige)</p><p> -8% 0FF </p><p>$36.99</p><a href="https://www.amazon.com/dp/B0D1TL84LR?tag=eloabder-20&linkCode=osi&th=1&psc=1">View Product</a></div><div class="product"><a href="https://www.amazon.com/dp/B09MM2LG84?tag=eloabder-20&linkCode=osi&th=1&psc=1"><img src="https://m.media-amazon.com/images/I/31B25JsiYTL._SL500_.jpg" alt="Product Image"></a><p>Scrubs Set for Women Joggers V-Neck Pocket Top Uniforms (Pink, L)</p><p> -10% 0FF </p><p>$25.99</p><a href="https://www.amazon.com/dp/B09MM2LG84?tag=eloabder-20&linkCode=osi&th=1&psc=1">View Product</a></div>
<div class="product"><a href="https://www.amazon.com/dp/B07K8M42Q5?tag=eloabder-20&linkCode=osi&th=1&psc=1"><img src="https://m.media-amazon.com/images/I/41UMPYXm6lS._SL500_.jpg" alt="Product Image"></a><p>Insulated Thermal Bib Overalls, High Visibility, Weather-Resistant, Large, Ergodyne GloWear 8928,Lime</p><p> -33% 0FF </p><p>$74.69</p><a href="https://www.amazon.com/dp/B07K8M42Q5?tag=eloabder-20&linkCode=osi&th=1&psc=1">View Product</a></div><div class="product"><a href="https://www.amazon.com/dp/B07SB2Z38J?tag=eloabder-20&linkCode=osi&th=1&psc=1"><img src="https://m.media-amazon.com/images/I/31gv4F1tgnL._SL500_.jpg" alt="Product Image"></a><p>Pioneer Hi Vis Ripstop Waterproof Bib Pants/Overalls for Men - Reflective Safety Work Rain Pants - High Visibility Yellow</p><p> -11% 0FF </p><p>$51.72</p><a href="https://www.amazon.com/dp/B07SB2Z38J?tag=eloabder-20&linkCode=osi&th=1&psc=1">View Product</a></div>
<div class="product"><a href="https://www.amazon.com/dp/B000BQRGFU?tag=eloabder-20&linkCode=osi&th=1&psc=1"><img src="https://m.media-amazon.com/images/I/51gnFiaxIAS._SL500_.jpg" alt="Product Image"></a><p>Trimaco SuperTuff Polypropylene Coverall, Medium</p><p> -51% 0FF </p><p>$4.90</p><a href="https://www.amazon.com/dp/B000BQRGFU?tag=eloabder-20&linkCode=osi&th=1&psc=1">View Product</a></div><div class="product"><a href="https://www.amazon.com/dp/B01JOWAOEG?tag=eloabder-20&linkCode=osi&th=1&psc=1"><img src="https://m.media-amazon.com/images/I/31jcH7zLurL._SL500_.jpg" alt="Product Image"></a><p>DuPont unisex-adult TY122S-XL-EACH Disposable Elastic Wrist, Bootie and Hood Tyvek Coverall Suit 1414, X-Large, White</p><p> -16% 0FF </p><p>$9.77</p><a href="https://www.amazon.com/dp/B01JOWAOEG?tag=eloabder-20&linkCode=osi&th=1&psc=1">View Product</a></div>
<div class="product"><a href="https://www.amazon.com/dp/B07D8G82G8?tag=eloabder-20&linkCode=osi&th=1&psc=1"><img src="https://m.media-amazon.com/images/I/317xFAdHZWL._SL500_.jpg" alt="Product Image"></a><p>VOGRYE Professional Lab Coat for Men Women Long Sleeve, White, Unisex</p><p> -12% 0FF </p><p>$14.99</p><a href="https://www.amazon.com/dp/B07D8G82G8?tag=eloabder-20&linkCode=osi&th=1&psc=1">View Product</a></div><div class="product"><a href="https://www.amazon.com/dp/B07HBL83B4?tag=eloabder-20&linkCode=osi&th=1&psc=1"><img src="https://m.media-amazon.com/images/I/31TG2roZU-L._SL500_.jpg" alt="Product Image"></a><p>VOGRYE Professional Lab Coat for Women Men Long Sleeve, White, Unisex (Small, White)</p><p> -32% 0FF </p><p>$16.99</p><a href="https://www.amazon.com/dp/B07HBL83B4?tag=eloabder-20&linkCode=osi&th=1&psc=1">View Product</a></div><div class="product"><a href="https://www.amazon.com/dp/B08VDZ6KCT?tag=eloabder-20&linkCode=osi&th=1&psc=1"><img src="https://m.media-amazon.com/images/I/31ERfg1k-nL._SL500_.jpg" alt="Product Image"></a><p>NY Threads Professional Lab Coat for Men Long Sleeve Poly Cotton Medical Coat 1 Pack, Medium, White</p><p> -11% 0FF </p><p>$16.99</p><a href="https://www.amazon.com/dp/B08VDZ6KCT?tag=eloabder-20&linkCode=osi&th=1&psc=1">View Product</a></div><div class="product"><a href="https://www.amazon.com/dp/B097NS2MHG?tag=eloabder-20&linkCode=osi&th=1&psc=1"><img src="https://m.media-amazon.com/images/I/31jtnrdiCcL._SL500_.jpg" alt="Product Image"></a><p>NY Threads Professional Lab Coat for Women, Long Sleeve Poly Cotton Medical Coat 1 Pack, Medium, White</p><p> -10% 0FF </p><p>$17.99</p><a href="https://www.amazon.com/dp/B097NS2MHG?tag=eloabder-20&linkCode=osi&th=1&psc=1">View Product</a></div>
<div class="product"><a href="https://www.amazon.com/dp/B08LSQFJCL?tag=eloabder-20&linkCode=osi&th=1&psc=1"><img src="https://m.media-amazon.com/images/I/410PoD7Tw+L._SL500_.jpg" alt="Product Image"></a><p>Walking Boot Fracture Boot for Broken Foot, Sprained Ankle-Medium</p><p> -25% 0FF </p><p>$39.85</p><a href="https://www.amazon.com/dp/B08LSQFJCL?tag=eloabder-20&linkCode=osi&th=1&psc=1">View Product</a></div><div class="product"><a href="https://www.amazon.com/dp/B09YPT42D5?tag=eloabder-20&linkCode=osi&th=1&psc=1"><img src="https://m.media-amazon.com/images/I/418-GYTrMOL._SL500_.jpg" alt="Product Image"></a><p>Jewlri Air Walking Boot Fracture Boot Short Walker Protective Boot Fits Left or Right Foot Ankle for Injuries Fractures Sprains Black M</p><p> -13% 0FF </p><p>$39.15</p><a href="https://www.amazon.com/dp/B09YPT42D5?tag=eloabder-20&linkCode=osi&th=1&psc=1">View Product</a></div><div class="product"><a href="https://www.amazon.com/dp/B019T9EHME?tag=eloabder-20&linkCode=osi&th=1&psc=1"><img src="https://m.media-amazon.com/images/I/41vMjfPsvUL._SL500_.jpg" alt="Product Image"></a><p>WOLVERINE Men's Floorhand Waterproof Steeltoe 6" Work Boot, Dark Brown, 9M</p><p> -23% 0FF </p><p>$92.90</p><a href="https://www.amazon.com/dp/B019T9EHME?tag=eloabder-20&linkCode=osi&th=1&psc=1">View Product</a></div>
<div class="product"><a href="https://www.amazon.com/dp/B073WH3WDR?tag=eloabder-20&linkCode=osi&th=1&psc=1"><img src="https://m.media-amazon.com/images/I/31s4J9BNC5L._SL500_.jpg" alt="Product Image"></a><p>Skechers Women's Squad SR Shoe, Black, 8.5</p><p> -63% 0FF </p><p>$25.00</p><a href="https://www.amazon.com/dp/B073WH3WDR?tag=eloabder-20&linkCode=osi&th=1&psc=1">View Product</a></div><div class="product"><a href="https://www.amazon.com/dp/B0C73MZF8M?tag=eloabder-20&linkCode=osi&th=1&psc=1"><img src="https://m.media-amazon.com/images/I/41yuAR+ADmL._SL500_.jpg" alt="Product Image"></a><p>LARNMERN Men Shoes Non Slip Work Sneakers Plantar Fasciitis Food Service Zapatos Trabajo Antideslizantes Orthopedic Walking Shoes Water Resistant Slip-on, Black 10.5</p><p> -15% 0FF </p><p>$42.42</p><a href="https://www.amazon.com/dp/B0C73MZF8M?tag=eloabder-20&linkCode=osi&th=1&psc=1">View Product</a></div><div class="product"><a href="https://www.amazon.com/dp/B0CJ8ZXF49?tag=eloabder-20&linkCode=osi&th=1&psc=1"><img src="https://m.media-amazon.com/images/I/41FQGDRzYhL._SL500_.jpg" alt="Product Image"></a><p>Bruno Marc Men's Non Slip Shoes, Lightweight Mens Work Shoes & Restaurant or Food Service Sneakers,Size 12,Black,SBWO2302M</p><p> -18% 0FF </p><p>$40.99</p><a href="https://www.amazon.com/dp/B0CJ8ZXF49?tag=eloabder-20&linkCode=osi&th=1&psc=1">View Product</a></div><div class="product"><a href="https://www.amazon.com/dp/B08XK8NZ82?tag=eloabder-20&linkCode=osi&th=1&psc=1"><img src="https://m.media-amazon.com/images/I/41VlYm6BhQL._SL500_.jpg" alt="Product Image"></a><p>Shoes for Crews Everlight Mens Non Slip Work Shoes - Men's Work & Safety Footwear, Lace-Up Breathable Work Shoes for Men, Zapato de Trabajo para Hombre, Size 10 Black</p><p> -14% 0FF </p><p>$59.98</p><a href="https://www.amazon.com/dp/B08XK8NZ82?tag=eloabder-20&linkCode=osi&th=1&psc=1">View Product</a></div><div class="product"><a href="https://www.amazon.com/dp/B01N2ZIDHO?tag=eloabder-20&linkCode=osi&th=1&psc=1"><img src="https://m.media-amazon.com/images/I/41TB3tRdI3L._SL500_.jpg" alt="Product Image"></a><p>Skechers Men's Flex Advantage Bendon Work Shoe, Black, 9.5 Wide</p><p> -25% 0FF </p><p>$63.73</p><a href="https://www.amazon.com/dp/B01N2ZIDHO?tag=eloabder-20&linkCode=osi&th=1&psc=1">View Product</a></div><div class="product"><a href="https://www.amazon.com/dp/B0D95RCCV4?tag=eloabder-20&linkCode=osi&th=1&psc=1"><img src="https://m.media-amazon.com/images/I/414THsyORKL._SL500_.jpg" alt="Product Image"></a><p>Bruno Marc Men's Hands Free Non Slip Work Shoes, Water Resistance Restaurant Slip on Food Service Sneakers,Size 11,Black,SNIC2410M</p><p> -15% 0FF </p><p>$33.14</p><a href="https://www.amazon.com/dp/B0D95RCCV4?tag=eloabder-20&linkCode=osi&th=1&psc=1">View Product</a></div><div class="product"><a href="https://www.amazon.com/dp/B08XLPHX2K?tag=eloabder-20&linkCode=osi&th=1&psc=1"><img src="https://m.media-amazon.com/images/I/41hIoqZEa+L._SL500_.jpg" alt="Product Image"></a><p>Shoes for Crews Everlight, Women's Slip Resistant Work Shoes, Water Resistant, Black, Size 9</p><p> -14% 0FF </p><p>$59.98</p><a href="https://www.amazon.com/dp/B08XLPHX2K?tag=eloabder-20&linkCode=osi&th=1&psc=1">View Product</a></div>

<div class="product"><a href="https://www.amazon.com/dp/B0CP3Q6CCG?tag=eloabder-20&linkCode=osi&th=1&psc=1"><img src="https://m.media-amazon.com/images/I/41sFYNo44HL._SL500_.jpg" alt="Product Image"></a><p>SAFETOE Welding Boots for Men Composite Toe Safety Boots Fire Resistant Welding Boot 300‚ÑÉHeat Resistant Welder Working Boots</p><p> -20% 0FF </p><p>$71.99</p><a href="https://www.amazon.com/dp/B0CP3Q6CCG?tag=eloabder-20&linkCode=osi&th=1&psc=1">View Product</a></div><div class="product"><a href="https://www.amazon.com/dp/B08L6HJJ7C?tag=eloabder-20&linkCode=osi&th=1&psc=1"><img src="https://m.media-amazon.com/images/I/41RzvjdVq0S._SL500_.jpg" alt="Product Image"></a><p>TOSAFZXY Work Safety Boots for Men Durable Crazy-Horse Leather Indestructible Steel Toe Waterproof and Non-Slip Better Warmth Men Work Shoes Black 13</p><p> -21% 0FF </p><p>$76.99</p><a href="https://www.amazon.com/dp/B08L6HJJ7C?tag=eloabder-20&linkCode=osi&th=1&psc=1">View Product</a></div><div class="product"><a href="https://www.amazon.com/dp/B01E7T2S7M?tag=eloabder-20&linkCode=osi&th=1&psc=1"><img src="https://m.media-amazon.com/images/I/41h2ZazEbDL._SL500_.jpg" alt="Product Image"></a><p>Timberland PRO Men's Powertrain Sport Alloy Safety Toe Industrial Athletic Work Shoe AL, Black/Grey, 11</p><p> -15% 0FF </p><p>$93.45</p><a href="https://www.amazon.com/dp/B01E7T2S7M?tag=eloabder-20&linkCode=osi&th=1&psc=1">View Product</a></div>

<div class="product"><a href="https://www.amazon.com/dp/B08G5DNWPH?tag=eloabder-20&linkCode=osi&th=1&psc=1"><img src="https://m.media-amazon.com/images/I/51z+-4Ne7OS._SL500_.jpg" alt="Product Image"></a><p>Palmer Safety Safety Harness w/Detachable 6 ft Lanyard I Single Leg Lanyard w/Internal Shock Absorbing & Snap Hook I OSHA/ANSI Fall Arrest Kit</p><p> -19% 0FF </p><p>$41.80</p><a href="https://www.amazon.com/dp/B08G5DNWPH?tag=eloabder-20&linkCode=osi&th=1&psc=1">View Product</a></div>
<div class="product"><a href="https://www.amazon.com/dp/B07MPC2DL1?tag=eloabder-20&linkCode=osi&th=1&psc=1"><img src="https://m.media-amazon.com/images/I/414lPL-+oSL._SL500_.jpg" alt="Product Image"></a><p>SHINKODA Black Glasses Strap, Sports Sunglasses & Eyeglasses Holder Straps for Men Women, String Holder, Neck Lanyard Cord, Adjustable Rope Eyewear Keeper Strap, Pack of 6</p><p> -30% 0FF </p><p>$6.99</p><a href="https://www.amazon.com/dp/B07MPC2DL1?tag=eloabder-20&linkCode=osi&th=1&psc=1">View Product</a></div>

<div class="product"><a href="https://www.amazon.com/dp/B07N42HH5R?tag=eloabder-20&linkCode=osi&th=1&psc=1"><img src="https://m.media-amazon.com/images/I/41ckLVLEd2L._SL500_.jpg" alt="Product Image"></a><p>X MONSTER HMPE Synthetic Winch Rope 3/8" x 90' Off Road for UTV/ATV Winch Line Cable Rope with Black Protecting Sleeve 18,000 lbs, Orange</p><p> -50% 0FF </p><p>$39.99 ($0.44 / Foot)</p><a href="https://www.amazon.com/dp/B07N42HH5R?tag=eloabder-20&linkCode=osi&th=1&psc=1">View Product</a></div><div class="product"><a href="https://www.amazon.com/dp/B08GC5NMY2?tag=eloabder-20&linkCode=osi&th=1&psc=1"><img src="https://m.media-amazon.com/images/I/41DLu2HOubL._SL500_.jpg" alt="Product Image"></a><p>AuInn Pack of 2 Velvet Stanchion Ropes, 4.9 Feet Stanchion Queue Barrier Rope Velvet Rope, Crowd Control Rope Barrier, with Mirror Polished Hooks (Red)</p><p> -50% 0FF </p><p>$8.24</p><a href="https://www.amazon.com/dp/B08GC5NMY2?tag=eloabder-20&linkCode=osi&th=1&psc=1">View Product</a></div><div class="product"><a href="https://www.amazon.com/dp/B004XAD2IU?tag=eloabder-20&linkCode=osi&th=1&psc=1"><img src="https://m.media-amazon.com/images/I/41OMk7JUdRL._SL500_.jpg" alt="Product Image"></a><p>SeaSense Rope Cutting Gun for Fishing, Boating & Camping ‚Äì 4‚Äô Cord, 1.5 Lbs, 120 V, 100 W & 1.5 A ‚Äì Lightweight Electric Cutter Tool for Synthetic Rope or Line</p><p> -17% 0FF </p><p>$34.49</p><a href="https://www.amazon.com/dp/B004XAD2IU?tag=eloabder-20&linkCode=osi&th=1&psc=1">View Product</a></div><div class="product"><a href="https://www.amazon.com/dp/B000KA4NZI?tag=eloabder-20&linkCode=osi&th=1&psc=1"><img src="https://m.media-amazon.com/images/I/41dG6S68MnL._SL500_.jpg" alt="Product Image"></a><p>Champion Sports DD Series Double Dutch Licorice Jump Ropes - Pink, 16-Feet (Set)</p><p> -37% 0FF </p><p>$10.10</p><a href="https://www.amazon.com/dp/B000KA4NZI?tag=eloabder-20&linkCode=osi&th=1&psc=1">View Product</a></div><div class="product"><a href="https://www.amazon.com/dp/B0BMVK163Z?tag=eloabder-20&linkCode=osi&th=1&psc=1"><img src="https://m.media-amazon.com/images/I/41lSc76CkEL._SL500_.jpg" alt="Product Image"></a><p>FVIEXE 6 Pack Red Velvet Stanchion Rope, 5 Feet Crowd Control Velvet Ropes with Gold Clasps, Foam Core Red Rope Queue Safety Sarriers Stanchion Post Rope for Party Event and Red Carpet</p><p> -6% 0FF </p><p>$32.99</p><a href="https://www.amazon.com/dp/B0BMVK163Z?tag=eloabder-20&linkCode=osi&th=1&psc=1">View Product</a></div>


<div class="product"><a href="https://www.amazon.com/dp/B06X9CYNJF?tag=eloabder-20&linkCode=osi&th=1&psc=1"><img src="https://m.media-amazon.com/images/I/51ZZNuuD3RL._SL500_.jpg" alt="Product Image"></a><p>VIVOHOME Motorcycle Lift Scissor Jack Steel Wide Deck Hoist Crank Center Stand 1100 LBS Capacity for Motorcycles, ATVs, Dirt Bikes Red</p><p> -20% 0FF </p><p>$79.99</p><a href="https://www.amazon.com/dp/B06X9CYNJF?tag=eloabder-20&linkCode=osi&th=1&psc=1">View Product</a></div><div class="product"><a href="https://www.amazon.com/dp/B0B19LHQG9?tag=eloabder-20&linkCode=osi&th=1&psc=1"><img src="https://m.media-amazon.com/images/I/41KGf+arU0L._SL500_.jpg" alt="Product Image"></a><p>EnryKuo Labor Saving Arm Jack 2 Pack,15.5 Inch Multifunctional Furniture Lifter Jacks for Installing Cabinets and Wall Tile Height Adjuster Handheld Tool</p><p> -42% 0FF </p><p>$28.99</p><a href="https://www.amazon.com/dp/B0B19LHQG9?tag=eloabder-20&linkCode=osi&th=1&psc=1">View Product</a></div><div class="product"><a href="https://www.amazon.com/dp/B002671WFC?tag=eloabder-20&linkCode=osi&th=1&psc=1"><img src="https://m.media-amazon.com/images/I/41SUknvQFBL._SL500_.jpg" alt="Product Image"></a><p>Lumex Stand Assist Patient Lift - Safely Sit, Stand, Transfer & Transport - LF1600</p><p> -11% 0FF </p><p>$648.29</p><a href="https://www.amazon.com/dp/B002671WFC?tag=eloabder-20&linkCode=osi&th=1&psc=1">View Product</a></div><div class="product"><a href="https://www.amazon.com/dp/B00022749Q?tag=eloabder-20&linkCode=osi&th=1&psc=1"><img src="https://m.media-amazon.com/images/I/41yCiXKQqmL._SL500_.jpg" alt="Product Image"></a><p>Shoulder Dolly Moving Straps - Lifting Strap for 2 Movers - Move, Lift, Carry, And Secure Furniture, Appliances, Heavy, Bulky Objects Safely, Efficiently, More Easily Like The Pros - LD1000</p><p> -11% 0FF </p><p>$39.99</p><a href="https://www.amazon.com/dp/B00022749Q?tag=eloabder-20&linkCode=osi&th=1&psc=1">View Product</a></div>
<div class="product"><a href="https://www.amazon.com/dp/B01MT1C80C?tag=eloabder-20&linkCode=osi&th=1&psc=1"><img src="https://m.media-amazon.com/images/I/41lL1b8gXCL._SL500_.jpg" alt="Product Image"></a><p>Happybuy Belt Conveyor 59 x 7.8 inch Conveyor Table Heavy Duty Stainless Steel Motorized Belt Conveyor for Inkjet Coding Applications Powered Rubber PVC Belt Anti Static (One Guardrail)</p><p> -30% 0FF </p><p>$249.99</p><a href="https://www.amazon.com/dp/B01MT1C80C?tag=eloabder-20&linkCode=osi&th=1&psc=1">View Product</a></div><div class="product"><a href="https://www.amazon.com/dp/B0C1PBQT7R?tag=eloabder-20&linkCode=osi&th=1&psc=1"><img src="https://m.media-amazon.com/images/I/41qlOkZESjL._SL500_.jpg" alt="Product Image"></a><p>Winco ECT-300 Commercial Conveyor Toaster, 300 Slices/Hour</p><p> -6% 0FF </p><p>$387.41</p><a href="https://www.amazon.com/dp/B0C1PBQT7R?tag=eloabder-20&linkCode=osi&th=1&psc=1">View Product</a></div>

<div class="product"><a href="https://www.amazon.com/dp/B018ANYYJG?tag=eloabder-20&linkCode=osi&th=1&psc=1"><img src="https://m.media-amazon.com/images/I/416JDvu6ogL._SL500_.jpg" alt="Product Image"></a><p>Global Industrial Pallet Jack Truck, 6600 Lb. Capacity, 27 x 48</p><p> -9% 0FF </p><p>$569.73</p><a href="https://www.amazon.com/dp/B018ANYYJG?tag=eloabder-20&linkCode=osi&th=1&psc=1">View Product</a></div>
<div class="product"><a href="https://www.amazon.com/dp/B0D6FZH97Y?tag=eloabder-20&linkCode=osi&th=1&psc=1"><img src="https://m.media-amazon.com/images/I/31pz8LhlttL._SL500_.jpg" alt="Product Image"></a><p>Golpart 6 Tier Adjustable Storage Shelves,Narrow Mesh Gaps Metal Utility Shelf,Wire Shelving Unit Organizer Rack for Home,Kitchen,Office,Bathroom,Pantry Room,10" D x 16" W x 60" H,Black</p><p> -28% 0FF </p><p>$42.99</p><a href="https://www.amazon.com/dp/B0D6FZH97Y?tag=eloabder-20&linkCode=osi&th=1&psc=1">View Product</a></div>

<div class="product"><a href="https://www.amazon.com/dp/B0CC5GTNPG?tag=eloabder-20&linkCode=osi&th=1&psc=1"><img src="https://m.media-amazon.com/images/I/51I6UsNZ7CL._SL500_.jpg" alt="Product Image"></a><p>VEVOR TF23 Hydraulic Lift Table Cart, 500lbs Capacity 28.5" with 4 Wheels and Non-Slip Pad, for Material Handling and Transportation, Red</p><p> -30% 0FF </p><p>$211.49</p><a href="https://www.amazon.com/dp/B0CC5GTNPG?tag=eloabder-20&linkCode=osi&th=1&psc=1">View Product</a></div><div class="product"><a href="https://www.amazon.com/dp/B0CH33RLV1?tag=eloabder-20&linkCode=osi&th=1&psc=1"><img src="https://m.media-amazon.com/images/I/51wMAvcoyJL._SL500_.jpg" alt="Product Image"></a><p>Kolvoii Labor Saving Arm Jack, 2 Pack Stainless Steel Furniture Jack Lifter, Versatile and Easy to Use Arm Jack Improved Quality Lifting Device</p><p> -31% 0FF </p><p>$45.51</p><a href="https://www.amazon.com/dp/B0CH33RLV1?tag=eloabder-20&linkCode=osi&th=1&psc=1">View Product</a></div>
<div class="product"><a href="https://www.amazon.com/dp/B07KCL992V?tag=eloabder-20&linkCode=osi&th=1&psc=1"><img src="https://m.media-amazon.com/images/I/41ebYUzCm3L._SL500_.jpg" alt="Product Image"></a><p>Really Good Stuff Rainbow Organizing Bins, Premium Plastic Book Holders With Name Labels, Vertical Storage & Organization for Classroom & Home, Color Code Files, Books, Binders, Supplies, 12 pk</p><p> -10% 0FF </p><p>$62.09</p><a href="https://www.amazon.com/dp/B07KCL992V?tag=eloabder-20&linkCode=osi&th=1&psc=1">View Product</a></div><div class="product"><a href="https://www.amazon.com/dp/B0768DC8G6?tag=eloabder-20&linkCode=osi&th=1&psc=1"><img src="https://m.media-amazon.com/images/I/51BKAcmJ9qL._SL500_.jpg" alt="Product Image"></a><p>HORUSDY Wall Mounted Storage Bins Parts Rack 30PC Organizer Garage Plastic Shop Tool for Men's Gift, Blue,Orange,Red</p><p> -40% 0FF </p><p>$29.99</p><a href="https://www.amazon.com/dp/B0768DC8G6?tag=eloabder-20&linkCode=osi&th=1&psc=1">View Product</a></div><div class="product"><a href="https://www.amazon.com/dp/B002VK7D5C?tag=eloabder-20&linkCode=osi&th=1&psc=1"><img src="https://m.media-amazon.com/images/I/31Z-XvLCdRL._SL500_.jpg" alt="Product Image"></a><p>Akro-Mils 30210 AkroBins Plastic Hanging Stackable Storage Organizer Bin, 5-Inch x 4-Inch x 3-Inch, Clear, 24-Pack</p><p> -16% 0FF </p><p>$45.97</p><a href="https://www.amazon.com/dp/B002VK7D5C?tag=eloabder-20&linkCode=osi&th=1&psc=1">View Product</a></div>
<div class="product"><a href="https://www.amazon.com/dp/B0BTHQ64ZY?tag=eloabder-20&linkCode=osi&th=1&psc=1"><img src="https://m.media-amazon.com/images/I/310KexriEhL._SL500_.jpg" alt="Product Image"></a><p>PEUKC Display Cabinet with Glass Doors, Curio Cabinets with 4 Adjustable Shelves, Locking Glass Cabinet Display Case for Home, Office, Clinic, Pantry, Assemble Required, Black</p><p> -7% 0FF </p><p>$124.98</p><a href="https://www.amazon.com/dp/B0BTHQ64ZY?tag=eloabder-20&linkCode=osi&th=1&psc=1">View Product</a></div><div class="product"><a href="https://www.amazon.com/dp/B0CRDQFRXC?tag=eloabder-20&linkCode=osi&th=1&psc=1"><img src="https://m.media-amazon.com/images/I/41kJKgAwQTL._SL500_.jpg" alt="Product Image"></a><p>YDTOP Double Tilt Out Trash Cabinet 20 Gallon, Dual Kitchen Wood Trash Can Cabinet with Hideaway Drawers, Freestanding Hidden Garbage Recycling Cabinet Pet Proof, Black</p><p> -29% 0FF </p><p>$119.99</p><a href="https://www.amazon.com/dp/B0CRDQFRXC?tag=eloabder-20&linkCode=osi&th=1&psc=1">View Product</a></div><div class="product"><a href="https://www.amazon.com/dp/B0CPPKWZT1?tag=eloabder-20&linkCode=osi&th=1&psc=1"><img src="https://m.media-amazon.com/images/I/41NLwoLkXbL._SL500_.jpg" alt="Product Image"></a><p>Insputer Pull Out Trash Can Under Cabinet with Soft-Close Slides, Heavy Duty Under Sink Trash Can Kit for Kitchen, Garbage Can Not Included, Requires Minimum Cabinets Opening 12" W X 18" D</p><p> -13% 0FF </p><p>$69.99</p><a href="https://www.amazon.com/dp/B0CPPKWZT1?tag=eloabder-20&linkCode=osi&th=1&psc=1">View Product</a></div><div class="product"><a href="https://www.amazon.com/dp/B0CVQVXN4R?tag=eloabder-20&linkCode=osi&th=1&psc=1"><img src="https://m.media-amazon.com/images/I/41zO0HSzOsL._SL500_.jpg" alt="Product Image"></a><p>HOLDN‚Äô STORAGE Pull Out Trash Can Under Cabinet - Trash Can Not Included - Dedicated Space for Disposable Trash Bags, Requires a 11‚Äù Cabinet Opening, Adjustable, Heavy Duty, Anti Rust Chrome Finish</p><p> -50% 0FF </p><p>$14.99</p><a href="https://www.amazon.com/dp/B0CVQVXN4R?tag=eloabder-20&linkCode=osi&th=1&psc=1">View Product</a></div><div class="product"><a href="https://www.amazon.com/dp/B01N74P0QB?tag=eloabder-20&linkCode=osi&th=1&psc=1"><img src="https://m.media-amazon.com/images/I/41nGX9ZrByL._SL500_.jpg" alt="Product Image"></a><p>Scotch Clear Adhesive Bumper Pads 40 PCS, Self-Stick Rubber Pads 1/2" round, Cabinet Door Rubber Bumpers, Designed to Protect Cabinets and Drawers, Sound Dampening, Transparent (SP951-NA)</p><p> -26% 0FF </p><p>$5.17 ($0.13 / Count)</p><a href="https://www.amazon.com/dp/B01N74P0QB?tag=eloabder-20&linkCode=osi&th=1&psc=1">View Product</a></div><div class="product"><a href="https://www.amazon.com/dp/B0B3WSZ3QP?tag=eloabder-20&linkCode=osi&th=1&psc=1"><img src="https://m.media-amazon.com/images/I/414o0TQt26L._SL500_.jpg" alt="Product Image"></a><p>Set of 4, 10 Inch Non-Skid Lazy Susan Organizers - Turntable Rack for Cabinet, Pantry Organization and Storage, Kitchen, Fridge, Bathroom Makeup Vanity Countertop, Under Sink Organizing, Spice Rack</p><p> -14% 0FF </p><p>$24.96 ($6.24 / Count)</p><a href="https://www.amazon.com/dp/B0B3WSZ3QP?tag=eloabder-20&linkCode=osi&th=1&psc=1">View Product</a></div>
<div class="product"><a href="https://www.amazon.com/dp/B07QSTF4YW?tag=eloabder-20&linkCode=osi&th=1&psc=1"><img src="https://m.media-amazon.com/images/I/41lmEyfx8mL._SL500_.jpg" alt="Product Image"></a><p>Fayleeko Combination Lock, 4 Digit Padlock for School Gym Sports Locker, Fence, Toolbox, Case, Hasp Cabinet Storage (2 Pack, Black)</p><p> -42% 0FF </p><p>$7.48 ($3.74 / Count)</p><a href="https://www.amazon.com/dp/B07QSTF4YW?tag=eloabder-20&linkCode=osi&th=1&psc=1">View Product</a></div><div class="product"><a href="https://www.amazon.com/dp/B0039XQUMM?tag=eloabder-20&linkCode=osi&th=1&psc=1"><img src="https://m.media-amazon.com/images/I/41I1akF19UL._SL500_.jpg" alt="Product Image"></a><p>Master Lock 1561DLTBLU Locker Lock Combination Padlock, 1 Pack, Light Blue</p><p> -11% 0FF </p><p>$11.26</p><a href="https://www.amazon.com/dp/B0039XQUMM?tag=eloabder-20&linkCode=osi&th=1&psc=1">View Product</a></div><div class="product"><a href="https://www.amazon.com/dp/B07RJ9VLTX?tag=eloabder-20&linkCode=osi&th=1&psc=1"><img src="https://m.media-amazon.com/images/I/31SBHrrChGL._SL500_.jpg" alt="Product Image"></a><p>Zarker XD35 Combination Lock, 3-Digit Padlock for School Gym Sports LockerLock, Fence, Toolbox, Case, Hasp Storage (1-Pack, Emerald)</p><p> -29% 0FF </p><p>$8.39</p><a href="https://www.amazon.com/dp/B07RJ9VLTX?tag=eloabder-20&linkCode=osi&th=1&psc=1">View Product</a></div><div class="product"><a href="https://www.amazon.com/dp/B075DFPR2W?tag=eloabder-20&linkCode=osi&th=1&psc=1"><img src="https://m.media-amazon.com/images/I/41RIUm3PW9L._SL500_.jpg" alt="Product Image"></a><p>Puroma 2 Pack Combination Lock 4 Digit Locker Lock Outdoor Waterproof Padlock for School Gym Locker, Sports Locker, Fence, Toolbox, Gate, Case, Hasp Storage (Black)</p><p> -23% 0FF </p><p>$9.99 ($5.00 / Count)</p><a href="https://www.amazon.com/dp/B075DFPR2W?tag=eloabder-20&linkCode=osi&th=1&psc=1">View Product</a></div>
<div class="product"><a href="https://www.amazon.com/dp/B0BD6B5K4Y?tag=eloabder-20&linkCode=osi&th=1&psc=1"><img src="https://m.media-amazon.com/images/I/31yLOibS4VL._SL500_.jpg" alt="Product Image"></a><p>Upgraded Foldable Push Cart Dolly | 330 lbs. Capacity Moving Platform Hand Truck | Heavy Duty Space Saving Collapsible | Swivel Push Handle Flat Bed Wagon - Blue</p><p> -42% 0FF </p><p>$46.25</p><a href="https://www.amazon.com/dp/B0BD6B5K4Y?tag=eloabder-20&linkCode=osi&th=1&psc=1">View Product</a></div><div class="product"><a href="https://www.amazon.com/dp/B00NIXNULM?tag=eloabder-20&linkCode=osi&th=1&psc=1"><img src="https://m.media-amazon.com/images/I/31BEpG+nf1L._SL500_.jpg" alt="Product Image"></a><p>dbest products Trolley Dolly Black Foldable Shopping cart for Groceries with Wheels and Removable Bag and Rolling Personal Handtruck Standard</p><p> -35% 0FF </p><p>$49.99</p><a href="https://www.amazon.com/dp/B00NIXNULM?tag=eloabder-20&linkCode=osi&th=1&psc=1">View Product</a></div><div class="product"><a href="https://www.amazon.com/dp/B09WKC9RCF?tag=eloabder-20&linkCode=osi&th=1&psc=1"><img src="https://m.media-amazon.com/images/I/41jd9gO9acL._SL500_.jpg" alt="Product Image"></a><p>Folding Hand Truck Iron Tube Pull Rod Folding Cart Foldable Trolley Dolly with Wheels Utility Lightweight Expandable Large Chassis Foldable into Backpack,Portable Luggage Cart for Airport Travel</p><p> -16% 0FF </p><p>$25.99</p><a href="https://www.amazon.com/dp/B09WKC9RCF?tag=eloabder-20&linkCode=osi&th=1&psc=1">View Product</a></div><div class="product"><a href="https://www.amazon.com/dp/B09LS718PL?tag=eloabder-20&linkCode=osi&th=1&psc=1"><img src="https://m.media-amazon.com/images/I/41L7uGB-X9L._SL500_.jpg" alt="Product Image"></a><p>GtIiFmTe Folding Hand Truck, Lightweight Hand Truck Dolly Foldable,Luggage cart with 4 Rotate Wheels, Utility Cart with Adjustable Handle,Collapsible Dolly for Moving Travel Shopping Airport Office</p><p> -8% 0FF </p><p>$34.99</p><a href="https://www.amazon.com/dp/B09LS718PL?tag=eloabder-20&linkCode=osi&th=1&psc=1">View Product</a></div><div class="product"><a href="https://www.amazon.com/dp/B097PJC4LW?tag=eloabder-20&linkCode=osi&th=1&psc=1"><img src="https://m.media-amazon.com/images/I/41blpdzW8mL._SL500_.jpg" alt="Product Image"></a><p>SOLEJAZZ Folding Hand Truck Portable Dolly for Moving, 500LB Luggage Cart Dolly with 6 Wheels & 2 Bungee Cords for Travel, Moving, Shopping Use, Black</p><p> -37% 0FF </p><p>$37.98</p><a href="https://www.amazon.com/dp/B097PJC4LW?tag=eloabder-20&linkCode=osi&th=1&psc=1">View Product</a></div><div class="product"><a href="https://www.amazon.com/dp/B091B4769L?tag=eloabder-20&linkCode=osi&th=1&psc=1"><img src="https://m.media-amazon.com/images/I/41sHihEAqdL._SL500_.jpg" alt="Product Image"></a><p>CLAX¬Æ The Original | Made in Germany | Multi use Functional Collapsible carts | Mobile Folding Trolley | Shopping cart with Storage Crate | Platform Truck (Green)</p><p> -23% 0FF </p><p>$231.19</p><a href="https://www.amazon.com/dp/B091B4769L?tag=eloabder-20&linkCode=osi&th=1&psc=1">View Product</a></div>

<div class="product"><a href="https://www.amazon.com/dp/B0000AXNO5?tag=eloabder-20&linkCode=osi&th=1&psc=1"><img src="https://m.media-amazon.com/images/I/411lu8hpsTL._SL500_.jpg" alt="Product Image"></a><p>SIMPLE GREEN ndustrial Cleaner and Degreaser, 1 US GALLON</p><p> -49% 0FF </p><p>$12.79 ($0.10 / Fl Oz)</p><a href="https://www.amazon.com/dp/B0000AXNO5?tag=eloabder-20&linkCode=osi&th=1&psc=1">View Product</a></div><div class="product"><a href="https://www.amazon.com/dp/B0B6HNYPD1?tag=eloabder-20&linkCode=osi&th=1&psc=1"><img src="https://m.media-amazon.com/images/I/51EInWKBX1L._SL500_.jpg" alt="Product Image"></a><p>String Mop for Floor Cleaning - Heavy Duty Industrial Commercial Mop with Extra Replacement Mop Head , 59inch Mop Handle, Wet Mop for Home,Garage,Office, Workshop, Warehouse Floor Cleaning</p><p> -22% 0FF </p><p>$28.98</p><a href="https://www.amazon.com/dp/B0B6HNYPD1?tag=eloabder-20&linkCode=osi&th=1&psc=1">View Product</a></div><div class="product"><a href="https://www.amazon.com/dp/B09V5FV7H8?tag=eloabder-20&linkCode=osi&th=1&psc=1"><img src="https://m.media-amazon.com/images/I/41GFVuDbcUL._SL500_.jpg" alt="Product Image"></a><p>VELCRO Brand Industrial Strength Fasteners | Extreme Outdoor Weather Conditions | Heavy Duty Strength Holds up to 15 lbs | 4 x 2 inch Strips, 3 Sets, Black (VEL-30758-USA)</p><p> -30% 0FF </p><p>$5.27</p><a href="https://www.amazon.com/dp/B09V5FV7H8?tag=eloabder-20&linkCode=osi&th=1&psc=1">View Product</a></div><div class="product"><a href="https://www.amazon.com/dp/B00006RSP1?tag=eloabder-20&linkCode=osi&th=1&psc=1"><img src="https://m.media-amazon.com/images/I/41oE--c0W-L._SL500_.jpg" alt="Product Image"></a><p>VELCRO Brand Heavy Duty Tape with Adhesive | 15 Ft x 2 In | Holds 10 lbs, Black | Industrial Strength Roll, Cut Strips to Length | Strong Hold for Indoor or Outdoor Use, 15ft x 2in</p><p> -50% 0FF </p><p>$20.24</p><a href="https://www.amazon.com/dp/B00006RSP1?tag=eloabder-20&linkCode=osi&th=1&psc=1">View Product</a></div><div class="product"><a href="https://www.amazon.com/dp/B0BDLFSZR4?tag=eloabder-20&linkCode=osi&th=1&psc=1"><img src="https://m.media-amazon.com/images/I/41tLbo5s0BL._SL500_.jpg" alt="Product Image"></a><p>KeFanta Commercial Mop Heavy Duty Industrial Mop with Long Handle,60" Looped-End String Wet Cotton Mops for Floor Cleaning,Home,Kitchen,Office,Garage and Concrete/Tile Floor</p><p> -5% 0FF </p><p>$19.97</p><a href="https://www.amazon.com/dp/B0BDLFSZR4?tag=eloabder-20&linkCode=osi&th=1&psc=1">View Product</a></div>
<div class="product"><a href="https://www.amazon.com/dp/B0CTJ4Y52T?tag=eloabder-20&linkCode=osi&th=1&psc=1"><img src="https://m.media-amazon.com/images/I/410DrBVMpwL._SL500_.jpg" alt="Product Image"></a><p>Ernst Manufacturing Wrench Pro Wrench Storage for 20 Wrenches - Hi-Viz</p><p> -5% 0FF </p><p>$16.10</p><a href="https://www.amazon.com/dp/B0CTJ4Y52T?tag=eloabder-20&linkCode=osi&th=1&psc=1">View Product</a></div><div class="product"><a href="https://www.amazon.com/dp/B011BDWS5Y?tag=eloabder-20&linkCode=osi&th=1&psc=1"><img src="https://m.media-amazon.com/images/I/31vzNsRYhkL._SL500_.jpg" alt="Product Image"></a><p>Tower Manufacturing 30434009 Auto-Reset 15 AMP Right Angle GFCI Plug, Black</p><p> -6% 0FF </p><p>$16.96</p><a href="https://www.amazon.com/dp/B011BDWS5Y?tag=eloabder-20&linkCode=osi&th=1&psc=1">View Product</a></div><div class="product"><a href="https://www.amazon.com/dp/B0CTJ78V81?tag=eloabder-20&linkCode=osi&th=1&psc=1"><img src="https://m.media-amazon.com/images/I/41NufwoDLiL._SL500_.jpg" alt="Product Image"></a><p>Ernst Manufacturing Wrench Pro - Modular Wrench Organizer for 40 Tools with Magnetic Base (Hi-Viz) - Made in the USA</p><p> -5% 0FF </p><p>$37.95</p><a href="https://www.amazon.com/dp/B0CTJ78V81?tag=eloabder-20&linkCode=osi&th=1&psc=1">View Product</a></div><div class="product"><a href="https://www.amazon.com/dp/B075XZPMHX?tag=eloabder-20&linkCode=osi&th=1&psc=1"><img src="https://m.media-amazon.com/images/I/41YihmHjGFL._SL500_.jpg" alt="Product Image"></a><p>PURELL Brand CLEAN RELEASE Technology (CRT) HEALTHY SOAP Naturally Clean Foam, Fragrance Free, 1200 mL Refill for PURELL ES6 Automatic Soap Dispenser (Pack of 2) - 6470-02-Manufactured by GOJO, Inc.</p><p> -14% 0FF </p><p>$51.86 ($1.28 / Fl Oz)</p><a href="https://www.amazon.com/dp/B075XZPMHX?tag=eloabder-20&linkCode=osi&th=1&psc=1">View Product</a></div><div class="product"><a href="https://www.amazon.com/dp/B012IMWAXW?tag=eloabder-20&linkCode=osi&th=1&psc=1"><img src="https://m.media-amazon.com/images/I/41jdAol8VML._SL500_.jpg" alt="Product Image"></a><p>Schaeffer Manufacturing Co. 0191-012S Micron Moly Racing Engine Oil 20W-50, 1-Quart Bottle</p><p> -8% 0FF </p><p>$10.48</p><a href="https://www.amazon.com/dp/B012IMWAXW?tag=eloabder-20&linkCode=osi&th=1&psc=1">View Product</a></div><div class="product"><a href="https://www.amazon.com/dp/B09F8CM69J?tag=eloabder-20&linkCode=osi&th=1&psc=1"><img src="https://m.media-amazon.com/images/I/41Ok3l4S+nL._SL500_.jpg" alt="Product Image"></a><p>Boka Fluoride Free Toothpaste- Nano Hydroxyapatite, Remineralizing, Sensitive Teeth, Whitening - Dentist Recommended for Adult, Kids Oral Care- Lemon Lavender Flavor, 4 Fl Oz 1Pk US Manufactured</p><p> -19% 0FF </p><p>$12.99 ($3.25 / Ounce)</p><a href="https://www.amazon.com/dp/B09F8CM69J?tag=eloabder-20&linkCode=osi&th=1&psc=1">View Product</a></div><div class="product"><a href="https://www.amazon.com/dp/B0060BFYHM?tag=eloabder-20&linkCode=osi&th=1&psc=1"><img src="https://m.media-amazon.com/images/I/41oFKMzBXIL._SL500_.jpg" alt="Product Image"></a><p>Ernst Manufacturing 3/8-Inch Dura-Pro Twist Lock Socket Clips, 15-Pack, Black - 8441</p><p> -25% 0FF </p><p>$7.99</p><a href="https://www.amazon.com/dp/B0060BFYHM?tag=eloabder-20&linkCode=osi&th=1&psc=1">View Product</a></div>
<div class="product"><a href="https://www.amazon.com/dp/B0094KPK70?tag=eloabder-20&linkCode=osi&th=1&psc=1"><img src="https://m.media-amazon.com/images/I/31gFDiqADHL._SL500_.jpg" alt="Product Image"></a><p>Miss Jessie's Pillow Soft Curls Unisex Lotion 8.5 oz</p><p> -11% 0FF </p><p>$21.97 ($2.58 / Fl Oz)</p><a href="https://www.amazon.com/dp/B0094KPK70?tag=eloabder-20&linkCode=osi&th=1&psc=1">View Product</a></div><div class="product"><a href="https://www.amazon.com/dp/B000052YCL?tag=eloabder-20&linkCode=osi&th=1&psc=1"><img src="https://m.media-amazon.com/images/I/41LCxmzicBL._SL500_.jpg" alt="Product Image"></a><p>biot√®ne Oral Rinse Mouthwash for Dry Mouth, Breath Freshener and Dry Mouth Treatment, Fresh Mint, 16 fl oz</p><p> -15% 0FF </p><p>$6.79 ($0.42 / Fl Oz)</p><a href="https://www.amazon.com/dp/B000052YCL?tag=eloabder-20&linkCode=osi&th=1&psc=1">View Product</a></div><div class="product"><a href="https://www.amazon.com/dp/B006ZUW070?tag=eloabder-20&linkCode=osi&th=1&psc=1"><img src="https://m.media-amazon.com/images/I/311iQ7u1zvS._SL500_.jpg" alt="Product Image"></a><p>Method Antibacterial Toilet Bowl Cleaner, Spearmint, Kills 99.9% of Household Germs, 24 Fl Oz</p><p> -58% 0FF </p><p>$4.39 ($0.18 / Fl Oz)</p><a href="https://www.amazon.com/dp/B006ZUW070?tag=eloabder-20&linkCode=osi&th=1&psc=1">View Product</a></div><div class="product"><a href="https://www.amazon.com/dp/B002KAOAZ4?tag=eloabder-20&linkCode=osi&th=1&psc=1"><img src="https://m.media-amazon.com/images/I/41MXc4FkUXL._SL500_.jpg" alt="Product Image"></a><p>biot√®ne Oral Rinse Mouthwash for Dry Mouth, Breath Freshener and Dry Mouth Treatment, Fresh Mint - 33.8 fl oz</p><p> -22% 0FF </p><p>$10.98 ($0.32 / Fl Oz)</p><a href="https://www.amazon.com/dp/B002KAOAZ4?tag=eloabder-20&linkCode=osi&th=1&psc=1">View Product</a></div><div class="product"><a href="https://www.amazon.com/dp/B002L13EK4?tag=eloabder-20&linkCode=osi&th=1&psc=1"><img src="https://m.media-amazon.com/images/I/41WL7dl9L-L._SL500_.jpg" alt="Product Image"></a><p>Core Products Soft Comfort CorPak, No Frost Hot and Cold Therapy Pack - 10" x 13", Made in The USA</p><p> -17% 0FF </p><p>$14.98 ($14.98 / Count)</p><a href="https://www.amazon.com/dp/B002L13EK4?tag=eloabder-20&linkCode=osi&th=1&psc=1">View Product</a></div>
<div class="product"><a href="https://www.amazon.com/dp/B0CRNSYY12?tag=eloabder-20&linkCode=osi&th=1&psc=1"><img src="https://m.media-amazon.com/images/I/41CCImE12+L._SL500_.jpg" alt="Product Image"></a><p>Pvilub UFO LED High Bay Light 200W 2 Pack, 5000K Dimmable High Bay LED Light Fixture with US Plug 5' Cable, 28000LM IP65 Waterproof High Bay Lights for Workshop Factory Barn Warehouse</p><p> -50% 0FF </p><p>$44.99 ($22.50 / Count)</p><a href="https://www.amazon.com/dp/B0CRNSYY12?tag=eloabder-20&linkCode=osi&th=1&psc=1">View Product</a></div><div class="product"><a href="https://www.amazon.com/dp/B0CXX9R85C?tag=eloabder-20&linkCode=osi&th=1&psc=1"><img src="https://m.media-amazon.com/images/I/415nSzRaRzL._SL500_.jpg" alt="Product Image"></a><p>Sud Factory Dissolve X2 Upgraded Paint Hard Water Spot & Stain Remover for Cars, Trucks, Boats, Motorcycle, RVs, Homes & More - 16oz</p><p> -5% 0FF </p><p>$31.32 ($1.96 / Fl Oz)</p><a href="https://www.amazon.com/dp/B0CXX9R85C?tag=eloabder-20&linkCode=osi&th=1&psc=1">View Product</a></div><div class="product"><a href="https://www.amazon.com/dp/B0CYQ6YG8V?tag=eloabder-20&linkCode=osi&th=1&psc=1"><img src="https://m.media-amazon.com/images/I/415R2W7EePL._SL500_.jpg" alt="Product Image"></a><p>4-Pack UFO LED High Bay Light 200W, High Bay LED Shop Lights 6500K 30000LM Daylight UL Listed with US Plug 5' Cable, Hanging Hook, LED UFO High Bay Lights for Warehouse Workshop Garage Factory Barn</p><p> -32% 0FF </p><p>$129.99</p><a href="https://www.amazon.com/dp/B0CYQ6YG8V?tag=eloabder-20&linkCode=osi&th=1&psc=1">View Product</a></div><div class="product"><a href="https://www.amazon.com/dp/B00T3Z6VG0?tag=eloabder-20&linkCode=osi&th=1&psc=1"><img src="https://m.media-amazon.com/images/I/41HMtL8drLL._SL500_.jpg" alt="Product Image"></a><p>Lifefactory 20-Ounce Indoor/Outdoor Protective Silicone Sleeve Beverage Glass, 4 Count (Pack of 1), Orange, Grass Green, Cobalt, Huckleberry</p><p> -20% 0FF </p><p>$39.99 ($10.00 / Count)</p><a href="https://www.amazon.com/dp/B00T3Z6VG0?tag=eloabder-20&linkCode=osi&th=1&psc=1">View Product</a></div><div class="product"><a href="https://www.amazon.com/dp/B0CYQ2W7YR?tag=eloabder-20&linkCode=osi&th=1&psc=1"><img src="https://m.media-amazon.com/images/I/41zMwlG6vaL._SL500_.jpg" alt="Product Image"></a><p>6 Packs UFO LED High Bay Light - 200W High Bay LED Shop Lights, 6500K 30000LM UFO Lights with US Plug 5ft Cable, Hanging Hook, Commercial Bay Lighting Daylight for Warehouse Factory Shop - UL Listed</p><p> -36% 0FF </p><p>$179.99 ($30.00 / Count)</p><a href="https://www.amazon.com/dp/B0CYQ2W7YR?tag=eloabder-20&linkCode=osi&th=1&psc=1">View Product</a></div><div class="product"><a href="https://www.amazon.com/dp/B08Y2J4C4C?tag=eloabder-20&linkCode=osi&th=1&psc=1"><img src="https://m.media-amazon.com/images/I/41T83Y3drrL._SL500_.jpg" alt="Product Image"></a><p>Factory Direct Partners 10368-BK 16" School Stack Chair, Stacking Student Seat with Chromed Steel Legs and Nylon Swivel Glides for in-Home Learning or Classroom - Black (6-Pack)</p><p> -21% 0FF </p><p>$240.05 ($40.01 / Count)</p><a href="https://www.amazon.com/dp/B08Y2J4C4C?tag=eloabder-20&linkCode=osi&th=1&psc=1">View Product</a></div><div class="product"><a href="https://www.amazon.com/dp/B0D6X64LWH?tag=eloabder-20&linkCode=osi&th=1&psc=1"><img src="https://m.media-amazon.com/images/I/41MQiiwVEsL._SL500_.jpg" alt="Product Image"></a><p>White Knight M12x1.25 Lug Nuts for Select Nissan and Infiniti, Factory Style Chrome Med Mag with Washer - 5306-20AM (20 Pack)</p><p> -16% 0FF </p><p>$20.88</p><a href="https://www.amazon.com/dp/B0D6X64LWH?tag=eloabder-20&linkCode=osi&th=1&psc=1">View Product</a></div>
<div class="product"><a href="https://www.amazon.com/dp/B0CKWZTJTL?tag=eloabder-20&linkCode=osi&th=1&psc=1"><img src="https://m.media-amazon.com/images/I/51x2qwWd-3L._SL500_.jpg" alt="Product Image"></a><p>VEVOR 4pcs Machinery Mover, 8T Machinery Skate Dolly, 17637lbs Machinery Moving Skate, Machinery Mover Skate w/ 360¬∞ Rotation Cap and 4 Rollers, Heavy Duty Industrial Moving Equipment, Yellow</p><p> -5% 0FF </p><p>$142.49</p><a href="https://www.amazon.com/dp/B0CKWZTJTL?tag=eloabder-20&linkCode=osi&th=1&psc=1">View Product</a></div><div class="product"><a href="https://www.amazon.com/dp/B0CB8VNTLN?tag=eloabder-20&linkCode=osi&th=1&psc=1"><img src="https://m.media-amazon.com/images/I/41PG7e4nerL._SL500_.jpg" alt="Product Image"></a><p>VEVOR Machinery Skate Dolly, 13,200 LBS/6T Industrial Machinery Mover, Heavy Duty Carbon Steel Machinery Moving Skate with 4 PU Wheels and 360¬∞ Rotation Non-Slip Cap for Warehouse, Workshop, Factory</p><p> -26% 0FF </p><p>$29.69</p><a href="https://www.amazon.com/dp/B0CB8VNTLN?tag=eloabder-20&linkCode=osi&th=1&psc=1">View Product</a></div><div class="product"><a href="https://www.amazon.com/dp/B0BG5HT6VK?tag=eloabder-20&linkCode=osi&th=1&psc=1"><img src="https://m.media-amazon.com/images/I/419hHIpihrL._SL500_.jpg" alt="Product Image"></a><p>VEVOR Machinery Skate Dolly, 6614 LBS/3T Industrial Machinery Mover with Handle, Carbon Steel Machinery Moving Skate with 3 360¬∞ Swivel PU Wheels, 360¬∞ Rotation Non-Slip Cap for Warehouse, Workshop</p><p> -9% 0FF </p><p>$99.99</p><a href="https://www.amazon.com/dp/B0BG5HT6VK?tag=eloabder-20&linkCode=osi&th=1&psc=1">View Product</a></div>
<div class="product"><a href="https://www.amazon.com/dp/B07R71PYPH?tag=eloabder-20&linkCode=osi&th=1&psc=1"><img src="https://m.media-amazon.com/images/I/51xY0A0dj6L._SL500_.jpg" alt="Product Image"></a><p>NEENCA Professional Knee Brace for Pain Relief, Medical Knee Support with Patella Pad & Side Stabilizers, Compression Knee Sleeve for Meniscus Tear, ACL, Joint Pain, Runner, Workout - FSA/HSA Eligible</p><p> -15% 0FF </p><p>$22.07</p><a href="https://www.amazon.com/dp/B07R71PYPH?tag=eloabder-20&linkCode=osi&th=1&psc=1">View Product</a></div><div class="product"><a href="https://www.amazon.com/dp/B0D8KQ4349?tag=eloabder-20&linkCode=osi&th=1&psc=1"><img src="https://m.media-amazon.com/images/I/41E0E-DrOiL._SL500_.jpg" alt="Product Image"></a><p>Rechargeable EMF Meter, 5 Level LED Portable Handheld Magnetic Field Detector for Ghost Hunting and Inspections in Home, Electromagnetic Paranormal Equipment Tester Up to 20 + MG</p><p> -17% 0FF </p><p>$14.99</p><a href="https://www.amazon.com/dp/B0D8KQ4349?tag=eloabder-20&linkCode=osi&th=1&psc=1">View Product</a></div><div class="product"><a href="https://www.amazon.com/dp/B08R6XRYVD?tag=eloabder-20&linkCode=osi&th=1&psc=1"><img src="https://m.media-amazon.com/images/I/31Oss0Gr+fL._SL500_.jpg" alt="Product Image"></a><p>99.9% Copper Dowsing Rods - 2PCS Divining Rods - for Ghost Hunting Tools, Divining Water, Treasure, Buried Items Etc</p><p> -30% 0FF </p><p>$13.99</p><a href="https://www.amazon.com/dp/B08R6XRYVD?tag=eloabder-20&linkCode=osi&th=1&psc=1">View Product</a></div>
<div class="product"><a href="https://www.amazon.com/dp/B0723914V1?tag=eloabder-20&linkCode=osi&th=1&psc=1"><img src="https://m.media-amazon.com/images/I/51A+d87r2aL._SL500_.jpg" alt="Product Image"></a><p>DEKOPRO 228 Piece Socket Wrench Auto Repair Tool Combination Package Mixed Tool Set Hand Tool Kit with Plastic Toolbox Storage Case</p><p> -20% 0FF </p><p>$79.99</p><a href="https://www.amazon.com/dp/B0723914V1?tag=eloabder-20&linkCode=osi&th=1&psc=1">View Product</a></div><div class="product"><a href="https://www.amazon.com/dp/B0105SSMRO?tag=eloabder-20&linkCode=osi&th=1&psc=1"><img src="https://m.media-amazon.com/images/I/313ovohBnZL._SL500_.jpg" alt="Product Image"></a><p>7-piece Workpro Pliers Set with Groove Joint, Long Nose, Slip Joint, Linesman, and Diagonal Pliers for DIY & Home Use</p><p> -20% 0FF </p><p>$19.99</p><a href="https://www.amazon.com/dp/B0105SSMRO?tag=eloabder-20&linkCode=osi&th=1&psc=1">View Product</a></div><div class="product"><a href="https://www.amazon.com/dp/B0BR8B8XKJ?tag=eloabder-20&linkCode=osi&th=1&psc=1"><img src="https://m.media-amazon.com/images/I/41fSDIgwWCL._SL500_.jpg" alt="Product Image"></a><p>2Pcs Heavy Duty Automatic Center Punch, 5'' Premium Steel Spring Loaded Center Hole Punch, Adjustable Spring Impact Center Marker Scriber Tool for Metel, Plastics, Wood, Glass by karmiero</p><p> -20% 0FF </p><p>$3.99</p><a href="https://www.amazon.com/dp/B0BR8B8XKJ?tag=eloabder-20&linkCode=osi&th=1&psc=1">View Product</a></div><div class="product"><a href="https://www.amazon.com/dp/B08YRLZCPJ?tag=eloabder-20&linkCode=osi&th=1&psc=1"><img src="https://m.media-amazon.com/images/I/51LIpo1iBZS._SL500_.jpg" alt="Product Image"></a><p>Egofine 46 Pieces 1/4 inch Drive Socket Ratchet Wrench Set, with Bit Socket Set Metric and Extension Bar for Auto Repairing and Household, with Storage Case</p><p> -23% 0FF </p><p>$19.87</p><a href="https://www.amazon.com/dp/B08YRLZCPJ?tag=eloabder-20&linkCode=osi&th=1&psc=1">View Product</a></div><div class="product"><a href="https://www.amazon.com/dp/B07WP4165D?tag=eloabder-20&linkCode=osi&th=1&psc=1"><img src="https://m.media-amazon.com/images/I/51TA+8eP4zL._SL500_.jpg" alt="Product Image"></a><p>Laser Level Line Tool, Multipurpose Laser Level Kit Standard Cross Line Laser leveler Beam Tool with Metric Rulers 8ft/2.5M for Picture Hanging cabinets Tile Walls by AikTryee.</p><p> -48% 0FF </p><p>$9.95</p><a href="https://www.amazon.com/dp/B07WP4165D?tag=eloabder-20&linkCode=osi&th=1&psc=1">View Product</a></div><div class="product"><a href="https://www.amazon.com/dp/B09TB7M842?tag=eloabder-20&linkCode=osi&th=1&psc=1"><img src="https://m.media-amazon.com/images/I/412U9M3sOcL._SL500_.jpg" alt="Product Image"></a><p>DEWALT 20V MAX XR Cut Off Tool, Brushless and Compact, Bare Tool Only (DCS438B)</p><p> -37% 0FF </p><p>$125.90</p><a href="https://www.amazon.com/dp/B09TB7M842?tag=eloabder-20&linkCode=osi&th=1&psc=1">View Product</a></div><div class="product"><a href="https://www.amazon.com/dp/B0BRPVRC77?tag=eloabder-20&linkCode=osi&th=1&psc=1"><img src="https://m.media-amazon.com/images/I/51DFLa11vEL._SL500_.jpg" alt="Product Image"></a><p>HORUSDY 16-Piece Punch and Chisel Set, Including Taper Punch, Cold Chisels, Pin Punch, Center Punch</p><p> -22% 0FF </p><p>$20.99</p><a href="https://www.amazon.com/dp/B0BRPVRC77?tag=eloabder-20&linkCode=osi&th=1&psc=1">View Product</a></div>
<div class="product"><a href="https://www.amazon.com/dp/B088M48Z3G?tag=eloabder-20&linkCode=osi&th=1&psc=1"><img src="https://m.media-amazon.com/images/I/51MV5+juS8L._SL500_.jpg" alt="Product Image"></a><p>anezus Self Healing Sewing Mat, 12inch x 18inch Rotary Cutting Mat Double Sided 5-Ply Craft Cutting Board for Sewing Crafts Hobby Fabric Precision Scrapbooking Project</p><p> -44% 0FF </p><p>$8.99</p><a href="https://www.amazon.com/dp/B088M48Z3G?tag=eloabder-20&linkCode=osi&th=1&psc=1">View Product</a></div><div class="product"><a href="https://www.amazon.com/dp/B0BX2BN5KQ?tag=eloabder-20&linkCode=osi&th=1&psc=1"><img src="https://m.media-amazon.com/images/I/31VTaTFWBXL._SL500_.jpg" alt="Product Image"></a><p>12 * 12 inch Packing Paper for Moving 100 Sheets Protecting Fragile China and Glasses,Small Wrapping Paper for Shipping and Moving Box Filler</p><p> -20% 0FF </p><p>$6.99 ($0.07 / Count)</p><a href="https://www.amazon.com/dp/B0BX2BN5KQ?tag=eloabder-20&linkCode=osi&th=1&psc=1">View Product</a></div>
<div class="product"><a href="https://www.amazon.com/dp/B0CMZZGXPX?tag=eloabder-20&linkCode=osi&th=1&psc=1"><img src="https://m.media-amazon.com/images/I/31YMA2qw31L._SL500_.jpg" alt="Product Image"></a><p>CREGEAR ABS Plastic Sheet 1/8 Inch Thick - 12" x 12", Black Plastic Sheet Rigid Thermoplastic Sheet, ABS Plastic Board for Sign, Craft, DIY Project, 2 Different Surfaces - Texture & Smooth, 1 Pack</p><p> -11% 0FF </p><p>$7.97</p><a href="https://www.amazon.com/dp/B0CMZZGXPX?tag=eloabder-20&linkCode=osi&th=1&psc=1">View Product</a></div>
<div class="product"><a href="https://www.amazon.com/dp/B0B293QNWQ?tag=eloabder-20&linkCode=osi&th=1&psc=1"><img src="https://m.media-amazon.com/images/I/41+feq08GCL._SL500_.jpg" alt="Product Image"></a><p>Metal Ice Scoop 6 OzÔºåKitchen Ice Scooper for Ice Maker, Small Food Scoops for Bar Party Wedding Pet Dog Food, Stainless Steel Silver</p><p> -30% 0FF </p><p>$6.99</p><a href="https://www.amazon.com/dp/B0B293QNWQ?tag=eloabder-20&linkCode=osi&th=1&psc=1">View Product</a></div><div class="product"><a href="https://www.amazon.com/dp/B07PXLJ9MP?tag=eloabder-20&linkCode=osi&th=1&psc=1"><img src="https://m.media-amazon.com/images/I/41YOR10YvIL._SL500_.jpg" alt="Product Image"></a><p>Fayleeko Wire Coat Hangers 40 Pack Strong Heavy Duty Stainless Steel Metal Ultra Thin Space Saving Clothes Hangers 16.5 Inch</p><p> -38% 0FF </p><p>$24.88 ($0.62 / Count)</p><a href="https://www.amazon.com/dp/B07PXLJ9MP?tag=eloabder-20&linkCode=osi&th=1&psc=1">View Product</a></div><div class="product"><a href="https://www.amazon.com/dp/B000H5W3PI?tag=eloabder-20&linkCode=osi&th=1&psc=1"><img src="https://m.media-amazon.com/images/I/21FCToLy5VL._SL500_.jpg" alt="Product Image"></a><p>K&S Sheet Metal Stock, Made in The USA,Stainless Steel/Silver</p><p> -14% 0FF </p><p>$6.47</p><a href="https://www.amazon.com/dp/B000H5W3PI?tag=eloabder-20&linkCode=osi&th=1&psc=1">View Product</a></div><div class="product"><a href="https://www.amazon.com/dp/B07GDDF5JB?tag=eloabder-20&linkCode=osi&th=1&psc=1"><img src="https://m.media-amazon.com/images/I/31dFxe1Df0L._SL500_.jpg" alt="Product Image"></a><p>HURRICANE 10 Inch Aviation Tin Snips, Heavy Duty Metal Cutter Shears for Cutting Sheet Metal, Straight Cut, Chrome Vanadium Steel</p><p> -30% 0FF </p><p>$13.99</p><a href="https://www.amazon.com/dp/B07GDDF5JB?tag=eloabder-20&linkCode=osi&th=1&psc=1">View Product</a></div>
<div class="product"><a href="https://www.amazon.com/dp/B0D95L6W5J?tag=eloabder-20&linkCode=osi&th=1&psc=1"><img src="https://m.media-amazon.com/images/I/41tbedSgDfL._SL500_.jpg" alt="Product Image"></a><p>Tandefio 40 Sticks Brazing Rods Bcup-5 Solder Phos Copper Brazing Alloys Flat Welding Rods Industry 0.050"x1/8"x10" for Air Conditioning Refrigerator Cold Storage HVAC Units (Phosphor Copper)</p><p> -5% 0FF </p><p>$20.99</p><a href="https://www.amazon.com/dp/B0D95L6W5J?tag=eloabder-20&linkCode=osi&th=1&psc=1">View Product</a></div>
<div class="product"><a href="https://www.amazon.com/dp/B0053KMAMI?tag=eloabder-20&linkCode=osi&th=1&psc=1"><img src="https://m.media-amazon.com/images/I/41f4ot2fnZL._SL500_.jpg" alt="Product Image"></a><p>Party Dimensions Plastic 300 Count Cutlery Combo Box, Clear, Combo Box, Clear 300 Count</p><p> -25% 0FF </p><p>$14.99</p><a href="https://www.amazon.com/dp/B0053KMAMI?tag=eloabder-20&linkCode=osi&th=1&psc=1">View Product</a></div><div class="product"><a href="https://www.amazon.com/dp/B0CCMNPWGW?tag=eloabder-20&linkCode=osi&th=1&psc=1"><img src="https://m.media-amazon.com/images/I/41k5QSXXF8L._SL500_.jpg" alt="Product Image"></a><p>6 Pack Black Plastic Sheets 8x12x0.04 in Flexible High Tensile Plastic Sheets,Plastic Sheet Hard Plastic Sheet Black Plastic Panel for DIY Materials Handicrafts Home Decoration</p><p> -22% 0FF </p><p>$6.99</p><a href="https://www.amazon.com/dp/B0CCMNPWGW?tag=eloabder-20&linkCode=osi&th=1&psc=1">View Product</a></div><div class="product"><a href="https://www.amazon.com/dp/B085T6685R?tag=eloabder-20&linkCode=osi&th=1&psc=1"><img src="https://m.media-amazon.com/images/I/41RbX0YJ2PL._SL500_.jpg" alt="Product Image"></a><p>POSATE Heavy Weight Plastic Forks, Clear Disposable, 100 Count</p><p> -47% 0FF </p><p>$13.80</p><a href="https://www.amazon.com/dp/B085T6685R?tag=eloabder-20&linkCode=osi&th=1&psc=1">View Product</a></div><div class="product"><a href="https://www.amazon.com/dp/B0C1JMKHL4?tag=eloabder-20&linkCode=osi&th=1&psc=1"><img src="https://m.media-amazon.com/images/I/51vGnsuo0GL._SL500_.jpg" alt="Product Image"></a><p>MOACOCK 200 Count Plastic Silverware, Heavy Weight Plastic Forks Spoons Disposable Utensils Cutlery Set for Wedding Party Supplies Everyday Use</p><p> -7% 0FF </p><p>$12.99</p><a href="https://www.amazon.com/dp/B0C1JMKHL4?tag=eloabder-20&linkCode=osi&th=1&psc=1">View Product</a></div><div class="product"><a href="https://www.amazon.com/dp/B0CZHZ4VYY?tag=eloabder-20&linkCode=osi&th=1&psc=1"><img src="https://m.media-amazon.com/images/I/41NCRYSzzPL._SL500_.jpg" alt="Product Image"></a><p>Dealusy 100 Count Extra Heavy Duty Clear Plastic Knives Disposable, BPA-Free, Heat Resistant, Solid and Durable Disposable Knives Bulk, Premium Plastic Knives heavy duty for Party Supply</p><p> -31% 0FF </p><p>$8.99</p><a href="https://www.amazon.com/dp/B0CZHZ4VYY?tag=eloabder-20&linkCode=osi&th=1&psc=1">View Product</a></div><div class="product"><a href="https://www.amazon.com/dp/B00I9J3ACY?tag=eloabder-20&linkCode=osi&th=1&psc=1"><img src="https://m.media-amazon.com/images/I/51W96ohIwyL._SL500_.jpg" alt="Product Image"></a><p>Hefty Party On Disposable Plastic Cups, Red, 18 Ounce, 50 Count</p><p> -27% 0FF </p><p>$5.84 ($0.12 / Count)</p><a href="https://www.amazon.com/dp/B00I9J3ACY?tag=eloabder-20&linkCode=osi&th=1&psc=1">View Product</a></div>
<div class="product"><a href="https://www.amazon.com/dp/B08ZX4PNGL?tag=eloabder-20&linkCode=osi&th=1&psc=1"><img src="https://m.media-amazon.com/images/I/41qtw-wXhWL._SL500_.jpg" alt="Product Image"></a><p>Soil Moist SAP Water Storing Crystals Polymer Small Granular_20-100 mesh (1), White</p><p> -18% 0FF </p><p>$12.99 ($0.81 / Ounce)</p><a href="https://www.amazon.com/dp/B08ZX4PNGL?tag=eloabder-20&linkCode=osi&th=1&psc=1">View Product</a></div><div class="product"><a href="https://www.amazon.com/dp/B099KS2PDW?tag=eloabder-20&linkCode=osi&th=1&psc=1"><img src="https://m.media-amazon.com/images/I/51JgOs5PnML._SL500_.jpg" alt="Product Image"></a><p>Polymaker PLA PRO Filament 1.75mm, Tough & High Rigidity Black PLA Filament 1.75mm 1kg Cardboard Spool - PolyLite PLA PRO 3D Printer Filament 1.75mm, Print with Most 3D Printers Using 3D Filament</p><p> -14% 0FF </p><p>$24.99 ($0.71 / Ounce)</p><a href="https://www.amazon.com/dp/B099KS2PDW?tag=eloabder-20&linkCode=osi&th=1&psc=1">View Product</a></div><div class="product"><a href="https://www.amazon.com/dp/B0CK9D7FYJ?tag=eloabder-20&linkCode=osi&th=1&psc=1"><img src="https://m.media-amazon.com/images/I/51lrOOPPi4L._SL500_.jpg" alt="Product Image"></a><p>Scrub Daddy Color Sponge - Scratch-Free Multipurpose Dish Sponge Color Variety Pack - BPA Free & Made with Polymer Foam - Stain & Odor Resistant Kitchen Sponge (3 Count, 2 Pack)</p><p> -12% 0FF </p><p>$19.30 ($3.22 / Count)</p><a href="https://www.amazon.com/dp/B0CK9D7FYJ?tag=eloabder-20&linkCode=osi&th=1&psc=1">View Product</a></div><div class="product"><a href="https://www.amazon.com/dp/B00XXOFV2M?tag=eloabder-20&linkCode=osi&th=1&psc=1"><img src="https://m.media-amazon.com/images/I/31DpBHBqqxL._SL500_.jpg" alt="Product Image"></a><p>Intertape Polymer Group K2525P293 Central 260 Medium Duty Reinforced Water Activated Tape, 3" Width, 450' Length, FRAGILE, Pack of 10</p><p> -12% 0FF </p><p>$89.16 ($8.92 / Count)</p><a href="https://www.amazon.com/dp/B00XXOFV2M?tag=eloabder-20&linkCode=osi&th=1&psc=1">View Product</a></div><div class="product"><a href="https://www.amazon.com/dp/B0C6DNQF1H?tag=eloabder-20&linkCode=osi&th=1&psc=1"><img src="https://m.media-amazon.com/images/I/51lbJOfwjFL._SL500_.jpg" alt="Product Image"></a><p>DIYMAG Ceramic Round Magnets for Crafts 35 Packs with Adhesive Backing. 0.98Inch (25mm) Small Magnets Perfect for Fridge, DIY, Building, Scientific, Craft, and Office.Ôºà0.98 * 0.2Inch-35pÔºâ</p><p> -13% 0FF </p><p>$6.99 ($0.20 / Count)</p><a href="https://www.amazon.com/dp/B0C6DNQF1H?tag=eloabder-20&linkCode=osi&th=1&psc=1">View Product</a></div>
<div class="product"><a href="https://www.amazon.com/dp/B001TK0DSY?tag=eloabder-20&linkCode=osi&th=1&psc=1"><img src="https://m.media-amazon.com/images/I/41sY5CJF40L._SL500_.jpg" alt="Product Image"></a><p>Chemical Guys CWS_301_16 Citrus Wash & Gloss Foaming Car Wash Soap (Works with Foam Cannons, Foam Guns or Bucket Washes) Safe for Cars, Trucks, Motorcycles, RVs & More, 16 fl oz, Citrus Scent</p><p> -17% 0FF </p><p>$9.97 ($0.62 / Fl Oz)</p><a href="https://www.amazon.com/dp/B001TK0DSY?tag=eloabder-20&linkCode=osi&th=1&psc=1">View Product</a></div><div class="product"><a href="https://www.amazon.com/dp/B00HK95ZZY?tag=eloabder-20&linkCode=osi&th=1&psc=1"><img src="https://m.media-amazon.com/images/I/41ztWGvZpCL._SL500_.jpg" alt="Product Image"></a><p>SmartSign - U9-1214-NA_7x10 "Danger - Chemical Storage Area, Authorized Personnel Only" Sign | 7" x 10" Aluminum Black/Red on White</p><p> -16% 0FF </p><p>$10.93</p><a href="https://www.amazon.com/dp/B00HK95ZZY?tag=eloabder-20&linkCode=osi&th=1&psc=1">View Product</a></div>
<div class="product"><a href="https://www.amazon.com/dp/B0916KZ598?tag=eloabder-20&linkCode=osi&th=1&psc=1"><img src="https://m.media-amazon.com/images/I/510bNE6qm3L._SL500_.jpg" alt="Product Image"></a><p>Gorilla Max Strength Clear Construction Adhesive, 2.5 Ounce Squeeze Tube, Clear, (Pack of 1)</p><p> -11% 0FF </p><p>$7.97 ($3.19 / Fl Oz)</p><a href="https://www.amazon.com/dp/B0916KZ598?tag=eloabder-20&linkCode=osi&th=1&psc=1">View Product</a></div><div class="product"><a href="https://www.amazon.com/dp/B0BM27YSBB?tag=eloabder-20&linkCode=osi&th=1&psc=1"><img src="https://m.media-amazon.com/images/I/41j2z0sRK8L._SL500_.jpg" alt="Product Image"></a><p>Gorilla Heavy Duty Construction Adhesive, 7 Ounce Squeeze Tube, White, (Pack of 1)</p><p> -5% 0FF </p><p>$9.47 ($1.35 / Fl Oz)</p><a href="https://www.amazon.com/dp/B0BM27YSBB?tag=eloabder-20&linkCode=osi&th=1&psc=1">View Product</a></div><div class="product"><a href="https://www.amazon.com/dp/B07VNSXY31?tag=eloabder-20&linkCode=osi&th=1&psc=1"><img src="https://m.media-amazon.com/images/I/31AwF4uloCL._SL500_.jpg" alt="Product Image"></a><p>EZlifego Double Sided Tape Heavy Duty, Extra Large Nano Double Sided Adhesive Tape, Clear Mounting Tape Picture Hanging Adhesive Strips,Removable Wall Tape Sticky Poster Tape Decor Carpet Tape(9.85FT)</p><p> -20% 0FF </p><p>$11.99</p><a href="https://www.amazon.com/dp/B07VNSXY31?tag=eloabder-20&linkCode=osi&th=1&psc=1">View Product</a></div><div class="product"><a href="https://www.amazon.com/dp/B0006HUJCQ?tag=eloabder-20&linkCode=osi&th=1&psc=1"><img src="https://m.media-amazon.com/images/I/511pTqChTCL._SL500_.jpg" alt="Product Image"></a><p>Loctite 1364076 Super Glue Easy Squeeze Gel, .14 oz, Super Glue Liquid</p><p> -45% 0FF </p><p>$3.64 ($26.00 / Fl Oz)</p><a href="https://www.amazon.com/dp/B0006HUJCQ?tag=eloabder-20&linkCode=osi&th=1&psc=1">View Product</a></div><div class="product"><a href="https://www.amazon.com/dp/B000BQYHSY?tag=eloabder-20&linkCode=osi&th=1&psc=1"><img src="https://m.media-amazon.com/images/I/41jVQXZlyKL._SL500_.jpg" alt="Product Image"></a><p>Liquid Nails LN-700 4-Ounce Small Projects and Repairs Adhesive</p><p> -22% 0FF </p><p>$3.98 ($1.00 / Fl Oz)</p><a href="https://www.amazon.com/dp/B000BQYHSY?tag=eloabder-20&linkCode=osi&th=1&psc=1">View Product</a></div>
<div class="product"><a href="https://www.amazon.com/dp/B0002UEPVI?tag=eloabder-20&linkCode=osi&th=1&psc=1"><img src="https://m.media-amazon.com/images/I/41VgMnT8V8L._SL500_.jpg" alt="Product Image"></a><p>Permatex 80050 Clear RTV Silicone Adhesive Sealant, 3 oz</p><p> -28% 0FF </p><p>$5.04 ($1.68 / Ounce)</p><a href="https://www.amazon.com/dp/B0002UEPVI?tag=eloabder-20&linkCode=osi&th=1&psc=1">View Product</a></div><div class="product"><a href="https://www.amazon.com/dp/B01NCSN5AS?tag=eloabder-20&linkCode=osi&th=1&psc=1"><img src="https://m.media-amazon.com/images/I/41u1Bk8aMML._SL500_.jpg" alt="Product Image"></a><p>Gorilla Waterproof Caulk & Seal 100% Silicone Sealant, White, 10oz Cartridge (Pack of 1)</p><p> -10% 0FF </p><p>$9.84 ($0.98 / Ounce)</p><a href="https://www.amazon.com/dp/B01NCSN5AS?tag=eloabder-20&linkCode=osi&th=1&psc=1">View Product</a></div><div class="product"><a href="https://www.amazon.com/dp/B0B8QPH3RW?tag=eloabder-20&linkCode=osi&th=1&psc=1"><img src="https://m.media-amazon.com/images/I/31FmC2PDnsL._SL500_.jpg" alt="Product Image"></a><p>GE All Purpose Silicone Caulk - 100% Waterproof Silicone Sealant, Stronger Adhesion, Freeze & Sun Proof - 10 oz Cartridge, Clear, Pack of 1</p><p> -22% 0FF </p><p>$6.98</p><a href="https://www.amazon.com/dp/B0B8QPH3RW?tag=eloabder-20&linkCode=osi&th=1&psc=1">View Product</a></div><div class="product"><a href="https://www.amazon.com/dp/B000XBDJWC?tag=eloabder-20&linkCode=osi&th=1&psc=1"><img src="https://m.media-amazon.com/images/I/31O8FwTY5WL._SL500_.jpg" alt="Product Image"></a><p>3M Marine Adhesive Sealant 4000 UV, PN06580, White, 295 mL Cartridge, 10 Fl Oz (Pack of 1)</p><p> -15% 0FF </p><p>$18.75 ($1.88 / Fl Oz)</p><a href="https://www.amazon.com/dp/B000XBDJWC?tag=eloabder-20&linkCode=osi&th=1&psc=1">View Product</a></div><div class="product"><a href="https://www.amazon.com/dp/B01MQW8AEM?tag=eloabder-20&linkCode=osi&th=1&psc=1"><img src="https://m.media-amazon.com/images/I/31gdoMW-i8L._SL500_.jpg" alt="Product Image"></a><p>Gorilla 8050002 Clear Silicone Sealant, 1-Pack</p><p> -10% 0FF </p><p>$9.84 ($0.98 / Fl Oz)</p><a href="https://www.amazon.com/dp/B01MQW8AEM?tag=eloabder-20&linkCode=osi&th=1&psc=1">View Product</a></div>

<div class="product"><a href="https://www.amazon.com/dp/B004UICH5O?tag=eloabder-20&linkCode=osi&th=1&psc=1"><img src="https://m.media-amazon.com/images/I/5123T4CVtTL._SL500_.jpg" alt="Product Image"></a><p>Dynarex DynaLube Lubricating Jelly, Water Soluble and Sterile Lubricant Jelly, Used for Body Orifices, Hinged Instruments and Medical Devices, 1 Box of 144 DynaLube Packets, 2.7g</p><p> -5% 0FF </p><p>$12.49 ($0.09 / Count)</p><a href="https://www.amazon.com/dp/B004UICH5O?tag=eloabder-20&linkCode=osi&th=1&psc=1">View Product</a></div><div class="product"><a href="https://www.amazon.com/dp/B087ZHPVRW?tag=eloabder-20&linkCode=osi&th=1&psc=1"><img src="https://m.media-amazon.com/images/I/51My23RlqsL._SL500_.jpg" alt="Product Image"></a><p>3-IN-ONE Professional Garage Door Lubricant with Smart Straw Sprays 2 Ways, 11 OZ Twin Pack, 100584, Clear</p><p> -20% 0FF </p><p>$15.96 ($7.98 / Count)</p><a href="https://www.amazon.com/dp/B087ZHPVRW?tag=eloabder-20&linkCode=osi&th=1&psc=1">View Product</a></div><div class="product"><a href="https://www.amazon.com/dp/B07K323XYQ?tag=eloabder-20&linkCode=osi&th=1&psc=1"><img src="https://m.media-amazon.com/images/I/41Stkw4geDL._SL500_.jpg" alt="Product Image"></a><p>McKesson Lubricating Jelly Sterile 4 oz. Tube 1 Each 16-8919</p><p> -63% 0FF </p><p>$5.48 ($0.11 / Ounce)</p><a href="https://www.amazon.com/dp/B07K323XYQ?tag=eloabder-20&linkCode=osi&th=1&psc=1">View Product</a></div><div class="product"><a href="https://www.amazon.com/dp/B00AF0ODGM?tag=eloabder-20&linkCode=osi&th=1&psc=1"><img src="https://m.media-amazon.com/images/I/418phnGj-VL._SL500_.jpg" alt="Product Image"></a><p>WD-40 Specialist Dry Lube with SMART STRAW SPRAYS 2 WAYS, 10 OZ</p><p> -6% 0FF </p><p>$7.98 ($0.80 / Ounce)</p><a href="https://www.amazon.com/dp/B00AF0ODGM?tag=eloabder-20&linkCode=osi&th=1&psc=1">View Product</a></div><div class="product"><a href="https://www.amazon.com/dp/B0081JE0OO?tag=eloabder-20&linkCode=osi&th=1&psc=1"><img src="https://m.media-amazon.com/images/I/31YRFZU58NL._SL500_.jpg" alt="Product Image"></a><p>Super Lube 92003 Silicone Lubricating Grease with PTFE, 3 oz Tube, Translucent White</p><p> -34% 0FF </p><p>$11.80 ($3.93 / Ounce)</p><a href="https://www.amazon.com/dp/B0081JE0OO?tag=eloabder-20&linkCode=osi&th=1&psc=1">View Product</a></div><div class="product"><a href="https://www.amazon.com/dp/B000UKUHXK?tag=eloabder-20&linkCode=osi&th=1&psc=1"><img src="https://m.media-amazon.com/images/I/31PHNtI4eWL._SL500_.jpg" alt="Product Image"></a><p>Super Lube 51004 Synthetic Oil with PTFE, High Viscosity, 4 oz Bottle,Translucent white(Packaging may vary)</p><p> -27% 0FF </p><p>$7.82 ($1.96 / Fl Oz)</p><a href="https://www.amazon.com/dp/B000UKUHXK?tag=eloabder-20&linkCode=osi&th=1&psc=1">View Product</a></div>

<div class="product"><a href="https://www.amazon.com/dp/B0BRPQW3G9?tag=eloabder-20&linkCode=osi&th=1&psc=1"><img src="https://m.media-amazon.com/images/I/51TpMRJpWeL._SL500_.jpg" alt="Product Image"></a><p>JEGONFRI High Hardness Wood Screws Assortment Kit, 209 pcs, Phillips Drive Flat Head, Wood Screws, Screws, Drywall Screws, Assorted Screws, Screws Set, 6 Sizes (2‚Äù,1-1/2‚Äù,1-1/4‚Äù,1‚Äù,3/4‚Äù,1/2‚Äù)</p><p> -20% 0FF </p><p>$7.96</p><a href="https://www.amazon.com/dp/B0BRPQW3G9?tag=eloabder-20&linkCode=osi&th=1&psc=1">View Product</a></div><div class="product"><a href="https://www.amazon.com/dp/B0BHNK23GJ?tag=eloabder-20&linkCode=osi&th=1&psc=1"><img src="https://m.media-amazon.com/images/I/51ZAmhP99TL._SL500_.jpg" alt="Product Image"></a><p>KURUI Drywall Screws Assortment Kit, #6 Black Wood Screws for Drywall,165pcs Coarse Thread Sheetrock Screws Set, Phillips Drive Self Tapping Dry Wall Screws 4 Sizes 1",1-1/4",1-5/8",2"</p><p> -24% 0FF </p><p>$7.59 ($0.05 / Count)</p><a href="https://www.amazon.com/dp/B0BHNK23GJ?tag=eloabder-20&linkCode=osi&th=1&psc=1">View Product</a></div><div class="product"><a href="https://www.amazon.com/dp/B0D3HVHPXW?tag=eloabder-20&linkCode=osi&th=1&psc=1"><img src="https://m.media-amazon.com/images/I/51boObkp+HL._SL500_.jpg" alt="Product Image"></a><p>GVAKMM Drywall Screws Assortment Kit,#7 Black Wood Screws Set,160pcsÔºå5 Sizes(3'',2'',1-3/8'',1'',5/8''),Coarse Thread Phillips Drive Bugle Head Sharp Point,Ideal for Wood,Sheetrock and More</p><p> -13% 0FF </p><p>$6.99 ($0.58 / Ounce)</p><a href="https://www.amazon.com/dp/B0D3HVHPXW?tag=eloabder-20&linkCode=osi&th=1&psc=1">View Product</a></div>
<div class="product"><a href="https://www.amazon.com/dp/B09KS23KQ6?tag=eloabder-20&linkCode=osi&th=1&psc=1"><img src="https://m.media-amazon.com/images/I/41ZHEcuqY-L._SL500_.jpg" alt="Product Image"></a><p>Mr. Pen- Bolts, Nuts, and Washer Assortment Kit, 113 pcs, Nuts and Bolts Assortment Kit, Assorted Nuts and Bolts, Nut Bolt and Washer Assortment, Bolt and Nut Assortment</p><p> -24% 0FF </p><p>$6.85</p><a href="https://www.amazon.com/dp/B09KS23KQ6?tag=eloabder-20&linkCode=osi&th=1&psc=1">View Product</a></div><div class="product"><a href="https://www.amazon.com/dp/B076CVQZWG?tag=eloabder-20&linkCode=osi&th=1&psc=1"><img src="https://m.media-amazon.com/images/I/51LutRS-fXL._SL500_.jpg" alt="Product Image"></a><p>Jackson Palmer 2201 Piece Hardware Assortment Kit with Screws, Nuts, Bolts & Washers (3 Trays)‚Ä¶</p><p> -24% 0FF </p><p>$37.99</p><a href="https://www.amazon.com/dp/B076CVQZWG?tag=eloabder-20&linkCode=osi&th=1&psc=1">View Product</a></div><div class="product"><a href="https://www.amazon.com/dp/B0BC24J6SS?tag=eloabder-20&linkCode=osi&th=1&psc=1"><img src="https://m.media-amazon.com/images/I/517eaNxBNaL._SL500_.jpg" alt="Product Image"></a><p>720 Pcs Nuts and Bolts Assortment Kit, M3 M4 M5 Carbon Steel Screws Bolts and Nuts and Washers Assortment Set, Assorted Cross Pan Head Machine Screws Nuts and Bolts, with Storage Case</p><p> -10% 0FF </p><p>$8.98</p><a href="https://www.amazon.com/dp/B0BC24J6SS?tag=eloabder-20&linkCode=osi&th=1&psc=1">View Product</a></div><div class="product"><a href="https://www.amazon.com/dp/B0CF8NNVKQ?tag=eloabder-20&linkCode=osi&th=1&psc=1"><img src="https://m.media-amazon.com/images/I/61oepk6Ti8L._SL500_.jpg" alt="Product Image"></a><p>FOLIV 907pcs Grade 8.8 Metric Bolt Assortment, M4 M5 M6 M8 Heavy Duty Bolts and Nuts Kit, Yellow Zinc Plated, Length from 12-30mm</p><p> -20% 0FF </p><p>$35.19</p><a href="https://www.amazon.com/dp/B0CF8NNVKQ?tag=eloabder-20&linkCode=osi&th=1&psc=1">View Product</a></div>
<div class="product"><a href="https://www.amazon.com/dp/B0CP7D6KP4?tag=eloabder-20&linkCode=osi&th=1&psc=1"><img src="https://m.media-amazon.com/images/I/51R0Yv5C8aL._SL500_.jpg" alt="Product Image"></a><p>Dianrui 187PCS Metric Hex Nuts Assortment Kit, 9 Size 304 Stainless Steel Hex Nut M2 M2.5 M3 M4 M5 M6 M10 M12 Hexnut Set Hardware Nuts</p><p> -22% 0FF </p><p>$6.99</p><a href="https://www.amazon.com/dp/B0CP7D6KP4?tag=eloabder-20&linkCode=osi&th=1&psc=1">View Product</a></div><div class="product"><a href="https://www.amazon.com/dp/B002SA36AG?tag=eloabder-20&linkCode=osi&th=1&psc=1"><img src="https://m.media-amazon.com/images/I/51cZlQGUFRL._SL500_.jpg" alt="Product Image"></a><p>Dorman 6110761 Lug Nut (M12 x 1.25 Thread Size)</p><p> -45% 0FF </p><p>$3.49</p><a href="https://www.amazon.com/dp/B002SA36AG?tag=eloabder-20&linkCode=osi&th=1&psc=1">View Product</a></div><div class="product"><a href="https://www.amazon.com/dp/B07WCSW7HR?tag=eloabder-20&linkCode=osi&th=1&psc=1"><img src="https://m.media-amazon.com/images/I/51uxWdeYcjL._SL500_.jpg" alt="Product Image"></a><p>ECCPP 20 Pieces Wheel Lug Nuts M12x1.25 12mmx1.25 Wheel Lug Bolts Shank Length 28mm fits for 2015-2022 for Renegade |2018-2022 for Compass |2014-2022 for Cherokee</p><p> -28% 0FF </p><p>$14.47</p><a href="https://www.amazon.com/dp/B07WCSW7HR?tag=eloabder-20&linkCode=osi&th=1&psc=1">View Product</a></div><div class="product"><a href="https://www.amazon.com/dp/B0D1Y5PQ4K?tag=eloabder-20&linkCode=osi&th=1&psc=1"><img src="https://m.media-amazon.com/images/I/51SyHC67C5L._SL500_.jpg" alt="Product Image"></a><p>Quacc 20pcs M8 Nyloc Steel Nuts, Nylon Locknuts for Fastener, Nylon Inserted Hex Lock Nuts, Silver 304 Stainless Steel Self Locking Nuts for Bolts</p><p> -19% 0FF </p><p>$3.79 ($0.19 / Ounce)</p><a href="https://www.amazon.com/dp/B0D1Y5PQ4K?tag=eloabder-20&linkCode=osi&th=1&psc=1">View Product</a></div>
<div class="product"><a href="https://www.amazon.com/dp/B0BZYSSWY8?tag=eloabder-20&linkCode=osi&th=1&psc=1"><img src="https://m.media-amazon.com/images/I/419sIfP-AJL._SL500_.jpg" alt="Product Image"></a><p>1/4" x 1" Stainless Fender Washer,18-8 (304) Stainless Steel Flat Washer,1/4" ID x 1" OD x 0.078" Thick(40Pcs)</p><p> -31% 0FF </p><p>$6.19</p><a href="https://www.amazon.com/dp/B0BZYSSWY8?tag=eloabder-20&linkCode=osi&th=1&psc=1">View Product</a></div><div class="product"><a href="https://www.amazon.com/dp/B0BFJMK5QW?tag=eloabder-20&linkCode=osi&th=1&psc=1"><img src="https://m.media-amazon.com/images/I/51D9Ij56zKL._SL500_.jpg" alt="Product Image"></a><p>Fender Washers for Screws ‚Äî 225Pcs Washers Assortment, Washers for Bolts in 15 Different Sizes (M2 M2.5 M3 M4 M5 M6 M8 M10 M12)‚ÄîStainless Steel Washers for Home & Industrial Usage</p><p> -9% 0FF </p><p>$20.87 ($0.09 / Count)</p><a href="https://www.amazon.com/dp/B0BFJMK5QW?tag=eloabder-20&linkCode=osi&th=1&psc=1">View Product</a></div><div class="product"><a href="https://www.amazon.com/dp/B07K8W71N1?tag=eloabder-20&linkCode=osi&th=1&psc=1"><img src="https://m.media-amazon.com/images/I/412HYFMiQBL._SL500_.jpg" alt="Product Image"></a><p>100 Qty #8 Stainless Steel Countersunk Finish Washers | 304 SS Finishing Cup (BCP574)</p><p> -30% 0FF </p><p>$7.49 ($0.07 / Count)</p><a href="https://www.amazon.com/dp/B07K8W71N1?tag=eloabder-20&linkCode=osi&th=1&psc=1">View Product</a></div>
<div class="product"><a href="https://www.amazon.com/dp/B09V32CKNJ?tag=eloabder-20&linkCode=osi&th=1&psc=1"><img src="https://m.media-amazon.com/images/I/41MtaPf4TNL._SL500_.jpg" alt="Product Image"></a><p>KURUI 28Pcs Heavy Duty Hollow Wall Anchors for Drywall Ceiling, Toggle Bolts and Wing Nut Kit, Metal Drywall Anchors and Screws Assortment Set, 3 Sizes Butterfly Anchors (1/8in, 3/16in, 1/4in)</p><p> -23% 0FF </p><p>$9.99</p><a href="https://www.amazon.com/dp/B09V32CKNJ?tag=eloabder-20&linkCode=osi&th=1&psc=1">View Product</a></div><div class="product"><a href="https://www.amazon.com/dp/B07VS5QKBC?tag=eloabder-20&linkCode=osi&th=1&psc=1"><img src="https://m.media-amazon.com/images/I/41MIrlAQ6nL._SL500_.jpg" alt="Product Image"></a><p>HongWay 370pcs Plastic Drywall Wall Anchors Kit with Screws, Includes 5 Different Assorted Size Anchors and Screws</p><p> -17% 0FF </p><p>$14.99</p><a href="https://www.amazon.com/dp/B07VS5QKBC?tag=eloabder-20&linkCode=osi&th=1&psc=1">View Product</a></div>
<div class="product"><a href="https://www.amazon.com/dp/B0CY2YK7ZG?tag=eloabder-20&linkCode=osi&th=1&psc=1"><img src="https://m.media-amazon.com/images/I/51kBI181CNL._SL500_.jpg" alt="Product Image"></a><p>Linkup 600pcs 15 Sizes Pop Rivets Assortment Kit,Aluminum Rivets, Silver pop rivet set including 3/32" 1/8" 5/32" 3/16" 1/4" blind rivets for metal Dome Head rivet kit</p><p> -31% 0FF </p><p>$21.99</p><a href="https://www.amazon.com/dp/B0CY2YK7ZG?tag=eloabder-20&linkCode=osi&th=1&psc=1">View Product</a></div><div class="product"><a href="https://www.amazon.com/dp/B08J2NZK4D?tag=eloabder-20&linkCode=osi&th=1&psc=1"><img src="https://m.media-amazon.com/images/I/51iH27ON2BL._SL500_.jpg" alt="Product Image"></a><p>ISPINNER 385pcs 8 Sizes Aluminum Blind Rivets, Pop Rivets Assortment Kit (Silver)</p><p> -21% 0FF </p><p>$13.59</p><a href="https://www.amazon.com/dp/B08J2NZK4D?tag=eloabder-20&linkCode=osi&th=1&psc=1">View Product</a></div><div class="product"><a href="https://www.amazon.com/dp/B0BZ7WKC3V?tag=eloabder-20&linkCode=osi&th=1&psc=1"><img src="https://m.media-amazon.com/images/I/51fSy2j6lSL._SL500_.jpg" alt="Product Image"></a><p>SATANTECH 200PCS Black Rivets Pop Rivets Assortment Kit, Large flange Aluminum Rivets(1/8" 3/16" 1/4") Assorted Blind Rivets with Case</p><p> -16% 0FF </p><p>$21.77</p><a href="https://www.amazon.com/dp/B0BZ7WKC3V?tag=eloabder-20&linkCode=osi&th=1&psc=1">View Product</a></div><div class="product"><a href="https://www.amazon.com/dp/B0CWR7K9P2?tag=eloabder-20&linkCode=osi&th=1&psc=1"><img src="https://m.media-amazon.com/images/I/512Gp89+ScL._SL500_.jpg" alt="Product Image"></a><p>Zuorery 500pcs Pop Rivets Assortment Kit, 14 Sizes Aluminum Blind Rivets (3/32" 1/8" 5/32" 3/16") Assorted Blind Rivets</p><p> -6% 0FF </p><p>$12.99</p><a href="https://www.amazon.com/dp/B0CWR7K9P2?tag=eloabder-20&linkCode=osi&th=1&psc=1">View Product</a></div>
<div class="product"><a href="https://www.amazon.com/dp/B0CNC3WJ58?tag=eloabder-20&linkCode=osi&th=1&psc=1"><img src="https://m.media-amazon.com/images/I/41MDnQ+2C5L._SL500_.jpg" alt="Product Image"></a><p>Eujqo Nails for Hanging Pictures Small Nails Picture Hanging Nails 700Pcs Finishing Nails Hardware Nails for Wall Wood Nails</p><p> -50% 0FF </p><p>$3.99</p><a href="https://www.amazon.com/dp/B0CNC3WJ58?tag=eloabder-20&linkCode=osi&th=1&psc=1">View Product</a></div><div class="product"><a href="https://www.amazon.com/dp/B08BJC6MJC?tag=eloabder-20&linkCode=osi&th=1&psc=1"><img src="https://m.media-amazon.com/images/I/414ssEUuJRL._SL500_.jpg" alt="Product Image"></a><p>Mr. Pen- Nail Assortment Kit, 600 Pcs, 4 Sizes, Silver, Small Nails for Hanging Pictures, Finishing Nails, Gold Wall Nails for Hanging, Pin Nails, Hardware Nails, Assorted Nails, Galvanized Nails</p><p> -54% 0FF </p><p>$5.99</p><a href="https://www.amazon.com/dp/B08BJC6MJC?tag=eloabder-20&linkCode=osi&th=1&psc=1">View Product</a></div><div class="product"><a href="https://www.amazon.com/dp/B0BSH3P97Y?tag=eloabder-20&linkCode=osi&th=1&psc=1"><img src="https://m.media-amazon.com/images/I/515eMwXqY0L._SL500_.jpg" alt="Product Image"></a><p>KURUI 700pcs Hardware Nails for Hanging Pictures Assorted Kit, Up to 2"-Long Picture Hanging Nails for Wall Drywall Wood, Finish Nails Assortment Kit, 640 Frame Nails and 60 Small Finishing Nails</p><p> -36% 0FF </p><p>$6.38</p><a href="https://www.amazon.com/dp/B0BSH3P97Y?tag=eloabder-20&linkCode=osi&th=1&psc=1">View Product</a></div><div class="product"><a href="https://www.amazon.com/dp/B089FLMFPB?tag=eloabder-20&linkCode=osi&th=1&psc=1"><img src="https://m.media-amazon.com/images/I/51p5T9Cef4L._SL500_.jpg" alt="Product Image"></a><p>376pcs Premium Hardware Nails Assortment Kit, Maximum Length 2 Inches Galvanized Nails, Picture Hanging Nails, Wood Nails, Wall Nails with Storage Box | 6 Sizes</p><p> -30% 0FF </p><p>$6.99</p><a href="https://www.amazon.com/dp/B089FLMFPB?tag=eloabder-20&linkCode=osi&th=1&psc=1">View Product</a></div><div class="product"><a href="https://www.amazon.com/dp/B0B3CFCZGW?tag=eloabder-20&linkCode=osi&th=1&psc=1"><img src="https://m.media-amazon.com/images/I/51rr+Y77q0L._SL500_.jpg" alt="Product Image"></a><p>6 Sizes Gold Hardware Nails Assortment Kit, 358pcs, Brass Plated, Nails for Hanging Pictures, Finishing Nails, Wood Nails, Wall Nails for Hanging (3‚Äù, 2‚Äù, 1-1/2‚Äù, 1-1/4", 1‚Äù, 3/4")</p><p> -25% 0FF </p><p>$8.98</p><a href="https://www.amazon.com/dp/B0B3CFCZGW?tag=eloabder-20&linkCode=osi&th=1&psc=1">View Product</a></div>
<div class="product"><a href="https://www.amazon.com/dp/B0BDBJJQJR?tag=eloabder-20&linkCode=osi&th=1&psc=1"><img src="https://m.media-amazon.com/images/I/41iMq4y4RWL._SL500_.jpg" alt="Product Image"></a><p>Standard Chisel Point Staples, 0.25" Leg, 0.5" Crown, Steel, 5,000/Box, 5 Boxes/Pack, 25,000/Pack</p><p> -18% 0FF </p><p>$11.80</p><a href="https://www.amazon.com/dp/B0BDBJJQJR?tag=eloabder-20&linkCode=osi&th=1&psc=1">View Product</a></div><div class="product"><a href="https://www.amazon.com/dp/B0052ECDD6?tag=eloabder-20&linkCode=osi&th=1&psc=1"><img src="https://m.media-amazon.com/images/I/41miIfkguxL._SL500_.jpg" alt="Product Image"></a><p>BOSTITCH BTA706-5C Heavy Duty Construction Staples, 3/8 x 2/5-Inch, 5000-Pack</p><p> -21% 0FF </p><p>$10.48 ($0.00 / Count)</p><a href="https://www.amazon.com/dp/B0052ECDD6?tag=eloabder-20&linkCode=osi&th=1&psc=1">View Product</a></div><div class="product"><a href="https://www.amazon.com/dp/B00004Z2HC?tag=eloabder-20&linkCode=osi&th=1&psc=1"><img src="https://m.media-amazon.com/images/I/51vaslx65UL._SL500_.jpg" alt="Product Image"></a><p>Arrow 215 JT21 Thin Wire Staples for Staple Guns and Staplers, Use for Upholstery, Crafts, General Repairs, 5/16-Inch Leg Length, 7/16-Inch Crown Width, 1000-Pack</p><p> -35% 0FF </p><p>$4.97</p><a href="https://www.amazon.com/dp/B00004Z2HC?tag=eloabder-20&linkCode=osi&th=1&psc=1">View Product</a></div><div class="product"><a href="https://www.amazon.com/dp/B09VP4YTPQ?tag=eloabder-20&linkCode=osi&th=1&psc=1"><img src="https://m.media-amazon.com/images/I/41WvD-VnynL._SL500_.jpg" alt="Product Image"></a><p>OMOTOOL Steel Wire Fencing Staples (200 pcs), Galvanized U-shaped fasteners Nails for Wire Mesh and Woven Fencing</p><p> -30% 0FF </p><p>$6.98</p><a href="https://www.amazon.com/dp/B09VP4YTPQ?tag=eloabder-20&linkCode=osi&th=1&psc=1">View Product</a></div>
<div class="product"><a href="https://www.amazon.com/dp/B08N6DYNKQ?tag=eloabder-20&linkCode=osi&th=1&psc=1"><img src="https://m.media-amazon.com/images/I/51oGt2PvPLL._SL500_.jpg" alt="Product Image"></a><p>Mixiflor 20 Pcs 5 Sizes 60/80/120/240 Grits Abrasive Flap Wheel Sander, 1/4 Inch Shank Flap Wheels for Drill, Die Grinder Flap Wheel,Flap Wheel Sander for Drill</p><p> -15% 0FF </p><p>$22.99</p><a href="https://www.amazon.com/dp/B08N6DYNKQ?tag=eloabder-20&linkCode=osi&th=1&psc=1">View Product</a></div>
<div class="product"><a href="https://www.amazon.com/dp/B0B5GHT937?tag=eloabder-20&linkCode=osi&th=1&psc=1"><img src="https://m.media-amazon.com/images/I/51LBYzTtFqL._SL500_.jpg" alt="Product Image"></a><p>SALI 25 Pack 4-1/2 Inch Grinding Wheels for General Purpose Metal & Stainless Steel, Aluminum Oxide Grinding Disc for Angle Grinder, Depressed Center 4.5" * 1/4" * 7/8"(115 * 6.0 * 22.2 mm)</p><p> -9% 0FF </p><p>$26.49</p><a href="https://www.amazon.com/dp/B0B5GHT937?tag=eloabder-20&linkCode=osi&th=1&psc=1">View Product</a></div><div class="product"><a href="https://www.amazon.com/dp/B00002246K?tag=eloabder-20&linkCode=osi&th=1&psc=1"><img src="https://m.media-amazon.com/images/I/51cqvp+fIGL._SL500_.jpg" alt="Product Image"></a><p>DEWALT DW4514 1/4" Thick Grinding Wheel with 4-1/2" Diameter and 7/8" Arbor</p><p> -46% 0FF </p><p>$1.65</p><a href="https://www.amazon.com/dp/B00002246K?tag=eloabder-20&linkCode=osi&th=1&psc=1">View Product</a></div><div class="product"><a href="https://www.amazon.com/dp/B07SQP8JGR?tag=eloabder-20&linkCode=osi&th=1&psc=1"><img src="https://m.media-amazon.com/images/I/51M3TdMS3OL._SL500_.jpg" alt="Product Image"></a><p>KSEIBI 651006 Grinding Wheels 25-Pack, Aluminum Oxide Discs for Metal & Stainless Steel, 4-1/2" x 1/4" x 7/8", Aggressive Grinding for Angle Grinders, Depressed Center Design</p><p> -6% 0FF </p><p>$26.99</p><a href="https://www.amazon.com/dp/B07SQP8JGR?tag=eloabder-20&linkCode=osi&th=1&psc=1">View Product</a></div><div class="product"><a href="https://www.amazon.com/dp/B00004RH8I?tag=eloabder-20&linkCode=osi&th=1&psc=1"><img src="https://m.media-amazon.com/images/I/6113QduJyJL._SL500_.jpg" alt="Product Image"></a><p>DEWALT Grinding Wheel, General Purpose for Metal, 4-1/2-Inch x 1/4-Inch x 5/8-Inch (DW4523)</p><p> -40% 0FF </p><p>$2.92</p><a href="https://www.amazon.com/dp/B00004RH8I?tag=eloabder-20&linkCode=osi&th=1&psc=1">View Product</a></div><div class="product"><a href="https://www.amazon.com/dp/B0791MGN72?tag=eloabder-20&linkCode=osi&th=1&psc=1"><img src="https://m.media-amazon.com/images/I/51LQaKOgppL._SL500_.jpg" alt="Product Image"></a><p>BHA Depressed Center Metal Grinding Wheels for Angle Grinders, 4.5‚Äù x 1/4‚Äù x 7/8‚Äù - 5 Pack</p><p> -15% 0FF </p><p>$16.99</p><a href="https://www.amazon.com/dp/B0791MGN72?tag=eloabder-20&linkCode=osi&th=1&psc=1">View Product</a></div><div class="product"><a href="https://www.amazon.com/dp/B09TSV5SP9?tag=eloabder-20&linkCode=osi&th=1&psc=1"><img src="https://m.media-amazon.com/images/I/61w4UIIWQdL._SL500_.jpg" alt="Product Image"></a><p>PRETEC 26 Packs Angle Grinder Cutting Flap Grinding Disc Wheel 4 1/2in Inches - 20 Packs 4.5"x1/4"x7/8" Cut off Wheels,3 Packs 4.5"x7/8" 60 Grit Flap Discs, 3 Packs 4.5"x1/25"x7/8" Grinding Wheels</p><p> -8% 0FF </p><p>$22.99</p><a href="https://www.amazon.com/dp/B09TSV5SP9?tag=eloabder-20&linkCode=osi&th=1&psc=1">View Product</a></div><div class="product"><a href="https://www.amazon.com/dp/B07FT71TLC?tag=eloabder-20&linkCode=osi&th=1&psc=1"><img src="https://m.media-amazon.com/images/I/51-wpozOUIL._SL500_.jpg" alt="Product Image"></a><p>NEIKO 11142A 10 Pack Zirconia Flap Discs 4-1/2 for Angle Grinder, 40 Grit Flapper Wheel, Angled T29 Grinding Wheel 4.5 Inch Flap Disc, 7/8" Arbor Grinding Disc, Flap Wheel for Wood & Metal Sanding</p><p> -19% 0FF </p><p>$17.07</p><a href="https://www.amazon.com/dp/B07FT71TLC?tag=eloabder-20&linkCode=osi&th=1&psc=1">View Product</a></div>
<div class="product"><a href="https://www.amazon.com/dp/B0956S39GC?tag=eloabder-20&linkCode=osi&th=1&psc=1"><img src="https://m.media-amazon.com/images/I/51mP1FW0pIL._SL500_.jpg" alt="Product Image"></a><p>Truswe Cut Off Wheels 52 Pack,4 1/2 Inch,0.45 USD/Pack,Metal and Stainless Steel Cutting Wheel for Angle Grinder,Ultra Thin Cut-Off Wheel Cutting Disc (52 PCS 4-1/2 x .045 x 7/8 inch Cut Off Wheels)</p><p> -26% 0FF </p><p>$24.29</p><a href="https://www.amazon.com/dp/B0956S39GC?tag=eloabder-20&linkCode=osi&th=1&psc=1">View Product</a></div><div class="product"><a href="https://www.amazon.com/dp/B07WGSK4V7?tag=eloabder-20&linkCode=osi&th=1&psc=1"><img src="https://m.media-amazon.com/images/I/510MTzQR9sL._SL500_.jpg" alt="Product Image"></a><p>WORKPRO 20-Pack Cut-Off Wheels, 4-1/2 x 7/8-inch Metal&Stainless Steel Cutting Wheel, Thin Metal Cutting Disc for Angle Grinder</p><p> -6% 0FF </p><p>$15.99</p><a href="https://www.amazon.com/dp/B07WGSK4V7?tag=eloabder-20&linkCode=osi&th=1&psc=1">View Product</a></div><div class="product"><a href="https://www.amazon.com/dp/B08C7F9CVS?tag=eloabder-20&linkCode=osi&th=1&psc=1"><img src="https://m.media-amazon.com/images/I/51KoNeHcHyL._SL500_.jpg" alt="Product Image"></a><p>EZARC Diamond Cutting Wheel 4 1/2 x 7/8 Inch for Metal, Cut Off Wheel with 5000+ Cuts on Rebar, Steel, Iron and INOX</p><p> -11% 0FF </p><p>$16.97</p><a href="https://www.amazon.com/dp/B08C7F9CVS?tag=eloabder-20&linkCode=osi&th=1&psc=1">View Product</a></div><div class="product"><a href="https://www.amazon.com/dp/B08FR63K33?tag=eloabder-20&linkCode=osi&th=1&psc=1"><img src="https://m.media-amazon.com/images/I/51Js3m5R8aL._SL500_.jpg" alt="Product Image"></a><p>50 Pack Cut Off Wheels 4 1/2 inch Thin Metal & Stainless Steel Cutting Wheel, Professional Fast Cutting Disc for Angle Grinder</p><p> -20% 0FF </p><p>$26.49</p><a href="https://www.amazon.com/dp/B08FR63K33?tag=eloabder-20&linkCode=osi&th=1&psc=1">View Product</a></div>
<div class="product"><a href="https://www.amazon.com/dp/B01K22Q9R8?tag=eloabder-20&linkCode=osi&th=1&psc=1"><img src="https://m.media-amazon.com/images/I/41VcU0uPlLL._SL500_.jpg" alt="Product Image"></a><p>42 Pcs Wet Dry Sandpaper 120 to 3000 Grit Assortment 9 * 3.6 Inches Abrasive Paper Sheets for Automotive Sanding Wood Furniture Finishing</p><p> -11% 0FF </p><p>$7.99 ($0.19 / Count)</p><a href="https://www.amazon.com/dp/B01K22Q9R8?tag=eloabder-20&linkCode=osi&th=1&psc=1">View Product</a></div><div class="product"><a href="https://www.amazon.com/dp/B0894N7QT2?tag=eloabder-20&linkCode=osi&th=1&psc=1"><img src="https://m.media-amazon.com/images/I/51Rfp3gQTWL._SL500_.jpg" alt="Product Image"></a><p>100PCS 5 Inch 8 Holes Sanding Discs 60 120 240 400 600 800 1000 1200 1500 2000 Grit Sandpaper Sander Round Sand Paper (100pcs 60-2000 grit)</p><p> -24% 0FF </p><p>$12.99</p><a href="https://www.amazon.com/dp/B0894N7QT2?tag=eloabder-20&linkCode=osi&th=1&psc=1">View Product</a></div><div class="product"><a href="https://www.amazon.com/dp/B07HHY6MKY?tag=eloabder-20&linkCode=osi&th=1&psc=1"><img src="https://m.media-amazon.com/images/I/41QDuvYCQlL._SL500_.jpg" alt="Product Image"></a><p>WORKPRO 150-piece Sanding Discs Set - 5-Inch 8-Hole Sandpaper 10 Grades Include 60, 80, 100, 120, 150,180, 240, 320, 400, 600 Grits for Random Orbital Sander(Not for Oscillating Tools or Mouse Sander)</p><p> -20% 0FF </p><p>$19.99 ($0.13 / Count)</p><a href="https://www.amazon.com/dp/B07HHY6MKY?tag=eloabder-20&linkCode=osi&th=1&psc=1">View Product</a></div><div class="product"><a href="https://www.amazon.com/dp/B09X6DY6RW?tag=eloabder-20&linkCode=osi&th=1&psc=1"><img src="https://m.media-amazon.com/images/I/41rifda9wbL._SL500_.jpg" alt="Product Image"></a><p>Afruxy 4 Pack Extra Fine Sanding Block, Washable and Reusable Sanding Sponge for Wood Drywall Metal Glasses Coarse/Medium/Fine/Superfine in 60/80/120/220 Grit Sandpaper Block Sand Paper Brick</p><p> -25% 0FF </p><p>$8.99 ($2.25 / Count)</p><a href="https://www.amazon.com/dp/B09X6DY6RW?tag=eloabder-20&linkCode=osi&th=1&psc=1">View Product</a></div>
<div class="product"><a href="https://www.amazon.com/dp/B07CH6QNCV?tag=eloabder-20&linkCode=osi&th=1&psc=1"><img src="https://m.media-amazon.com/images/I/413Vmyc4FPL._SL500_.jpg" alt="Product Image"></a><p>VASTOOLS Welding Chipping Hammer with Coil Spring Handle,10.5",Cone and Vertical Chisel/ 10" Wire Brush(Free), Black</p><p> -18% 0FF </p><p>$13.99</p><a href="https://www.amazon.com/dp/B07CH6QNCV?tag=eloabder-20&linkCode=osi&th=1&psc=1">View Product</a></div><div class="product"><a href="https://www.amazon.com/dp/B0D6QRJJ4R?tag=eloabder-20&linkCode=osi&th=1&psc=1"><img src="https://m.media-amazon.com/images/I/41KF4m4nNfL._SL500_.jpg" alt="Product Image"></a><p>120A MIG Welding Machine, 110V/220V Flux Core Welder/Lift TIG/Stick Welder 3 in 1, Portable Gasless Welder with IGBT Inverter, Welding Gun & Welding Wire, Weld Kit for Aluminum, Metal</p><p> -56% 0FF </p><p>$69.99</p><a href="https://www.amazon.com/dp/B0D6QRJJ4R?tag=eloabder-20&linkCode=osi&th=1&psc=1">View Product</a></div>
<div class="product"><a href="https://www.amazon.com/dp/B09YGXKZC1?tag=eloabder-20&linkCode=osi&th=1&psc=1"><img src="https://m.media-amazon.com/images/I/417vPDmhw0L._SL500_.jpg" alt="Product Image"></a><p>ARCCAPTAIN Stick Welder, [Large LED Display] 200A ARC/Lift TIG Welding Machine with Synergic Control, IGBT Inverter 110V/220V Portable MMA Welder Machine with Hot Start, Arc force and Anti-Stick</p><p> -31% 0FF </p><p>$116.63</p><a href="https://www.amazon.com/dp/B09YGXKZC1?tag=eloabder-20&linkCode=osi&th=1&psc=1">View Product</a></div><div class="product"><a href="https://www.amazon.com/dp/B0D9LDRJV7?tag=eloabder-20&linkCode=osi&th=1&psc=1"><img src="https://m.media-amazon.com/images/I/51o3VwWmuzL._SL500_.jpg" alt="Product Image"></a><p>AwxryoX Portable Handheld Welding Machine, 110V 140Amp Upgraded Maquina de Soldar with IGBT Inverter 6 Variable Current, Soldadora Welding Tool Set with 3/32"-1/8" Welding Rod & Protective Gloves</p><p> -25% 0FF </p><p>$89.99</p><a href="https://www.amazon.com/dp/B0D9LDRJV7?tag=eloabder-20&linkCode=osi&th=1&psc=1">View Product</a></div><div class="product"><a href="https://www.amazon.com/dp/B09WDGL3GQ?tag=eloabder-20&linkCode=osi&th=1&psc=1"><img src="https://m.media-amazon.com/images/I/518jYZZcNhL._SL500_.jpg" alt="Product Image"></a><p>Welding Machine, Upgraded MMA-250A 110V Welder Machine,Portable Stick Welder IGBT Digital Display LCD,Home DIY Arc Welder,Hot Start Arc Force Anti-stick Mini Welder</p><p> -14% 0FF </p><p>$67.79</p><a href="https://www.amazon.com/dp/B09WDGL3GQ?tag=eloabder-20&linkCode=osi&th=1&psc=1">View Product</a></div><div class="product"><a href="https://www.amazon.com/dp/B0BR8TS34Y?tag=eloabder-20&linkCode=osi&th=1&psc=1"><img src="https://m.media-amazon.com/images/I/51NzsbTpmyL._SL500_.jpg" alt="Product Image"></a><p>Welding machine handheld | 110V IGBT Digital Stick WelderÔºåPortable welder machine with Complete Accessory Set & Carrying Case</p><p> -50% 0FF </p><p>$49.99</p><a href="https://www.amazon.com/dp/B0BR8TS34Y?tag=eloabder-20&linkCode=osi&th=1&psc=1">View Product</a></div><div class="product"><a href="https://www.amazon.com/dp/B0BN81636G?tag=eloabder-20&linkCode=osi&th=1&psc=1"><img src="https://m.media-amazon.com/images/I/41q0oXAoP1L._SL500_.jpg" alt="Product Image"></a><p>AZZUNO MIG Welder,Flux Core Welder Machine 110V 130Amp, Gasless MIG Welding Machine IGBT Inverter Welder Portable Wire Feed Welder (110V)</p><p> -21% 0FF </p><p>$85.99</p><a href="https://www.amazon.com/dp/B0BN81636G?tag=eloabder-20&linkCode=osi&th=1&psc=1">View Product</a></div>
<div class="product"><a href="https://www.amazon.com/dp/B07MKRYWMD?tag=eloabder-20&linkCode=osi&th=1&psc=1"><img src="https://m.media-amazon.com/images/I/31nmFb6CayL._SL500_.jpg" alt="Product Image"></a><p>Hobart 770890 Auto-Darkening Welding Helmet, Large, Black</p><p> -10% 0FF </p><p>$98.99</p><a href="https://www.amazon.com/dp/B07MKRYWMD?tag=eloabder-20&linkCode=osi&th=1&psc=1">View Product</a></div><div class="product"><a href="https://www.amazon.com/dp/B07V9G94NK?tag=eloabder-20&linkCode=osi&th=1&psc=1"><img src="https://m.media-amazon.com/images/I/31SAUhqpDZL._SL500_.jpg" alt="Product Image"></a><p>Lincoln Electric K3034-4 VIKING 3350 Auto Darkening Welding Helmet with 4C Lens Technology, Matte Black, extra large</p><p> -29% 0FF </p><p>$357.99</p><a href="https://www.amazon.com/dp/B07V9G94NK?tag=eloabder-20&linkCode=osi&th=1&psc=1">View Product</a></div><div class="product"><a href="https://www.amazon.com/dp/B0BYXPR9F3?tag=eloabder-20&linkCode=osi&th=1&psc=1"><img src="https://m.media-amazon.com/images/I/51ggHp1dC3L._SL500_.jpg" alt="Product Image"></a><p>TOOLIOM Welding Helmet Solar Power Auto Darkening Welding Helmet Adjustable Shade Range for MIG TIG Stick Welder Mask Blue Eagle</p><p> -13% 0FF </p><p>$27.99</p><a href="https://www.amazon.com/dp/B0BYXPR9F3?tag=eloabder-20&linkCode=osi&th=1&psc=1">View Product</a></div><div class="product"><a href="https://www.amazon.com/dp/B0BV6RYWV9?tag=eloabder-20&linkCode=osi&th=1&psc=1"><img src="https://m.media-amazon.com/images/I/41HBwMbwbaL._SL500_.jpg" alt="Product Image"></a><p>ARCCAPTAIN Welding Helmet Auto Darkening, 3.94"X3.66" Large Viewing Screen True Color Welding Hood with 4 Arc Sensor Solar Powered, Wide Shade 4-5/5-9/9-13 for ARC TIG MIG Welding Helmets for Men</p><p> -17% 0FF </p><p>$59.99</p><a href="https://www.amazon.com/dp/B0BV6RYWV9?tag=eloabder-20&linkCode=osi&th=1&psc=1">View Product</a></div>
<div class="product"><a href="https://www.amazon.com/dp/B07RX7TNBY?tag=eloabder-20&linkCode=osi&th=1&psc=1"><img src="https://m.media-amazon.com/images/I/417ep0UH1cL._SL500_.jpg" alt="Product Image"></a><p>WZQH 16 Inches,932‚Ñâ,Leather Forge Welding Gloves, Heat/Fire Resistant,Mitts for BBQ,Oven,Grill,Fireplace,Tig,Mig,Baking,Furnace,Stove,Pot Holder,Animal Handling Glove.Black-gray</p><p> -32% 0FF </p><p>$19.74 ($19.74 / Count)</p><a href="https://www.amazon.com/dp/B07RX7TNBY?tag=eloabder-20&linkCode=osi&th=1&psc=1">View Product</a></div><div class="product"><a href="https://www.amazon.com/dp/B00IYX04YC?tag=eloabder-20&linkCode=osi&th=1&psc=1"><img src="https://m.media-amazon.com/images/I/51vjm0ZOsgL._SL500_.jpg" alt="Product Image"></a><p>Lincoln Electric Leather Welding Gloves KH641, Premium Hand Protection from Welder and Cutting Torch Heat, Commercial Quality, Cotton Lined, Gauntlet Cuff, Unisex, Grey, One Size</p><p> -5% 0FF </p><p>$18.98</p><a href="https://www.amazon.com/dp/B00IYX04YC?tag=eloabder-20&linkCode=osi&th=1&psc=1">View Product</a></div><div class="product"><a href="https://www.amazon.com/dp/B078FMLJSW?tag=eloabder-20&linkCode=osi&th=1&psc=1"><img src="https://m.media-amazon.com/images/I/41cO-Y-5sjL._SL500_.jpg" alt="Product Image"></a><p>Revco GM1611 Top Grain Leather Cowhide MIG Welding Gloves with Reinforced Palm & Thumb & Index Finger, Seamless Forefinger, 5" Cuff for Extra Protection (Medium)</p><p> -7% 0FF </p><p>$27.99</p><a href="https://www.amazon.com/dp/B078FMLJSW?tag=eloabder-20&linkCode=osi&th=1&psc=1">View Product</a></div>
<div class="product"><a href="https://www.amazon.com/dp/B07W41G6P3?tag=eloabder-20&linkCode=osi&th=1&psc=1"><img src="https://m.media-amazon.com/images/I/51FnU0Vr4ZL._SL500_.jpg" alt="Product Image"></a><p>YESWELDER Flux Core Gasless Mig Wire, Mild Steel E71TGS .030-Diameter, 2-Pound Strong ABS Plastic Spool</p><p> -30% 0FF </p><p>$15.99</p><a href="https://www.amazon.com/dp/B07W41G6P3?tag=eloabder-20&linkCode=osi&th=1&psc=1">View Product</a></div><div class="product"><a href="https://www.amazon.com/dp/B0BRCT2NLM?tag=eloabder-20&linkCode=osi&th=1&psc=1"><img src="https://m.media-amazon.com/images/I/412YtbTwWWL._SL500_.jpg" alt="Product Image"></a><p>0.035 flux core welding wire, 3 Spools E71T-GS Low Splatter gasless Carbon Steel Mig Welding Wire Compatible With HF Fourney Harbor Welder(3 PACK)</p><p> -9% 0FF </p><p>$29.99</p><a href="https://www.amazon.com/dp/B0BRCT2NLM?tag=eloabder-20&linkCode=osi&th=1&psc=1">View Product</a></div><div class="product"><a href="https://www.amazon.com/dp/B003XKH71O?tag=eloabder-20&linkCode=osi&th=1&psc=1"><img src="https://m.media-amazon.com/images/I/51aO46a0SrL._SL500_.jpg" alt="Product Image"></a><p>INEFIL ER70S-6 .030-Inch on 10-Pound Spool Carbon Steel Mig Solid Welding Wire</p><p> -24% 0FF </p><p>$25.05 ($0.16 / Ounce)</p><a href="https://www.amazon.com/dp/B003XKH71O?tag=eloabder-20&linkCode=osi&th=1&psc=1">View Product</a></div><div class="product"><a href="https://www.amazon.com/dp/B00F429SZM?tag=eloabder-20&linkCode=osi&th=1&psc=1"><img src="https://m.media-amazon.com/images/I/41BHKwqBRIL._SL500_.jpg" alt="Product Image"></a><p>Blue Demon E71TGS X .035‚Äù X 2 LB MIG/GMAW Gasless Flux Core Carbon Steel Welding Wire, All Position, Easy Slag Removal, Formulated To Provide Porosity-Free, X-Ray Quality Welds</p><p> -30% 0FF </p><p>$11.91</p><a href="https://www.amazon.com/dp/B00F429SZM?tag=eloabder-20&linkCode=osi&th=1&psc=1">View Product</a></div><div class="product"><a href="https://www.amazon.com/dp/B01I82OSC2?tag=eloabder-20&linkCode=osi&th=1&psc=1"><img src="https://m.media-amazon.com/images/I/41QrzqdrCEL._SL500_.jpg" alt="Product Image"></a><p>Lincoln Electric MIG Welding Wire, NR-211-MP, .035, Spool, Model: ED030584 (Pack of 3)</p><p> -6% 0FF </p><p>$46.99 ($15.66 / Count)</p><a href="https://www.amazon.com/dp/B01I82OSC2?tag=eloabder-20&linkCode=osi&th=1&psc=1">View Product</a></div><div class="product"><a href="https://www.amazon.com/dp/B09YYCRKR2?tag=eloabder-20&linkCode=osi&th=1&psc=1"><img src="https://m.media-amazon.com/images/I/51DpQ1PI8pL._SL500_.jpg" alt="Product Image"></a><p>ARCCAPTAIN Flux Core Welding Wire .030, E71T-GS Mig Welding Wire 2-Pound Spool Gasless Mild Carbon Steel Compatible With Lincoln Miller Forney Harbor Welder</p><p> -8% 0FF </p><p>$16.99</p><a href="https://www.amazon.com/dp/B09YYCRKR2?tag=eloabder-20&linkCode=osi&th=1&psc=1">View Product</a></div><div class="product"><a href="https://www.amazon.com/dp/B09DYCK78H?tag=eloabder-20&linkCode=osi&th=1&psc=1"><img src="https://m.media-amazon.com/images/I/41umOmMUkzL._SL500_.jpg" alt="Product Image"></a><p>TOOLIOM ER70S-6 .030"(0.8 mm) Mild Steel Mig Solid Welding Wire on 10-Pound Spool for TL-200M TL-250M Pro</p><p> -7% 0FF </p><p>$27.99</p><a href="https://www.amazon.com/dp/B09DYCK78H?tag=eloabder-20&linkCode=osi&th=1&psc=1">View Product</a></div>
<div class="product"><a href="https://www.amazon.com/dp/B0B3D96MN6?tag=eloabder-20&linkCode=osi&th=1&psc=1"><img src="https://m.media-amazon.com/images/I/51k0bP+5e6L._SL500_.jpg" alt="Product Image"></a><p>Soldering Iron Premium Kit, 60W Soldering Gun with Ceramic Heater, 12-in-1 Soldering Tool, Adjustable Temperature 200 to 450¬∞C, Includes Soldering Iron Tip, Solder Wire, Pump and Paste</p><p> -20% 0FF </p><p>$23.99</p><a href="https://www.amazon.com/dp/B0B3D96MN6?tag=eloabder-20&linkCode=osi&th=1&psc=1">View Product</a></div><div class="product"><a href="https://www.amazon.com/dp/B087767KNW?tag=eloabder-20&linkCode=osi&th=1&psc=1"><img src="https://m.media-amazon.com/images/I/41rapiHruXL._SL500_.jpg" alt="Product Image"></a><p>Soldering Iron Kit, 60W Soldering Iron with Interchangeable Iron Tips, 10-in-1 Adjustable Temperature Soldering Welding Iron Kit for any Hobby Enthusiast 110V US Plug</p><p> -13% 0FF </p><p>$12.99</p><a href="https://www.amazon.com/dp/B087767KNW?tag=eloabder-20&linkCode=osi&th=1&psc=1">View Product</a></div><div class="product"><a href="https://www.amazon.com/dp/B082F1WKP9?tag=eloabder-20&linkCode=osi&th=1&psc=1"><img src="https://m.media-amazon.com/images/I/518z061SWZL._SL500_.jpg" alt="Product Image"></a><p>YIHUA 926 III 60W Digital Display Soldering Iron Station Kit w 2 Helping Hands, 6 Extra Iron Tips, Lead-Free Solder, Solder Sucker, S/S Tweezers, ¬∞C/¬∫F Conversion, Auto Sleep & Calibration Support</p><p> -17% 0FF </p><p>$49.99</p><a href="https://www.amazon.com/dp/B082F1WKP9?tag=eloabder-20&linkCode=osi&th=1&psc=1">View Product</a></div><div class="product"><a href="https://www.amazon.com/dp/B002PIA6Z4?tag=eloabder-20&linkCode=osi&th=1&psc=1"><img src="https://m.media-amazon.com/images/I/41hE8aKpakL._SL500_.jpg" alt="Product Image"></a><p>Pro'sKit 900-015 Helping Hands Soldering Aid</p><p> -35% 0FF </p><p>$7.59</p><a href="https://www.amazon.com/dp/B002PIA6Z4?tag=eloabder-20&linkCode=osi&th=1&psc=1">View Product</a></div><div class="product"><a href="https://www.amazon.com/dp/B094GZ6CPZ?tag=eloabder-20&linkCode=osi&th=1&psc=1"><img src="https://m.media-amazon.com/images/I/510vFCSfPqL._SL500_.jpg" alt="Product Image"></a><p>Lesnow solder wick braid 10ft Length Desoldering Wick Braid Remover Tool Solder Sucker 1 piece No-Clean soldering Wick Wire Roll and Disassemble Electrical Components</p><p> -20% 0FF </p><p>$7.99</p><a href="https://www.amazon.com/dp/B094GZ6CPZ?tag=eloabder-20&linkCode=osi&th=1&psc=1">View Product</a></div><div class="product"><a href="https://www.amazon.com/dp/B0CZ9KB3PS?tag=eloabder-20&linkCode=osi&th=1&psc=1"><img src="https://m.media-amazon.com/images/I/41i90xEV7CL._SL500_.jpg" alt="Product Image"></a><p>60W Digital Soldering Station Fast Heating Precision Temperature Control Soldering Iron Station with Stable Base Auto Sleep 10 Soldering Iron Tips Soldering Station Kit for Beginners DIY hobbyist</p><p> -15% 0FF </p><p>$39.88</p><a href="https://www.amazon.com/dp/B0CZ9KB3PS?tag=eloabder-20&linkCode=osi&th=1&psc=1">View Product</a></div><div class="product"><a href="https://www.amazon.com/dp/B00NS4J6BY?tag=eloabder-20&linkCode=osi&th=1&psc=1"><img src="https://m.media-amazon.com/images/I/51zuuNWwBjL._SL500_.jpg" alt="Product Image"></a><p>Thermaltronics TMT-TC-2 Tip Tinner (20g) in 0.8oz Container</p><p> -21% 0FF </p><p>$6.35 ($7.94 / Ounce)</p><a href="https://www.amazon.com/dp/B00NS4J6BY?tag=eloabder-20&linkCode=osi&th=1&psc=1">View Product</a></div>
<div class="product"><a href="https://www.amazon.com/dp/B097T8CG94?tag=eloabder-20&linkCode=osi&th=1&psc=1"><img src="https://m.media-amazon.com/images/I/51ciNJ1DuTL._SL500_.jpg" alt="Product Image"></a><p>Soldering Iron Kit,Electric 60W Soldering Gun Welding Tools with ON/OFF Swicth,5 Soldering Iron Tips,Tweezers,solder wire,for soldering Kit and Repairing,DIY</p><p> -50% 0FF </p><p>$5.99</p><a href="https://www.amazon.com/dp/B097T8CG94?tag=eloabder-20&linkCode=osi&th=1&psc=1">View Product</a></div><div class="product"><a href="https://www.amazon.com/dp/B08R3515SF?tag=eloabder-20&linkCode=osi&th=1&psc=1"><img src="https://m.media-amazon.com/images/I/41-UwHjbdpL._SL500_.jpg" alt="Product Image"></a><p>Soldering Iron Kit, 80W 110V LCD Digital Soldering Welding Iron Kit with Ceramic Heater, Portable Soldering Kit with 5pcs Tips, Stand, Solder Tube, Sponge, Solder Paste,for Metal,Electric, DIY</p><p> -23% 0FF </p><p>$9.95</p><a href="https://www.amazon.com/dp/B08R3515SF?tag=eloabder-20&linkCode=osi&th=1&psc=1">View Product</a></div><div class="product"><a href="https://www.amazon.com/dp/B0BW4HMXJ3?tag=eloabder-20&linkCode=osi&th=1&psc=1"><img src="https://m.media-amazon.com/images/I/516tKeqajpL._SL500_.jpg" alt="Product Image"></a><p>Soldering Iron Kit 80W LCD Adjustable Temperature 180-520‚ÑÉ Solder Kit Electronics 13 in 1 Welding Tools with ON/OFF Switch, Solder Wire, Flux, 5 Soldering Tips, Desoldering Pump, Stand, Tweezers</p><p> -27% 0FF </p><p>$18.98</p><a href="https://www.amazon.com/dp/B0BW4HMXJ3?tag=eloabder-20&linkCode=osi&th=1&psc=1">View Product</a></div>
<div class="product"><a href="https://www.amazon.com/dp/B077JDGY1J?tag=eloabder-20&linkCode=osi&th=1&psc=1"><img src="https://m.media-amazon.com/images/I/41yRK+nzODL._SL500_.jpg" alt="Product Image"></a><p>Weller 70 Watt Digital Soldering Station | WE1010NA</p><p> -25% 0FF </p><p>$115.00</p><a href="https://www.amazon.com/dp/B077JDGY1J?tag=eloabder-20&linkCode=osi&th=1&psc=1">View Product</a></div><div class="product"><a href="https://www.amazon.com/dp/B09TXP1KDV?tag=eloabder-20&linkCode=osi&th=1&psc=1"><img src="https://m.media-amazon.com/images/I/51-97nkYLSL._SL500_.jpg" alt="Product Image"></a><p>WEP 927-IV Soldering Station Kit High-Power 110W with 3 Preset Channels, Sleep Mode, LED Magnifier, 5 Extra Iron Tips, Tip Cleaner, 2 Helping Hands, Tip Storage Slots, Lead-free Solder Wire, Tweezers</p><p> -25% 0FF </p><p>$59.99</p><a href="https://www.amazon.com/dp/B09TXP1KDV?tag=eloabder-20&linkCode=osi&th=1&psc=1">View Product</a></div><div class="product"><a href="https://www.amazon.com/dp/B07RVMZNYR?tag=eloabder-20&linkCode=osi&th=1&psc=1"><img src="https://m.media-amazon.com/images/I/51MK9AVKTeL._SL500_.jpg" alt="Product Image"></a><p>YIHUA 939D+ Digital Soldering Station, 75W Equivalent with Precision Heat Control (392¬∞F to 896¬∞F) and Built-in Transformer. ESD Safe, Lead Free with ¬∞C/¬∞F display (Black)</p><p> -17% 0FF </p><p>$59.99</p><a href="https://www.amazon.com/dp/B07RVMZNYR?tag=eloabder-20&linkCode=osi&th=1&psc=1">View Product</a></div><div class="product"><a href="https://www.amazon.com/dp/B0BX5KXBPD?tag=eloabder-20&linkCode=osi&th=1&psc=1"><img src="https://m.media-amazon.com/images/I/51kzeXwC0sL._SL500_.jpg" alt="Product Image"></a><p>WEP 882D Soldering Iron Station 2-IN-1 SMD Hot Air Rework Station with 2 Spools of Solder Wire, 5 Soldering Tips, 3 Hot Air Nozzles, Brass Wool Tip Cleaner, Tweezers, Desoldering pump</p><p> -12% 0FF </p><p>$48.44</p><a href="https://www.amazon.com/dp/B0BX5KXBPD?tag=eloabder-20&linkCode=osi&th=1&psc=1">View Product</a></div><div class="product"><a href="https://www.amazon.com/dp/B07S4GPM66?tag=eloabder-20&linkCode=osi&th=1&psc=1"><img src="https://m.media-amazon.com/images/I/51Z2ti7tGQL._SL500_.jpg" alt="Product Image"></a><p>YIHUA 853D 2A USB SMD Hot Air Rework Soldering Iron Station, DC Power Supply 0-15V 0-2A with 5V USB Charging Port and 35 Volt DC Voltage Test Meter</p><p> -12% 0FF </p><p>$149.99</p><a href="https://www.amazon.com/dp/B07S4GPM66?tag=eloabder-20&linkCode=osi&th=1&psc=1">View Product</a></div><div class="product"><a href="https://www.amazon.com/dp/B07RY5XWVG?tag=eloabder-20&linkCode=osi&th=1&psc=1"><img src="https://m.media-amazon.com/images/I/51C2g+FzzUL._SL500_.jpg" alt="Product Image"></a><p>YIHUA 862BD+ SMD ESD Safe 2 in 1 Soldering Iron Hot Air Rework Station ¬∞F /¬∞C with Multiple Functions</p><p> -27% 0FF </p><p>$101.95</p><a href="https://www.amazon.com/dp/B07RY5XWVG?tag=eloabder-20&linkCode=osi&th=1&psc=1">View Product</a></div>
<div class="product"><a href="https://www.amazon.com/dp/B008ZIV85A?tag=eloabder-20&linkCode=osi&th=1&psc=1"><img src="https://m.media-amazon.com/images/I/41CWW+v4uOL._SL500_.jpg" alt="Product Image"></a><p>SRA Solder 135 Rosin Paste Soldering Flux For Electronics, No Clean Flux Made for Lead and Lead-Free Solder Circuit Boards and Copper Electrical Wire - Safe Clean Residues with No Goopy Mess (2oz Jar)</p><p> -23% 0FF </p><p>$8.49</p><a href="https://www.amazon.com/dp/B008ZIV85A?tag=eloabder-20&linkCode=osi&th=1&psc=1">View Product</a></div><div class="product"><a href="https://www.amazon.com/dp/B08MVXW4RY?tag=eloabder-20&linkCode=osi&th=1&psc=1"><img src="https://m.media-amazon.com/images/I/51ACPA4yj1L._SL500_.jpg" alt="Product Image"></a><p>2 Jar Solder Flux, Flux for Soldering, Rosin Soldering Flux Paste for Lead-Free Electronics Soldering and Soldering DIY (1.2oz/35g in a Jar)</p><p> -30% 0FF </p><p>$6.98</p><a href="https://www.amazon.com/dp/B08MVXW4RY?tag=eloabder-20&linkCode=osi&th=1&psc=1">View Product</a></div>
<div class="product"><a href="https://www.amazon.com/dp/B07PX44JQM?tag=eloabder-20&linkCode=osi&th=1&psc=1"><img src="https://m.media-amazon.com/images/I/41MRmHNswpL._SL500_.jpg" alt="Product Image"></a><p>Metabo HPT Compound Miter Saw, 10" Miter Saw with Large Table Saw for woodworking, Power saw with 15-Amp Motor, Accurate Miter Angles, 0-45¬∞ Bevel, 24T TCT Miter Saw Blade, Positive Stops, C10FCGS</p><p> -25% 0FF </p><p>$119.00</p><a href="https://www.amazon.com/dp/B07PX44JQM?tag=eloabder-20&linkCode=osi&th=1&psc=1">View Product</a></div><div class="product"><a href="https://www.amazon.com/dp/B0CCNY7798?tag=eloabder-20&linkCode=osi&th=1&psc=1"><img src="https://m.media-amazon.com/images/I/51Wb7rA81NL._SL500_.jpg" alt="Product Image"></a><p>DEKOPRO Drill Set: Tool Set with 8V Blue Cordless Drill, Home Tool Kit with Drill, Hand Tool Kits for Women 126 Piece</p><p> -33% 0FF </p><p>$59.99</p><a href="https://www.amazon.com/dp/B0CCNY7798?tag=eloabder-20&linkCode=osi&th=1&psc=1">View Product</a></div><div class="product"><a href="https://www.amazon.com/dp/B07JPFHQKG?tag=eloabder-20&linkCode=osi&th=1&psc=1"><img src="https://m.media-amazon.com/images/I/413RBSqCVzL._SL500_.jpg" alt="Product Image"></a><p>DEWALT 20V MAX XR Jig Saw, 3,200 Blade Speed, Cordless, Brushless Motor, LED Light, Bare Tool Only (DCS334B)</p><p> -46% 0FF </p><p>$129.00</p><a href="https://www.amazon.com/dp/B07JPFHQKG?tag=eloabder-20&linkCode=osi&th=1&psc=1">View Product</a></div><div class="product"><a href="https://www.amazon.com/dp/B01IR1SXVQ?tag=eloabder-20&linkCode=osi&th=1&psc=1"><img src="https://m.media-amazon.com/images/I/41ryU1i4DeL._SL500_.jpg" alt="Product Image"></a><p>BLACK+DECKER 20V MAX Power Tool Combo Kit, 4-Tool Cordless Power Tool Set with 2 Batteries and Charger (BD4KITCDCRL)</p><p> -29% 0FF </p><p>$141.83</p><a href="https://www.amazon.com/dp/B01IR1SXVQ?tag=eloabder-20&linkCode=osi&th=1&psc=1">View Product</a></div>
<div class="product"><a href="https://www.amazon.com/dp/B0C4L88ZFW?tag=eloabder-20&linkCode=osi&th=1&psc=1"><img src="https://m.media-amazon.com/images/I/51SJoHf6mJL._SL500_.jpg" alt="Product Image"></a><p>FADAKWALT Cordless Drill Set,12V Power Drill Set with Battery and Charger, Electric Driver/Drill Bits, 3/8'' Keyless Chuck,21+1 Torque Setting, 180 inch-lbs, with LED Electric Drill Set (Green)</p><p> -20% 0FF </p><p>$23.98</p><a href="https://www.amazon.com/dp/B0C4L88ZFW?tag=eloabder-20&linkCode=osi&th=1&psc=1">View Product</a></div><div class="product"><a href="https://www.amazon.com/dp/B07CR1GPBQ?tag=eloabder-20&linkCode=osi&th=1&psc=1"><img src="https://m.media-amazon.com/images/I/51Py58xkv6L._SL500_.jpg" alt="Product Image"></a><p>AVID POWER 20V MAX Lithium lon Cordless Drill Set, Power Drill Kit with Battery and Charger, 3/8-Inch Keyless Chuck, Variable Speed, 16 Position and 22pcs Drill Bits (Red)</p><p> -12% 0FF </p><p>$43.99</p><a href="https://www.amazon.com/dp/B07CR1GPBQ?tag=eloabder-20&linkCode=osi&th=1&psc=1">View Product</a></div><div class="product"><a href="https://www.amazon.com/dp/B09Y8BWFZB?tag=eloabder-20&linkCode=osi&th=1&psc=1"><img src="https://m.media-amazon.com/images/I/51Ixq-DjI3L._SL500_.jpg" alt="Product Image"></a><p>DEKOPRO 8V Cordless Drill, Drill Set with 3/8"Keyless Chuck, 42pcs Acessories, Built-in LED, Type-C Charge Cable, Pink Power Drill for Drilling and Tightening/Loosening Screws</p><p> -17% 0FF </p><p>$29.99</p><a href="https://www.amazon.com/dp/B09Y8BWFZB?tag=eloabder-20&linkCode=osi&th=1&psc=1">View Product</a></div>
<div class="product"><a href="https://www.amazon.com/dp/B01KJJQ1MC?tag=eloabder-20&linkCode=osi&th=1&psc=1"><img src="https://m.media-amazon.com/images/I/51zT9DcQquL._SL500_.jpg" alt="Product Image"></a><p>Skil 5080-01 13-Amp 7-1/4" Circular Saw, Red</p><p> -33% 0FF </p><p>$39.99</p><a href="https://www.amazon.com/dp/B01KJJQ1MC?tag=eloabder-20&linkCode=osi&th=1&psc=1">View Product</a></div><div class="product"><a href="https://www.amazon.com/dp/B076HPKK19?tag=eloabder-20&linkCode=osi&th=1&psc=1"><img src="https://m.media-amazon.com/images/I/41b2h45bkSS._SL500_.jpg" alt="Product Image"></a><p>BLACK+DECKER 20V MAX* Cordless Reciprocating Saw Kit (BDCR20C)</p><p> -21% 0FF </p><p>$54.99</p><a href="https://www.amazon.com/dp/B076HPKK19?tag=eloabder-20&linkCode=osi&th=1&psc=1">View Product</a></div><div class="product"><a href="https://www.amazon.com/dp/B07WP376TG?tag=eloabder-20&linkCode=osi&th=1&psc=1"><img src="https://m.media-amazon.com/images/I/51PemucX5WL._SL500_.jpg" alt="Product Image"></a><p>GALAX PRO Circular Saw and Reciprocating Saw Combo Kit with 1pcs 4.0Ah Lithium Battery and One Charger, 7 Saw Blades and Tool Bag</p><p> -21% 0FF </p><p>$109.99</p><a href="https://www.amazon.com/dp/B07WP376TG?tag=eloabder-20&linkCode=osi&th=1&psc=1">View Product</a></div><div class="product"><a href="https://www.amazon.com/dp/B00F2CGXGG?tag=eloabder-20&linkCode=osi&th=1&psc=1"><img src="https://m.media-amazon.com/images/I/41gldz3g2lS._SL500_.jpg" alt="Product Image"></a><p>DEWALT (DWE7491RS) 10-Inch Table Saw, 32-1/2-Inch Rip Capacity, Yellow/Black/Silver</p><p> -18% 0FF </p><p>$549.00</p><a href="https://www.amazon.com/dp/B00F2CGXGG?tag=eloabder-20&linkCode=osi&th=1&psc=1">View Product</a></div><div class="product"><a href="https://www.amazon.com/dp/B086SRQVVM?tag=eloabder-20&linkCode=osi&th=1&psc=1"><img src="https://m.media-amazon.com/images/I/41dsapo-W7L._SL500_.jpg" alt="Product Image"></a><p>Electric Circular Saw, HYCHIKA 6.2A Mini Circular Saw with 3 Blades(4-1/2‚Äù), Compact Hand Saw Max Cutting Depth 1-7/8'' (90¬∞), Rubber Handle, 10 Feet Cord, Fit for Wood Soft Metal Plastic Cuts</p><p> -22% 0FF </p><p>$54.38</p><a href="https://www.amazon.com/dp/B086SRQVVM?tag=eloabder-20&linkCode=osi&th=1&psc=1">View Product</a></div>
<div class="product"><a href="https://www.amazon.com/dp/B00RVZ7DNO?tag=eloabder-20&linkCode=osi&th=1&psc=1"><img src="https://m.media-amazon.com/images/I/41WHxI6Z+bL._SL500_.jpg" alt="Product Image"></a><p>DEWALT Angle Grinder, 4.5 Inch, 11 Amp, With Paddle Switch (DWE402)</p><p> -19% 0FF </p><p>$88.82</p><a href="https://www.amazon.com/dp/B00RVZ7DNO?tag=eloabder-20&linkCode=osi&th=1&psc=1">View Product</a></div><div class="product"><a href="https://www.amazon.com/dp/B07L21GNHL?tag=eloabder-20&linkCode=osi&th=1&psc=1"><img src="https://m.media-amazon.com/images/I/5199mmz0eBS._SL500_.jpg" alt="Product Image"></a><p>Metabo HPT 4-1/2-Inch Angle Grinder, Includes 5 Grinding Wheels & Hard Case, 6.2-Amp Motor, Compact & Lightweight, G12SR4</p><p> -20% 0FF </p><p>$39.00</p><a href="https://www.amazon.com/dp/B07L21GNHL?tag=eloabder-20&linkCode=osi&th=1&psc=1">View Product</a></div><div class="product"><a href="https://www.amazon.com/dp/B009ELXH1K?tag=eloabder-20&linkCode=osi&th=1&psc=1"><img src="https://m.media-amazon.com/images/I/41xbd2K1xkL._SL500_.jpg" alt="Product Image"></a><p>DEWALT Angle Grinder, One-Touch Guard, 4-1/2 -Inch (DWE4011)</p><p> -11% 0FF </p><p>$79.00</p><a href="https://www.amazon.com/dp/B009ELXH1K?tag=eloabder-20&linkCode=osi&th=1&psc=1">View Product</a></div><div class="product"><a href="https://www.amazon.com/dp/B06WW85XHR?tag=eloabder-20&linkCode=osi&th=1&psc=1"><img src="https://m.media-amazon.com/images/I/41IyxzFrgQL._SL500_.jpg" alt="Product Image"></a><p>DEWALT Angle Grinder Tool, 4-1/2-Inch to 5-Inch, Trigger Switch (DWE43116)</p><p> -20% 0FF </p><p>$134.93</p><a href="https://www.amazon.com/dp/B06WW85XHR?tag=eloabder-20&linkCode=osi&th=1&psc=1">View Product</a></div><div class="product"><a href="https://www.amazon.com/dp/B0002SRK6M?tag=eloabder-20&linkCode=osi&th=1&psc=1"><img src="https://m.media-amazon.com/images/I/31rUdEYHfiL._SL500_.jpg" alt="Product Image"></a><p>DEWALT Angle Grinder, 7-Inch, 13-Amp, 8,000 RPM, With Dust Ejection System, Corded (DW840)</p><p> -18% 0FF </p><p>$122.13</p><a href="https://www.amazon.com/dp/B0002SRK6M?tag=eloabder-20&linkCode=osi&th=1&psc=1">View Product</a></div><div class="product"><a href="https://www.amazon.com/dp/B01HD4EH4A?tag=eloabder-20&linkCode=osi&th=1&psc=1"><img src="https://m.media-amazon.com/images/I/31bCbZzbjxL._SL500_.jpg" alt="Product Image"></a><p>BOSCH GWS8-45 4-1/2 Inch 7.5 Amp Angle Grinder</p><p> -15% 0FF </p><p>$58.98</p><a href="https://www.amazon.com/dp/B01HD4EH4A?tag=eloabder-20&linkCode=osi&th=1&psc=1">View Product</a></div><div class="product"><a href="https://www.amazon.com/dp/B09MCMN9SJ?tag=eloabder-20&linkCode=osi&th=1&psc=1"><img src="https://m.media-amazon.com/images/I/51bilvYEN5L._SL500_.jpg" alt="Product Image"></a><p>7.5Amp 4-1/2 Inch 12000 RPM Angle Grinder with 2 Guards, 3 Cutting Wheels, 3 Discs, Non-Slip Handle and Carbon Brush for Metal and Wood</p><p> -13% 0FF </p><p>$39.99</p><a href="https://www.amazon.com/dp/B09MCMN9SJ?tag=eloabder-20&linkCode=osi&th=1&psc=1">View Product</a></div><div class="product"><a href="https://www.amazon.com/dp/B01FJLKS1K?tag=eloabder-20&linkCode=osi&th=1&psc=1"><img src="https://m.media-amazon.com/images/I/41OMZZp7LWL._SL500_.jpg" alt="Product Image"></a><p>WEN 944 7-Amp Angle Grinder, 4-1/2", Grey,black,orange</p><p> -30% 0FF </p><p>$24.35</p><a href="https://www.amazon.com/dp/B01FJLKS1K?tag=eloabder-20&linkCode=osi&th=1&psc=1">View Product</a></div>
<div class="product"><a href="https://www.amazon.com/dp/B07FDL1TW5?tag=eloabder-20&linkCode=osi&th=1&psc=1"><img src="https://m.media-amazon.com/images/I/51OYzHg15RL._SL500_.jpg" alt="Product Image"></a><p>SKIL Corded Multi-Function Detail Sander with Micro-Filter Dust Box 3 Additional Attachments & 12pc Sanding Sheet- SR232301</p><p> -27% 0FF </p><p>$29.00</p><a href="https://www.amazon.com/dp/B07FDL1TW5?tag=eloabder-20&linkCode=osi&th=1&psc=1">View Product</a></div><div class="product"><a href="https://www.amazon.com/dp/B0858C7X3M?tag=eloabder-20&linkCode=osi&th=1&psc=1"><img src="https://m.media-amazon.com/images/I/41-u+iAaY0L._SL500_.jpg" alt="Product Image"></a><p>DEWALT Random Orbit Sander, Variable Speed, 5-Inch (DWE6423)</p><p> -29% 0FF </p><p>$69.99</p><a href="https://www.amazon.com/dp/B0858C7X3M?tag=eloabder-20&linkCode=osi&th=1&psc=1">View Product</a></div><div class="product"><a href="https://www.amazon.com/dp/B01ALMMJH8?tag=eloabder-20&linkCode=osi&th=1&psc=1"><img src="https://m.media-amazon.com/images/I/41c+p-fOD8L._SL500_.jpg" alt="Product Image"></a><p>DEWALT Electric Sander, 1/4-Inch Sheet, (DWE6411)</p><p> -17% 0FF </p><p>$53.64</p><a href="https://www.amazon.com/dp/B01ALMMJH8?tag=eloabder-20&linkCode=osi&th=1&psc=1">View Product</a></div><div class="product"><a href="https://www.amazon.com/dp/B07JQM7C28?tag=eloabder-20&linkCode=osi&th=1&psc=1"><img src="https://m.media-amazon.com/images/I/41dKlVcpqTL._SL500_.jpg" alt="Product Image"></a><p>DEWALT 20V MAX Orbital Sander, Tool Only (DCW210B)</p><p> -41% 0FF </p><p>$105.00</p><a href="https://www.amazon.com/dp/B07JQM7C28?tag=eloabder-20&linkCode=osi&th=1&psc=1">View Product</a></div><div class="product"><a href="https://www.amazon.com/dp/B07KL4QGSQ?tag=eloabder-20&linkCode=osi&th=1&psc=1"><img src="https://m.media-amazon.com/images/I/41Ucr142bJL._SL500_.jpg" alt="Product Image"></a><p>WEN Benchtop Belt and Disc Sander with 4 x 36 in. Belt, 6 in. Disc and Cast Iron Base (6502T)</p><p> -27% 0FF </p><p>$98.80</p><a href="https://www.amazon.com/dp/B07KL4QGSQ?tag=eloabder-20&linkCode=osi&th=1&psc=1">View Product</a></div><div class="product"><a href="https://www.amazon.com/dp/B00OJWLVM6?tag=eloabder-20&linkCode=osi&th=1&psc=1"><img src="https://m.media-amazon.com/images/I/41uzJE+Q03L._SL500_.jpg" alt="Product Image"></a><p>BLACK+DECKER 2.0 Amp Electric 1/4 Sheet Orbit Sander (BDEQS300)</p><p> -29% 0FF </p><p>$28.41</p><a href="https://www.amazon.com/dp/B00OJWLVM6?tag=eloabder-20&linkCode=osi&th=1&psc=1">View Product</a></div>
<div class="product"><a href="https://www.amazon.com/dp/B0DC68CKKH?tag=eloabder-20&linkCode=osi&th=1&psc=1"><img src="https://m.media-amazon.com/images/I/41gqGPLD28L._SL500_.jpg" alt="Product Image"></a><p>VEVOR Air Compressor 80 Gallon, 6.5HP 15.5SCFM@90 PSI, 2-Stage 145PSI Oil Free Stationary Air Compressor Tank, 86dB Quiet Compressor for Industrial Manufacturing, Construction Sites (3-Phase Power)</p><p> -6% 0FF </p><p>$1,141.99</p><a href="https://www.amazon.com/dp/B0DC68CKKH?tag=eloabder-20&linkCode=osi&th=1&psc=1">View Product</a></div><div class="product"><a href="https://www.amazon.com/dp/B0CSZ1NVW4?tag=eloabder-20&linkCode=osi&th=1&psc=1"><img src="https://m.media-amazon.com/images/I/41RAQPUKmVL._SL500_.jpg" alt="Product Image"></a><p>FYPower Air Compressor Whip Hose 3/8 Inch x 10 Feet Lead in Hybrid Hose with Fittings, Flexible and Kink Resistant, 1/4" Industrial Quick Coupler and Plug Kit - Red</p><p> -50% 0FF </p><p>$9.49</p><a href="https://www.amazon.com/dp/B0CSZ1NVW4?tag=eloabder-20&linkCode=osi&th=1&psc=1">View Product</a></div><div class="product"><a href="https://www.amazon.com/dp/B0D1QK5ZKD?tag=eloabder-20&linkCode=osi&th=1&psc=1"><img src="https://m.media-amazon.com/images/I/41lJM5B8d2L._SL500_.jpg" alt="Product Image"></a><p>Uharbour Air Compressor Hose 1/4" x 50 Feet, 1/4 Air Hose PVC/Rubber Hybrid, Air Hose for Compressor with 1/4" MNPT Brass Fitting, Air Hose 50 ft for Air Compressor</p><p> -50% 0FF </p><p>$11.49 ($0.23 / Foot)</p><a href="https://www.amazon.com/dp/B0D1QK5ZKD?tag=eloabder-20&linkCode=osi&th=1&psc=1">View Product</a></div><div class="product"><a href="https://www.amazon.com/dp/B0CQ1ZXN5N?tag=eloabder-20&linkCode=osi&th=1&psc=1"><img src="https://m.media-amazon.com/images/I/413MD4U9LOL._SL500_.jpg" alt="Product Image"></a><p>DEWENWILS 3/8 Inch x 50FT Hybrid Air Hose 300 PSI, Heavy Duty Air Compressor Hose with 1/4" Industrial Quick Coupler Fittings, Flexible and Kink Resistant Air Hose (Red)</p><p> -50% 0FF </p><p>$16.24 ($0.32 / Foot)</p><a href="https://www.amazon.com/dp/B0CQ1ZXN5N?tag=eloabder-20&linkCode=osi&th=1&psc=1">View Product</a></div><div class="product"><a href="https://www.amazon.com/dp/B0CHB3GDSV?tag=eloabder-20&linkCode=osi&th=1&psc=1"><img src="https://m.media-amazon.com/images/I/41TgWdqGdPL._SL500_.jpg" alt="Product Image"></a><p>Giraffe Tools TA15BPLUS Retractable Air Hose Reel with Swivel Bracket 3/8" x 50 ft Hybrid Hose, Ceiling/Wall Mounted Heavy Duty Industrial Air Compressor Hose Reel, 300PSI, 50ft</p><p> -9% 0FF </p><p>$99.99</p><a href="https://www.amazon.com/dp/B0CHB3GDSV?tag=eloabder-20&linkCode=osi&th=1&psc=1">View Product</a></div><div class="product"><a href="https://www.amazon.com/dp/B08PDT69XS?tag=eloabder-20&linkCode=osi&th=1&psc=1"><img src="https://m.media-amazon.com/images/I/41a6Z-s1uhL._SL500_.jpg" alt="Product Image"></a><p>Craftsman 20-piece Air Accessory Kit</p><p> -24% 0FF </p><p>$33.28</p><a href="https://www.amazon.com/dp/B08PDT69XS?tag=eloabder-20&linkCode=osi&th=1&psc=1">View Product</a></div><div class="product"><a href="https://www.amazon.com/dp/B07MBY35K6?tag=eloabder-20&linkCode=osi&th=1&psc=1"><img src="https://m.media-amazon.com/images/I/41wG+631zAL._SL500_.jpg" alt="Product Image"></a><p>AZUNO Digital Tire Inflator with Pressure Gauge, 200 PSI (0.1 Res) w/LED Flashlight, Heavy Duty Air Compressor Accessories 7pcs Set, w/Lock on Air Dual Head Chuck and 90¬∞ Tire Valve</p><p> -6% 0FF </p><p>$25.99</p><a href="https://www.amazon.com/dp/B07MBY35K6?tag=eloabder-20&linkCode=osi&th=1&psc=1">View Product</a></div>
<div class="product"><a href="https://www.amazon.com/dp/B0918CSK8N?tag=eloabder-20&linkCode=osi&th=1&psc=1"><img src="https://m.media-amazon.com/images/I/51PHon751vL._SL500_.jpg" alt="Product Image"></a><p>TOOLPEAK 1/4 inch angle air die grinder with 22 pcs 2-inch roll lock sanding discs, polished color angle pneumatic die grinder, air die grinder kit</p><p> -5% 0FF </p><p>$38.57</p><a href="https://www.amazon.com/dp/B0918CSK8N?tag=eloabder-20&linkCode=osi&th=1&psc=1">View Product</a></div><div class="product"><a href="https://www.amazon.com/dp/B000VZAENC?tag=eloabder-20&linkCode=osi&th=1&psc=1"><img src="https://m.media-amazon.com/images/I/21onsePfIFL._SL500_.jpg" alt="Product Image"></a><p>Ingersoll Rand 114GQC Quick Change Air Hammer 3-Piece Chisel Set, 3500 BPM, 2-5/8" Stroke, .401 Shank</p><p> -13% 0FF </p><p>$64.99</p><a href="https://www.amazon.com/dp/B000VZAENC?tag=eloabder-20&linkCode=osi&th=1&psc=1">View Product</a></div><div class="product"><a href="https://www.amazon.com/dp/B079FCZT4N?tag=eloabder-20&linkCode=osi&th=1&psc=1"><img src="https://m.media-amazon.com/images/I/41MB8jWnISS._SL500_.jpg" alt="Product Image"></a><p>WEN 61721 18-Gauge 3/8-Inch to 2-Inch Pneumatic Brad Nailer</p><p> -38% 0FF </p><p>$27.99</p><a href="https://www.amazon.com/dp/B079FCZT4N?tag=eloabder-20&linkCode=osi&th=1&psc=1">View Product</a></div><div class="product"><a href="https://www.amazon.com/dp/B00OK3TWUW?tag=eloabder-20&linkCode=osi&th=1&psc=1"><img src="https://m.media-amazon.com/images/I/314nu+8-0xL._SL500_.jpg" alt="Product Image"></a><p>DEWALT Grinder Tool, Self-locking Touch Control, 3-Inch (DWMT70784)</p><p> -66% 0FF </p><p>$42.84</p><a href="https://www.amazon.com/dp/B00OK3TWUW?tag=eloabder-20&linkCode=osi&th=1&psc=1">View Product</a></div><div class="product"><a href="https://www.amazon.com/dp/B008JYRDEU?tag=eloabder-20&linkCode=osi&th=1&psc=1"><img src="https://m.media-amazon.com/images/I/316BGYzWEtL._SL500_.jpg" alt="Product Image"></a><p>Ingersoll Rand 301B 1/4-Inch Right-Angle Air Die Grinder</p><p> -17% 0FF </p><p>$66.55</p><a href="https://www.amazon.com/dp/B008JYRDEU?tag=eloabder-20&linkCode=osi&th=1&psc=1">View Product</a></div><div class="product"><a href="https://www.amazon.com/dp/B07MSL5X4W?tag=eloabder-20&linkCode=osi&th=1&psc=1"><img src="https://m.media-amazon.com/images/I/41Q7jIwxfQS._SL500_.jpg" alt="Product Image"></a><p>Metabo HPT Palm Nailer | Pro Preferred Brand of Pneumatic Nailers | Over-molded Rubber Grip | 360 Degree Swivel Fitting | Magnetic Nose | Ideal For Tight Spaces | 5-Year Warranty | NH90AB</p><p> -20% 0FF </p><p>$39.00</p><a href="https://www.amazon.com/dp/B07MSL5X4W?tag=eloabder-20&linkCode=osi&th=1&psc=1">View Product</a></div><div class="product"><a href="https://www.amazon.com/dp/B09XQ9Z1B9?tag=eloabder-20&linkCode=osi&th=1&psc=1"><img src="https://m.media-amazon.com/images/I/61exAD7KuDL._SL500_.jpg" alt="Product Image"></a><p>Air Cut Off Tool with 5Pcs 3-inch Die Grinder Cut-Off Wheels, Pneumatic Metal Sheet Cutting Tool, Heavy Duty Air Cutter Cut off Tool</p><p> -9% 0FF </p><p>$31.99</p><a href="https://www.amazon.com/dp/B09XQ9Z1B9?tag=eloabder-20&linkCode=osi&th=1&psc=1">View Product</a></div><div class="product"><a href="https://www.amazon.com/dp/B0CWV1M883?tag=eloabder-20&linkCode=osi&th=1&psc=1"><img src="https://m.media-amazon.com/images/I/415GvPJJSYL._SL500_.jpg" alt="Product Image"></a><p>Pneumatic Chamfering Tool Handheld, Mini Air-Powered Chamfering Machine Trimming, 45¬∞ Arc Corner with 1/4 Inch Air Inlet for Metal Wood Beveling Deburring (C&R Angle Blades)</p><p> -7% 0FF </p><p>$51.99</p><a href="https://www.amazon.com/dp/B0CWV1M883?tag=eloabder-20&linkCode=osi&th=1&psc=1">View Product</a></div>
<div class="product"><a href="https://www.amazon.com/dp/B0BZNPPBBN?tag=eloabder-20&linkCode=osi&th=1&psc=1"><img src="https://m.media-amazon.com/images/I/51U1TjcJAVL._SL500_.jpg" alt="Product Image"></a><p>6 Pack Hydraulic Seal Installation Tools, Hydraulic Cylinder Piston Repair Rebuild Seal Kit, U-Cup Rod Seal Installation Tool Kits Upgraded Super Strong Seal Twistor Install Tool Set</p><p> -5% 0FF </p><p>$38.99</p><a href="https://www.amazon.com/dp/B0BZNPPBBN?tag=eloabder-20&linkCode=osi&th=1&psc=1">View Product</a></div>
<div class="product"><a href="https://www.amazon.com/dp/B008ASBLJI?tag=eloabder-20&linkCode=osi&th=1&psc=1"><img src="https://m.media-amazon.com/images/I/4191b6i6byL._SL500_.jpg" alt="Product Image"></a><p>Forearm Forklift 2-Person Lifting and Moving Straps; Lift, Move and Carry Furniture, Appliances, Mattresses or Any Item up to 800 lbs. Safely and Easily Like a Pro, Orange</p><p> -33% 0FF </p><p>$19.99</p><a href="https://www.amazon.com/dp/B008ASBLJI?tag=eloabder-20&linkCode=osi&th=1&psc=1">View Product</a></div><div class="product"><a href="https://www.amazon.com/dp/B01G6C1R8O?tag=eloabder-20&linkCode=osi&th=1&psc=1"><img src="https://m.media-amazon.com/images/I/41BBAL4ekvS._SL500_.jpg" alt="Product Image"></a><p>Gymreapers Knee Sleeves (1 Pair) With Gym Bag - IPF Approved - Knee Sleeve & Compression Brace for Squats, Fitness, Weightlifting, and Powerlifting 7MM Sleeve Pair - For Men & Women (Large)</p><p> -14% 0FF </p><p>$59.99</p><a href="https://www.amazon.com/dp/B01G6C1R8O?tag=eloabder-20&linkCode=osi&th=1&psc=1">View Product</a></div><div class="product"><a href="https://www.amazon.com/dp/B0CB8NRQNJ?tag=eloabder-20&linkCode=osi&th=1&psc=1"><img src="https://m.media-amazon.com/images/I/41TGm-OVXtL._SL500_.jpg" alt="Product Image"></a><p>HOLKIE Retractable Casters Heavy Duty Casters with Lifting and Lowering Function Maximum Load of 700 lbs (4 casters) for Workbenches or Other Equipment</p><p> -13% 0FF </p><p>$25.99 ($6.50 / Count)</p><a href="https://www.amazon.com/dp/B0CB8NRQNJ?tag=eloabder-20&linkCode=osi&th=1&psc=1">View Product</a></div>
<div class="product"><a href="https://www.amazon.com/dp/B08669YYV7?tag=eloabder-20&linkCode=osi&th=1&psc=1"><img src="https://m.media-amazon.com/images/I/51UV5G4XfgL._SL500_.jpg" alt="Product Image"></a><p>RoMech 660lb Digital Hanging Scale with Cast Aluminum Case, Handheld 300Kg Mini Crane Scale with Hooks for Farm Hunting Fishing Outdoor (Orange)</p><p> -25% 0FF </p><p>$29.99</p><a href="https://www.amazon.com/dp/B08669YYV7?tag=eloabder-20&linkCode=osi&th=1&psc=1">View Product</a></div><div class="product"><a href="https://www.amazon.com/dp/B0CMHX7Q2X?tag=eloabder-20&linkCode=osi&th=1&psc=1"><img src="https://m.media-amazon.com/images/I/31NOuexL2YL._SL500_.jpg" alt="Product Image"></a><p>VEVOR Crane Scale, Hanging Scale Industrial Heavy Duty, Digital Crane Scale with Remote Control, Cast Aluminum Case & LED Screen, 2200 lbs/1000 kg,High Precision for Construction, Factory, Farm</p><p> -10% 0FF </p><p>$66.59</p><a href="https://www.amazon.com/dp/B0CMHX7Q2X?tag=eloabder-20&linkCode=osi&th=1&psc=1">View Product</a></div>
<div class="product"><a href="https://www.amazon.com/dp/B0CQCDVKJ1?tag=eloabder-20&linkCode=osi&th=1&psc=1"><img src="https://m.media-amazon.com/images/I/41GQHYTm0VL._SL500_.jpg" alt="Product Image"></a><p>VEVOR 2-in-1 Electric Hoist Winch, 1100 lbs Lift Capacity, 1500W Portable Power Winch Crane, 22.9 ft Lifting Height, 13 ft/min with Wired Remote Control, for Garage, Warehouse, Factory Lifting Towing</p><p> -17% 0FF </p><p>$107.99</p><a href="https://www.amazon.com/dp/B0CQCDVKJ1?tag=eloabder-20&linkCode=osi&th=1&psc=1">View Product</a></div><div class="product"><a href="https://www.amazon.com/dp/B0CT2LSGSD?tag=eloabder-20&linkCode=osi&th=1&psc=1"><img src="https://m.media-amazon.com/images/I/41-pWD30jmL._SL500_.jpg" alt="Product Image"></a><p>3 in 1 Electric Hoist Winch,2200LBS Wired and Wireless Remote Control,110/120V-Portable Power Electric Hoist,41ft Lifting Garage Lift Hoist& Pure Copper Motor,forGarage,Factories,Warehouses,Verandahs</p><p> -6% 0FF </p><p>$146.56</p><a href="https://www.amazon.com/dp/B0CT2LSGSD?tag=eloabder-20&linkCode=osi&th=1&psc=1">View Product</a></div><div class="product"><a href="https://www.amazon.com/dp/B09TW27PBZ?tag=eloabder-20&linkCode=osi&th=1&psc=1"><img src="https://m.media-amazon.com/images/I/411FSmkLWEL._SL500_.jpg" alt="Product Image"></a><p>VEVOR Electric Hoist, 440LBS Attic Hoist, Ladder Hoist, 110V Electric Hoist with 14ft Remote Control & Single/Double Slings for Lifting in Factories, Warehouses, Construction Site, Attic</p><p> -15% 0FF </p><p>$82.44</p><a href="https://www.amazon.com/dp/B09TW27PBZ?tag=eloabder-20&linkCode=osi&th=1&psc=1">View Product</a></div><div class="product"><a href="https://www.amazon.com/dp/B0C4DSHF17?tag=eloabder-20&linkCode=osi&th=1&psc=1"><img src="https://m.media-amazon.com/images/I/51EnChC+cEL._SL500_.jpg" alt="Product Image"></a><p>VEVOR 1320lbs Electric Hoist with Wireless Remote Control,110v Electric Hoist with Remote Control, 40ft/20ft Lifting Height & Pure Copper Motor, for Garage Warehouse Factory</p><p> -12% 0FF </p><p>$112.49</p><a href="https://www.amazon.com/dp/B0C4DSHF17?tag=eloabder-20&linkCode=osi&th=1&psc=1">View Product</a></div>
<div class="product"><a href="https://www.amazon.com/dp/B08GQ9VXKK?tag=eloabder-20&linkCode=osi&th=1&psc=1"><img src="https://m.media-amazon.com/images/I/51D47aU7KVL._SL500_.jpg" alt="Product Image"></a><p>Sidasu Forklift Safety Cage 36x36 Inches Forklift Work Platform 1200LBS Capacity with 4 Wheels Aerial Platform Collapsible Lift Basket Aerial Rails for Lifting Loader</p><p> -11% 0FF </p><p>$159.99</p><a href="https://www.amazon.com/dp/B08GQ9VXKK?tag=eloabder-20&linkCode=osi&th=1&psc=1">View Product</a></div><div class="product"><a href="https://www.amazon.com/dp/B0CRYQTYPQ?tag=eloabder-20&linkCode=osi&th=1&psc=1"><img src="https://m.media-amazon.com/images/I/51wrhc6U5NL._SL500_.jpg" alt="Product Image"></a><p>Santiano Forklift Cover,All-Weather Use, Multi-Functional, No Disassembly, Waterproof, Dustproof, Wind & Snow Protection,600D Oxford&EVA Eco-Friendly Material - Work Year-Round!Up to 6000 Lbs</p><p> -10% 0FF </p><p>$89.99</p><a href="https://www.amazon.com/dp/B0CRYQTYPQ?tag=eloabder-20&linkCode=osi&th=1&psc=1">View Product</a></div>
<div class="product"><a href="https://www.amazon.com/dp/B0D3LGSK5H?tag=eloabder-20&linkCode=osi&th=1&psc=1"><img src="https://m.media-amazon.com/images/I/41Stu0GX-WL._SL500_.jpg" alt="Product Image"></a><p>VEVOR Belt Conveyor, 47 x 7.8 inch Conveyor Table, Heavy Duty Stainless Steel Motorized Belt Conveyor for Inkjet Coding Applications Powered PVC Belt Anti-Static Adjustable Speed (Double Guardrail)</p><p> -30% 0FF </p><p>$168.99</p><a href="https://www.amazon.com/dp/B0D3LGSK5H?tag=eloabder-20&linkCode=osi&th=1&psc=1">View Product</a></div><div class="product"><a href="https://www.amazon.com/dp/B0D7Q3GX1Q?tag=eloabder-20&linkCode=osi&th=1&psc=1"><img src="https://m.media-amazon.com/images/I/41FysGv+h2L._SL500_.jpg" alt="Product Image"></a><p>biosp Adjustable Conveyor Roller Stand with Wheels, Conveyor System Table Height Adjusts between 23'' and 36'', Infeed/Outfeed Support Expandable Gravity Conveyor Belt 300 lbs Load Weight Capacity</p><p> -27% 0FF </p><p>$134.99</p><a href="https://www.amazon.com/dp/B0D7Q3GX1Q?tag=eloabder-20&linkCode=osi&th=1&psc=1">View Product</a></div>
<div class="product"><a href="https://www.amazon.com/dp/B085X1KRSY?tag=eloabder-20&linkCode=osi&th=1&psc=1"><img src="https://m.media-amazon.com/images/I/31zzyc8v40L._SL500_.jpg" alt="Product Image"></a><p>Rhino Cart All Terrain Mover - All Terrain Moving Dolly for Heavy Appliance, Furniture, and Building Material Handling with 2,000lb Load Rating</p><p> -11% 0FF </p><p>$141.86</p><a href="https://www.amazon.com/dp/B085X1KRSY?tag=eloabder-20&linkCode=osi&th=1&psc=1">View Product</a></div><div class="product"><a href="https://www.amazon.com/dp/B097K7JG56?tag=eloabder-20&linkCode=osi&th=1&psc=1"><img src="https://m.media-amazon.com/images/I/51L7oLmBU6L._SL500_.jpg" alt="Product Image"></a><p>XClifes Labor-Saving Handle 2 Pack, 12 in Construction Jack, Wall Tile Locator, Multi-Function Height Adjustment Lifting Device, Door Panel Lifting Cabinet Jack, Raised by 6.69 in,Dynamic Load 450 LB</p><p> -70% 0FF </p><p>$41.99</p><a href="https://www.amazon.com/dp/B097K7JG56?tag=eloabder-20&linkCode=osi&th=1&psc=1">View Product</a></div>
<div class="product"><a href="https://www.amazon.com/dp/B0C73SXNLS?tag=eloabder-20&linkCode=osi&th=1&psc=1"><img src="https://m.media-amazon.com/images/I/51wYIKHX3sL._SL500_.jpg" alt="Product Image"></a><p>Space Saving Hangers, 10PCS Magic Hangers, 5 Holes Sturdy Plastic Hanger Clothes Organizer, Closet Organizers and Storage, Space Saver Hangers Organization, College Dorm Room Essentials (Gray)</p><p> -60% 0FF </p><p>$7.97</p><a href="https://www.amazon.com/dp/B0C73SXNLS?tag=eloabder-20&linkCode=osi&th=1&psc=1">View Product</a></div><div class="product"><a href="https://www.amazon.com/dp/B0BS3JQFBN?tag=eloabder-20&linkCode=osi&th=1&psc=1"><img src="https://m.media-amazon.com/images/I/51B12NhX-VL._SL500_.jpg" alt="Product Image"></a><p>HUITEM Space Saving 6 Tier Pant Hangers, Anti-Slip, Stainless Steel, 2 Pack, Black</p><p> -37% 0FF </p><p>$16.99 ($8.50 / Count)</p><a href="https://www.amazon.com/dp/B0BS3JQFBN?tag=eloabder-20&linkCode=osi&th=1&psc=1">View Product</a></div><div class="product"><a href="https://www.amazon.com/dp/B091KFT7WN?tag=eloabder-20&linkCode=osi&th=1&psc=1"><img src="https://m.media-amazon.com/images/I/415blLO8QrS._SL500_.jpg" alt="Product Image"></a><p>Magic Pants Hangers Space Saving - 2 Pack for Closet Multiple Layers Multifunctional Uses Rack Organizer for Trousers Scarves Slack (2 Pack with 10 Metal Clips)</p><p> -32% 0FF </p><p>$17.59 ($8.80 / Count)</p><a href="https://www.amazon.com/dp/B091KFT7WN?tag=eloabder-20&linkCode=osi&th=1&psc=1">View Product</a></div><div class="product"><a href="https://www.amazon.com/dp/B0CX56DY6R?tag=eloabder-20&linkCode=osi&th=1&psc=1"><img src="https://m.media-amazon.com/images/I/41lm5CT5cBL._SL500_.jpg" alt="Product Image"></a><p>ZEDODIER Tank Top Hanger, Rotatable Bra Organzier for Closet, Max 24 Storage Capacity Sport Bra Holder, Metal Space Saving Closet Organizers and Storage, Silver</p><p> -20% 0FF </p><p>$7.99</p><a href="https://www.amazon.com/dp/B0CX56DY6R?tag=eloabder-20&linkCode=osi&th=1&psc=1">View Product</a></div><div class="product"><a href="https://www.amazon.com/dp/B0CPPHDVDJ?tag=eloabder-20&linkCode=osi&th=1&psc=1"><img src="https://m.media-amazon.com/images/I/51sbXFj+BoL._SL500_.jpg" alt="Product Image"></a><p>2 Pack Closet-Organizers-and-Storage,6 Tier Mens-Shorts Pants-Hangers-Space-Saving,Skirt-Hangers with Clips for Closet Organizer,College-Dorm-Room-Essentials,Closet Storage Jean Yoga Legging Hanger</p><p> -8% 0FF </p><p>$11.99</p><a href="https://www.amazon.com/dp/B0CPPHDVDJ?tag=eloabder-20&linkCode=osi&th=1&psc=1">View Product</a></div>
<div class="product"><a href="https://www.amazon.com/dp/B0B7KTX5LC?tag=eloabder-20&linkCode=osi&th=1&psc=1"><img src="https://m.media-amazon.com/images/I/51JTXlpt4rL._SL500_.jpg" alt="Product Image"></a><p>Bezuny 72" H|36" W All-Metal Garage Shelving Unit and Storage-Easy Assembly Shelves 5-Tier Rack|Heavy-Duty Adjustable Shelf|Steel Waterproof Rust-Resistant Shelves for Industrial,Warehouse,Basement</p><p> -30% 0FF </p><p>$69.99</p><a href="https://www.amazon.com/dp/B0B7KTX5LC?tag=eloabder-20&linkCode=osi&th=1&psc=1">View Product</a></div><div class="product"><a href="https://www.amazon.com/dp/B0B5S3PH6P?tag=eloabder-20&linkCode=osi&th=1&psc=1"><img src="https://m.media-amazon.com/images/I/51jO-STn4XL._SL500_.jpg" alt="Product Image"></a><p>REIBII Garage Shelving, 72" Garage Storage Shelves Heavy Duty Shelving Units and Storage Loads 2500LBS, Adjustable 5 Tier Metal Shelving for Garage Shelves, Utility Shelf Rack, 72" H*35.5" W*16" D</p><p> -20% 0FF </p><p>$79.85</p><a href="https://www.amazon.com/dp/B0B5S3PH6P?tag=eloabder-20&linkCode=osi&th=1&psc=1">View Product</a></div><div class="product"><a href="https://www.amazon.com/dp/B0B6BDKTLB?tag=eloabder-20&linkCode=osi&th=1&psc=1"><img src="https://m.media-amazon.com/images/I/51ku-TmYb3L._SL500_.jpg" alt="Product Image"></a><p>REIBII 36" W x 16" D x 72" H Garage Shelving 2500LBS Capacity Adjustable 5-Tier Heavy Duty Metal Shelving Rack Shelf for Garage,Shed, Pantry, Basement,2 Pack</p><p> -40% 0FF </p><p>$117.99</p><a href="https://www.amazon.com/dp/B0B6BDKTLB?tag=eloabder-20&linkCode=osi&th=1&psc=1">View Product</a></div>
<div class="product"><a href="https://www.amazon.com/dp/B0BV5K3K6V?tag=eloabder-20&linkCode=osi&th=1&psc=1"><img src="https://m.media-amazon.com/images/I/41lZ9MOqYgL._SL500_.jpg" alt="Product Image"></a><p>Pro-Lift Garage Storage Shelves - Heavy Duty 4-Tier Adjustable Metal Wire Shelving Units with 8000 lbs Total Capacity for Garage Basement Racking Organization - 72" H X 77" W X 24" D</p><p> -10% 0FF </p><p>$404.99</p><a href="https://www.amazon.com/dp/B0BV5K3K6V?tag=eloabder-20&linkCode=osi&th=1&psc=1">View Product</a></div><div class="product"><a href="https://www.amazon.com/dp/B0BV6P81V5?tag=eloabder-20&linkCode=osi&th=1&psc=1"><img src="https://m.media-amazon.com/images/I/41cJ52D8IXL._SL500_.jpg" alt="Product Image"></a><p>Pro-LifT Garage Storage Shelves - Heavy Duty 3-Tier Adjustable Metal Wire Shelving Units with 3000 lbs Total Capacity for Garage Basement Racking Organization - 48" H X 48" W X 24" D</p><p> -10% 0FF </p><p>$269.99</p><a href="https://www.amazon.com/dp/B0BV6P81V5?tag=eloabder-20&linkCode=osi&th=1&psc=1">View Product</a></div><div class="product"><a href="https://www.amazon.com/dp/B099RT478T?tag=eloabder-20&linkCode=osi&th=1&psc=1"><img src="https://m.media-amazon.com/images/I/51qH610h91L._SL500_.jpg" alt="Product Image"></a><p>FLEXIMOUNTS Garage Shelving, 3-Tier Heavy Duty Adjustable Shelf, 4650 lbs Weight Capacity Storage Rack, 4 Feet Tall Industrial Metal Shelving</p><p> -20% 0FF </p><p>$159.99</p><a href="https://www.amazon.com/dp/B099RT478T?tag=eloabder-20&linkCode=osi&th=1&psc=1">View Product</a></div><div class="product"><a href="https://www.amazon.com/dp/B0BVB3KSF8?tag=eloabder-20&linkCode=osi&th=1&psc=1"><img src="https://m.media-amazon.com/images/I/41OiNKSrE9L._SL500_.jpg" alt="Product Image"></a><p>Pro-LifT Garage Storage Shelves - Heavy Duty 5-Tier Adjustable Metal Wire Shelving Units with 4000 lbs Total Capacity for Garage Basement Racking Organization - 72" H X 48" W X 18" D</p><p> -21% 0FF </p><p>$172.90</p><a href="https://www.amazon.com/dp/B0BVB3KSF8?tag=eloabder-20&linkCode=osi&th=1&psc=1">View Product</a></div><div class="product"><a href="https://www.amazon.com/dp/B00EZEN2KW?tag=eloabder-20&linkCode=osi&th=1&psc=1"><img src="https://m.media-amazon.com/images/I/41NZ6KW-NBL._SL500_.jpg" alt="Product Image"></a><p>BestOffice 18x48x72 Storage Shelves Commercial Heavy Duty Metal Shelves Garage Organizer Wire Rack Shelving Storage Unit Shelf Adjustable Utility 6000 LBS Capacity,Chrome</p><p> -32% 0FF </p><p>$88.99</p><a href="https://www.amazon.com/dp/B00EZEN2KW?tag=eloabder-20&linkCode=osi&th=1&psc=1">View Product</a></div>
<div class="product"><a href="https://www.amazon.com/dp/B0052PPNQO?tag=eloabder-20&linkCode=osi&th=1&psc=1"><img src="https://m.media-amazon.com/images/I/41wsX9EmOEL._SL500_.jpg" alt="Product Image"></a><p>Vestil PLP2-4840-GREEN Polyethylene Pallet with 4 Way Entry 8000 lbs Capacity 40 In Length 48 In Width 6 In Height</p><p> -11% 0FF </p><p>$178.00</p><a href="https://www.amazon.com/dp/B0052PPNQO?tag=eloabder-20&linkCode=osi&th=1&psc=1">View Product</a></div>
<div class="product"><a href="https://www.amazon.com/dp/B0D3HYC8H1?tag=eloabder-20&linkCode=osi&th=1&psc=1"><img src="https://m.media-amazon.com/images/I/51g1Q8n8fvL._SL500_.jpg" alt="Product Image"></a><p>Dealusy 50 Pack (100-Piece) 24 oz Meal Prep Containers Reusable with Lids, Sturdy Leakproof & Food Safe, Microwave, Freezer, Dishwasher Safe Food Prep Containers, To Go Take Out Plastic Food Storage</p><p> -38% 0FF </p><p>$19.99 ($0.40 / Count)</p><a href="https://www.amazon.com/dp/B0D3HYC8H1?tag=eloabder-20&linkCode=osi&th=1&psc=1">View Product</a></div><div class="product"><a href="https://www.amazon.com/dp/B0BJ8DLPZ2?tag=eloabder-20&linkCode=osi&th=1&psc=1"><img src="https://m.media-amazon.com/images/I/51uDVTFjr8L._SL500_.jpg" alt="Product Image"></a><p>Axe Sickle 200 Count Clear Plastic Hinged Take Out Containers Clamshell Takeout Tray Food Clamshell Containers Outside Diameter 5.3 x 4.7 inch for Dessert, Snacksetc, Cakes, Cookies, Salads</p><p> -8% 0FF </p><p>$23.99 ($0.12 / Count)</p><a href="https://www.amazon.com/dp/B0BJ8DLPZ2?tag=eloabder-20&linkCode=osi&th=1&psc=1">View Product</a></div>
<div class="product"><a href="https://www.amazon.com/dp/B01A12J3GI?tag=eloabder-20&linkCode=osi&th=1&psc=1"><img src="https://m.media-amazon.com/images/I/51OnLlU2IyL._SL500_.jpg" alt="Product Image"></a><p>DEWALT DPG82-11 Concealer Clear Anti-Fog Dual Mold Safety Goggle, Clear Lens, 1 Pair</p><p> -6% 0FF </p><p>$12.24</p><a href="https://www.amazon.com/dp/B01A12J3GI?tag=eloabder-20&linkCode=osi&th=1&psc=1">View Product</a></div><div class="product"><a href="https://www.amazon.com/dp/B0BGSFQJF6?tag=eloabder-20&linkCode=osi&th=1&psc=1"><img src="https://m.media-amazon.com/images/I/510nceKxovL._SL500_.jpg" alt="Product Image"></a><p>TICONN 12 Clear Safety Glasses for Men, Safety Goggles with Scratch Impact Resistant Meets ANSI Z87.1 Standard (12 Pack)</p><p> -13% 0FF </p><p>$12.99</p><a href="https://www.amazon.com/dp/B0BGSFQJF6?tag=eloabder-20&linkCode=osi&th=1&psc=1">View Product</a></div>
<div class="product"><a href="https://www.amazon.com/dp/B093FJWP7J?tag=eloabder-20&linkCode=osi&th=1&psc=1"><img src="https://m.media-amazon.com/images/I/51YRhBJ7CiL._SL500_.jpg" alt="Product Image"></a><p>Personal Protective Equipment (PPE) Isolation Door Caddy, Nylon Oxford NFPA-701 Large Scale Flame Retardant Coating 18.5 X 31 Inch, Included 2 Hooks - Royal Blue (with Back Pockets)</p><p> -13% 0FF </p><p>$84.97</p><a href="https://www.amazon.com/dp/B093FJWP7J?tag=eloabder-20&linkCode=osi&th=1&psc=1">View Product</a></div>
<div class="product"><a href="https://www.amazon.com/dp/B01AWK1XAS?tag=eloabder-20&linkCode=osi&th=1&psc=1"><img src="https://m.media-amazon.com/images/I/41Oax+1e+4L._SL500_.jpg" alt="Product Image"></a><p>NoCry Clear Safety Glasses for Men and Women with Anti-Fog and Scratch Resistant Wrap Around Lenses, Adjustable Temples and Nose Pads ‚Äî Certified ANSI Z87 Safety Glasses ‚Äî 100% UV Protective Eyewear</p><p> -18% 0FF </p><p>$13.99</p><a href="https://www.amazon.com/dp/B01AWK1XAS?tag=eloabder-20&linkCode=osi&th=1&psc=1">View Product</a></div><div class="product"><a href="https://www.amazon.com/dp/B0BNHKWR6W?tag=eloabder-20&linkCode=osi&th=1&psc=1"><img src="https://m.media-amazon.com/images/I/41yahLzQNGL._SL500_.jpg" alt="Product Image"></a><p>HPYNPES Safety GlassesClear Anti-Fog Goggles Over-Spec Glasses Protective Eye Wear Industrial Approved Wide-VisionÔºà4 PACKÔºâ</p><p> -50% 0FF </p><p>$9.99</p><a href="https://www.amazon.com/dp/B0BNHKWR6W?tag=eloabder-20&linkCode=osi&th=1&psc=1">View Product</a></div><div class="product"><a href="https://www.amazon.com/dp/B08S35C88L?tag=eloabder-20&linkCode=osi&th=1&psc=1"><img src="https://m.media-amazon.com/images/I/31X6+YNSuzS._SL500_.jpg" alt="Product Image"></a><p>SolidWork Safety Glasses Clear Lens with Side Shields, Anti Fog, Anti Scratch, Anti-Glare, Protective Eyewear for Men & Women</p><p> -15% 0FF </p><p>$16.99</p><a href="https://www.amazon.com/dp/B08S35C88L?tag=eloabder-20&linkCode=osi&th=1&psc=1">View Product</a></div><div class="product"><a href="https://www.amazon.com/dp/B016KZ2APQ?tag=eloabder-20&linkCode=osi&th=1&psc=1"><img src="https://m.media-amazon.com/images/I/311+k1qPWOL._SL500_.jpg" alt="Product Image"></a><p>3M Safety Glasses Solus 1000 Series ANSI Z87 Scotchgard Anti-Fog Clear Lens Low Profile Blue/Black Frame</p><p> -12% 0FF </p><p>$15.86</p><a href="https://www.amazon.com/dp/B016KZ2APQ?tag=eloabder-20&linkCode=osi&th=1&psc=1">View Product</a></div>
<div class="product"><a href="https://www.amazon.com/dp/B001FPCUHA?tag=eloabder-20&linkCode=osi&th=1&psc=1"><img src="https://m.media-amazon.com/images/I/31F0QDXn4KL._SL500_.jpg" alt="Product Image"></a><p>Flents Foam Ear Plugs, 10 Pair with Case for Sleeping, Snoring, Loud Noise, Traveling, Concerts, Construction, & Studying, NRR 33, Purple, Made in the USA,10 Count (Pack of 1)</p><p> -51% 0FF </p><p>$3.46 ($0.35 / Count)</p><a href="https://www.amazon.com/dp/B001FPCUHA?tag=eloabder-20&linkCode=osi&th=1&psc=1">View Product</a></div><div class="product"><a href="https://www.amazon.com/dp/B004CZYJLA?tag=eloabder-20&linkCode=osi&th=1&psc=1"><img src="https://m.media-amazon.com/images/I/31N8m8qA-yL._SL500_.jpg" alt="Product Image"></a><p>Flents Foam Ear Plugs, 10 Pair with Case for Sleeping, Snoring, Loud Noise, Traveling, Concerts, Construction, & Studying, NRR 33, Green, Made in the USA</p><p> -39% 0FF </p><p>$4.26 ($0.43 / Count)</p><a href="https://www.amazon.com/dp/B004CZYJLA?tag=eloabder-20&linkCode=osi&th=1&psc=1">View Product</a></div><div class="product"><a href="https://www.amazon.com/dp/B0DCZBPB4B?tag=eloabder-20&linkCode=osi&th=1&psc=1"><img src="https://m.media-amazon.com/images/I/41YdD7Ib+fL._SL500_.jpg" alt="Product Image"></a><p>Ear plugs for Sleeping 45dB Noise Cancelling Ear plugs for Concert, Work, Travel, Focus & Noise Sensitivity Silicone Hearing Protection Earplugs with 8 Ear Tips Reusable Noise Reduction Ear plug Black</p><p> -33% 0FF </p><p>$19.99</p><a href="https://www.amazon.com/dp/B0DCZBPB4B?tag=eloabder-20&linkCode=osi&th=1&psc=1">View Product</a></div><div class="product"><a href="https://www.amazon.com/dp/B085VNX9RT?tag=eloabder-20&linkCode=osi&th=1&psc=1"><img src="https://m.media-amazon.com/images/I/51-GbKB7ecL._SL500_.jpg" alt="Product Image"></a><p>Ear Plugs for Sleeping,16 Pairs Noise Canceling Soft Reusable Silicone Earplugs Waterproof Noise Reduction Earplugs for Concert,Swimming,Study,Loud Noise,Snoring</p><p> -34% 0FF </p><p>$8.59</p><a href="https://www.amazon.com/dp/B085VNX9RT?tag=eloabder-20&linkCode=osi&th=1&psc=1">View Product</a></div><div class="product"><a href="https://www.amazon.com/dp/B07G1MWHNR?tag=eloabder-20&linkCode=osi&th=1&psc=1"><img src="https://m.media-amazon.com/images/I/51xb3+YIUzL._SL500_.jpg" alt="Product Image"></a><p>Mack's Pillow Soft Silicone Earplugs, 12 Pair ‚Äì The Original Moldable Silicone Putty Ear Plugs for Sleeping, Snoring, Swimming, Travel, Concerts and Studying | Made in USA</p><p> -15% 0FF </p><p>$10.98 ($0.92 / Count)</p><a href="https://www.amazon.com/dp/B07G1MWHNR?tag=eloabder-20&linkCode=osi&th=1&psc=1">View Product</a></div><div class="product"><a href="https://www.amazon.com/dp/B0C852XHM7?tag=eloabder-20&linkCode=osi&th=1&psc=1"><img src="https://m.media-amazon.com/images/I/41cVUZQHT1L._SL500_.jpg" alt="Product Image"></a><p>Lenicany 30Pair Soft Foam EarPlugs, 32dB Disposable Sound Blocking Noise Cancelling Ear Plugs for Sleeping/Concerts Loud Music/Shooting Guns/Work Construction, Hearing Safety Protection (Blue)</p><p> -10% 0FF </p><p>$5.39 ($0.18 / Count)</p><a href="https://www.amazon.com/dp/B0C852XHM7?tag=eloabder-20&linkCode=osi&th=1&psc=1">View Product</a></div>
<div class="product"><a href="https://www.amazon.com/dp/B007JZ1N00?tag=eloabder-20&linkCode=osi&th=1&psc=1"><img src="https://m.media-amazon.com/images/I/41xRp2ZPBML._SL500_.jpg" alt="Product Image"></a><p>3M Half Facepiece Reusable Respirator 6200, NIOSH, Four-Point Harness, Comfortable Fit, Dual Airline Supplied Air Compatible, Bayonet Connections, Painting, Sanding, Cleaning, Medium</p><p> -28% 0FF </p><p>$14.75</p><a href="https://www.amazon.com/dp/B007JZ1N00?tag=eloabder-20&linkCode=osi&th=1&psc=1">View Product</a></div><div class="product"><a href="https://www.amazon.com/dp/B00004Z4EB?tag=eloabder-20&linkCode=osi&th=1&psc=1"><img src="https://m.media-amazon.com/images/I/51AYNvsO9wL._SL500_.jpg" alt="Product Image"></a><p>3M P95/OV Paint Project Reusable Respirator 6211, Medium Size, NIOSH-APPROVED Organic Vapor Cartridge & P95 Rated Filters, Lightweight, Flexible, Thermoplastic Faceseal For Comfort (6211P1-DC)</p><p> -14% 0FF </p><p>$34.20</p><a href="https://www.amazon.com/dp/B00004Z4EB?tag=eloabder-20&linkCode=osi&th=1&psc=1">View Product</a></div><div class="product"><a href="https://www.amazon.com/dp/B00IF7RCU6?tag=eloabder-20&linkCode=osi&th=1&psc=1"><img src="https://m.media-amazon.com/images/I/41AYgABL6KL._SL500_.jpg" alt="Product Image"></a><p>3M Rugged Comfort Quick Latch Half Facepiece Reusable Respirator 6503QL, NIOSH, Cool Flow Exhalation Valve, Bayonet Connection, Silicone Face Seal, for Gases, Vapors, Dust, Maintenance, Construction,L</p><p> -23% 0FF </p><p>$28.11</p><a href="https://www.amazon.com/dp/B00IF7RCU6?tag=eloabder-20&linkCode=osi&th=1&psc=1">View Product</a></div><div class="product"><a href="https://www.amazon.com/dp/B087FCW79Y?tag=eloabder-20&linkCode=osi&th=1&psc=1"><img src="https://m.media-amazon.com/images/I/41C6rOloEmL._SL500_.jpg" alt="Product Image"></a><p>RANKSING Reusable Respirator Gas Mask Half Facepiece Shield 6200 Face Cover with Filters for Dust, Fumes, Asbestos, Chemicals and Other Airborne Particles while Painting, Spraying, Polishing and More</p><p> -40% 0FF </p><p>$17.99</p><a href="https://www.amazon.com/dp/B087FCW79Y?tag=eloabder-20&linkCode=osi&th=1&psc=1">View Product</a></div><div class="product"><a href="https://www.amazon.com/dp/B007JZ1LG6?tag=eloabder-20&linkCode=osi&th=1&psc=1"><img src="https://m.media-amazon.com/images/I/41PsiHhcy1L._SL500_.jpg" alt="Product Image"></a><p>3M Full Facepiece Reusable Respirator 6800, NIOSH, Large Lens, ANSI High Impact Eye Protection, Silicone Face Seal, Four-Point Harness, Comfortable Fit, Painting, Dust, Chemicals, Medium</p><p> -56% 0FF </p><p>$93.00</p><a href="https://www.amazon.com/dp/B007JZ1LG6?tag=eloabder-20&linkCode=osi&th=1&psc=1">View Product</a></div>
<div class="product"><a href="https://www.amazon.com/dp/B08SYM9K52?tag=eloabder-20&linkCode=osi&th=1&psc=1"><img src="https://m.media-amazon.com/images/I/41bReMzs8sL._SL500_.jpg" alt="Product Image"></a><p>Klein Tools 60347 Hard Hat, Vented Full Brim, Class C, Premium KARBN Pattern, Rechargeable Lamp, Padded Sweat-Wicking Sweatband, Top Pad</p><p> -32% 0FF </p><p>$79.99</p><a href="https://www.amazon.com/dp/B08SYM9K52?tag=eloabder-20&linkCode=osi&th=1&psc=1">View Product</a></div><div class="product"><a href="https://www.amazon.com/dp/B07FQTCYTW?tag=eloabder-20&linkCode=osi&th=1&psc=1"><img src="https://m.media-amazon.com/images/I/41xEGl20DeL._SL500_.jpg" alt="Product Image"></a><p>Pyramex HP24110 Full Brim Hard Hat 4 Point Ratchet Suspension - White, 12 Count</p><p> -6% 0FF </p><p>$109.53</p><a href="https://www.amazon.com/dp/B07FQTCYTW?tag=eloabder-20&linkCode=osi&th=1&psc=1">View Product</a></div><div class="product"><a href="https://www.amazon.com/dp/B07L6QMYGG?tag=eloabder-20&linkCode=osi&th=1&psc=1"><img src="https://m.media-amazon.com/images/I/31xNCnPSZXL._SL500_.jpg" alt="Product Image"></a><p>Pyramex Ridgeline Full Brim Hard Hat 4 Point Ratchet Vented Matte Black Graphite Pattern</p><p> -15% 0FF </p><p>$28.00</p><a href="https://www.amazon.com/dp/B07L6QMYGG?tag=eloabder-20&linkCode=osi&th=1&psc=1">View Product</a></div><div class="product"><a href="https://www.amazon.com/dp/B078B9QD55?tag=eloabder-20&linkCode=osi&th=1&psc=1"><img src="https://m.media-amazon.com/images/I/41zmuOz7-DL._SL500_.jpg" alt="Product Image"></a><p>Pyramex Ridgeline Cap Style Hard Hat 4 Point Ratchet Vented Matte Black Graphite Pattern</p><p> -21% 0FF </p><p>$27.00</p><a href="https://www.amazon.com/dp/B078B9QD55?tag=eloabder-20&linkCode=osi&th=1&psc=1">View Product</a></div>
<div class="product"><a href="https://www.amazon.com/dp/B0BW9185XF?tag=eloabder-20&linkCode=osi&th=1&psc=1"><img src="https://m.media-amazon.com/images/I/51lDE-LgnFL._SL500_.jpg" alt="Product Image"></a><p>NEOTRIL Safety Work Gloves MicroFoam Nitrile Coated-3 Pairs, Seamless Knit Nylon Bulk Pack Working Gloves with Grip for Men Women Light Duty Work,Automotive,Warehouse (Gray,L)</p><p> -31% 0FF </p><p>$9.99</p><a href="https://www.amazon.com/dp/B0BW9185XF?tag=eloabder-20&linkCode=osi&th=1&psc=1">View Product</a></div><div class="product"><a href="https://www.amazon.com/dp/B00004XOH8?tag=eloabder-20&linkCode=osi&th=1&psc=1"><img src="https://m.media-amazon.com/images/I/41vrr-XI8HL._SL500_.jpg" alt="Product Image"></a><p>Ironclad General Utility Work Gloves GUG, All-Purpose, Performance Fit, Durable, Machine Washable, (1 Pair), Large - GUG-04-L , Black</p><p> -34% 0FF </p><p>$14.83</p><a href="https://www.amazon.com/dp/B00004XOH8?tag=eloabder-20&linkCode=osi&th=1&psc=1">View Product</a></div><div class="product"><a href="https://www.amazon.com/dp/B0797N2YW1?tag=eloabder-20&linkCode=osi&th=1&psc=1"><img src="https://m.media-amazon.com/images/I/41JMMfokSfL._SL500_.jpg" alt="Product Image"></a><p>HANDLANDY Mens Work Gloves Touch screen, Synthetic Leather Utility Gloves, Flexible Breathable Fit- Padded Knuckles & Palm (Large)</p><p> -19% 0FF </p><p>$12.80 ($12.80 / Count)</p><a href="https://www.amazon.com/dp/B0797N2YW1?tag=eloabder-20&linkCode=osi&th=1&psc=1">View Product</a></div>
<div class="product"><a href="https://www.amazon.com/dp/B01N5L2JG7?tag=eloabder-20&linkCode=osi&th=1&psc=1"><img src="https://m.media-amazon.com/images/I/41TB3tRdI3L._SL500_.jpg" alt="Product Image"></a><p>Skechers Men's Flex Advantage Bendon Work Shoe, Black, 9</p><p> -17% 0FF </p><p>$70.83</p><a href="https://www.amazon.com/dp/B01N5L2JG7?tag=eloabder-20&linkCode=osi&th=1&psc=1">View Product</a></div><div class="product"><a href="https://www.amazon.com/dp/B00QX3UKXA?tag=eloabder-20&linkCode=osi&th=1&psc=1"><img src="https://m.media-amazon.com/images/I/41y-VMqnzVL._SL500_.jpg" alt="Product Image"></a><p>Skechers womens Sure Track Trickel-w health care and food service shoes, Black, 9 X-Wide US</p><p> -38% 0FF </p><p>$58.63</p><a href="https://www.amazon.com/dp/B00QX3UKXA?tag=eloabder-20&linkCode=osi&th=1&psc=1">View Product</a></div><div class="product"><a href="https://www.amazon.com/dp/B08XLM93P7?tag=eloabder-20&linkCode=osi&th=1&psc=1"><img src="https://m.media-amazon.com/images/I/41VlYm6BhQL._SL500_.jpg" alt="Product Image"></a><p>Shoes for Crews Everlight Mens Non Slip Work Shoes - Men's Work & Safety Footwear, Lace-Up Breathable Work Shoes for Men, Zapato de Trabajo para Hombre, Size 11.5 Black</p><p> -14% 0FF </p><p>$59.98</p><a href="https://www.amazon.com/dp/B08XLM93P7?tag=eloabder-20&linkCode=osi&th=1&psc=1">View Product</a></div><div class="product"><a href="https://www.amazon.com/dp/B01KXSD3Q6?tag=eloabder-20&linkCode=osi&th=1&psc=1"><img src="https://m.media-amazon.com/images/I/41KIVA8d16L._SL500_.jpg" alt="Product Image"></a><p>Skechers Men's Dighton Athletic Work Food Service Shoe, Black, 10.5</p><p> -19% 0FF </p><p>$40.35</p><a href="https://www.amazon.com/dp/B01KXSD3Q6?tag=eloabder-20&linkCode=osi&th=1&psc=1">View Product</a></div><div class="product"><a href="https://www.amazon.com/dp/B0CRB5HDWQ?tag=eloabder-20&linkCode=osi&th=1&psc=1"><img src="https://m.media-amazon.com/images/I/410N9FwQahL._SL500_.jpg" alt="Product Image"></a><p>Non Slip Waterproof Shoes for Men Work Slip Resistant Oil Slip On Loafers Chef Kitchen Restaurant Food Service Zapatos de Trabajo para Hombres antideslizante para cocina Black</p><p> -20% 0FF </p><p>$39.89</p><a href="https://www.amazon.com/dp/B0CRB5HDWQ?tag=eloabder-20&linkCode=osi&th=1&psc=1">View Product</a></div><div class="product"><a href="https://www.amazon.com/dp/B0777Z16G2?tag=eloabder-20&linkCode=osi&th=1&psc=1"><img src="https://m.media-amazon.com/images/I/41ZjAWKjD1L._SL500_.jpg" alt="Product Image"></a><p>Skechers Men's Nampa Food Service Shoe, Black, 14 Wide</p><p> -28% 0FF </p><p>$40.34</p><a href="https://www.amazon.com/dp/B0777Z16G2?tag=eloabder-20&linkCode=osi&th=1&psc=1">View Product</a></div>
<div class="product"><a href="https://www.amazon.com/dp/B0032U3JXA?tag=eloabder-20&linkCode=osi&th=1&psc=1"><img src="https://m.media-amazon.com/images/I/51fQWw+gCYL._SL500_.jpg" alt="Product Image"></a><p>Guardian Fall Protection 00815 BOS-T50 Bucket of Safe-Tie - 5 Gallon Bucket, 50 ft. Vertical Lifeline Assembly, 5 Temper Reusable Anchor, Safety Harness Kit, Yellow</p><p> -20% 0FF </p><p>$87.92</p><a href="https://www.amazon.com/dp/B0032U3JXA?tag=eloabder-20&linkCode=osi&th=1&psc=1">View Product</a></div><div class="product"><a href="https://www.amazon.com/dp/B004A7XV50?tag=eloabder-20&linkCode=osi&th=1&psc=1"><img src="https://m.media-amazon.com/images/I/41Cmyb7QFkL._SL500_.jpg" alt="Product Image"></a><p>Guardian Fall Protection 10785 Premium 3-Foot Cross-Arm Straps with Large and Small D-Rings</p><p> -21% 0FF </p><p>$26.13</p><a href="https://www.amazon.com/dp/B004A7XV50?tag=eloabder-20&linkCode=osi&th=1&psc=1">View Product</a></div>
<div class="product"><a href="https://www.amazon.com/dp/B00HSJCS06?tag=eloabder-20&linkCode=osi&th=1&psc=1"><img src="https://m.media-amazon.com/images/I/51FCdQhuNVL._SL500_.jpg" alt="Product Image"></a><p>Accuform Lockout Tags, Pack of 25, Bilingual Danger Do Not Operation Equipment Lock Out, US Made OSHA Compliant Tags, Tear & Water Resistant PF-Cardstock, 5.75"x 3.25", TSP105CTP</p><p> -11% 0FF </p><p>$17.86 ($0.71 / Count)</p><a href="https://www.amazon.com/dp/B00HSJCS06?tag=eloabder-20&linkCode=osi&th=1&psc=1">View Product</a></div>
<div class="product"><a href="https://www.amazon.com/dp/B0C5M773VW?tag=eloabder-20&linkCode=osi&th=1&psc=1"><img src="https://m.media-amazon.com/images/I/51uxbEonuhL._SL500_.jpg" alt="Product Image"></a><p>SecuCaptain Emergency Fire Blanket for Home and Kitchen - 2 Pack 40"x40" Flame Suppression Fiberglass Fire Blankets for House Camping Car Office Warehouse Emergency Survival Safety</p><p> -43% 0FF </p><p>$16.99</p><a href="https://www.amazon.com/dp/B0C5M773VW?tag=eloabder-20&linkCode=osi&th=1&psc=1">View Product</a></div><div class="product"><a href="https://www.amazon.com/dp/B001229JCU?tag=eloabder-20&linkCode=osi&th=1&psc=1"><img src="https://m.media-amazon.com/images/I/31W6FuKPMcL._SL500_.jpg" alt="Product Image"></a><p>First Alert EZ Fire Spray, Extinguishing Aerosol Spray, AF400 Red 18 Ounce (Pack of 1)</p><p> -55% 0FF </p><p>$12.49</p><a href="https://www.amazon.com/dp/B001229JCU?tag=eloabder-20&linkCode=osi&th=1&psc=1">View Product</a></div><div class="product"><a href="https://www.amazon.com/dp/B00002ND64?tag=eloabder-20&linkCode=osi&th=1&psc=1"><img src="https://m.media-amazon.com/images/I/41r+PeZkpJL._SL500_.jpg" alt="Product Image"></a><p>Kidde FA110 Multi Purpose Fire Extinguisher 1A10BC, 1 Pack, red</p><p> -31% 0FF </p><p>$25.49</p><a href="https://www.amazon.com/dp/B00002ND64?tag=eloabder-20&linkCode=osi&th=1&psc=1">View Product</a></div><div class="product"><a href="https://www.amazon.com/dp/B07CQJCD6G?tag=eloabder-20&linkCode=osi&th=1&psc=1"><img src="https://m.media-amazon.com/images/I/31EmoFZ3KTL._SL500_.jpg" alt="Product Image"></a><p>Sellstrom Odyssey II Wildland Fire Safety Goggles - Anti-Fog, Anti-Scratch Eye Protection Goggles for Men & Women - FR Strap, fits over Glasses, ANSI Z87.1</p><p> -28% 0FF </p><p>$16.78</p><a href="https://www.amazon.com/dp/B07CQJCD6G?tag=eloabder-20&linkCode=osi&th=1&psc=1">View Product</a></div><div class="product"><a href="https://www.amazon.com/dp/B00005OU7B?tag=eloabder-20&linkCode=osi&th=1&psc=1"><img src="https://m.media-amazon.com/images/I/51O8BtvNfSL._SL500_.jpg" alt="Product Image"></a><p>Kidde Fire Escape Ladder, 2-Story Rope Ladder, Extends to 13-Feet, Anti-Slip Rungs</p><p> -36% 0FF </p><p>$40.99</p><a href="https://www.amazon.com/dp/B00005OU7B?tag=eloabder-20&linkCode=osi&th=1&psc=1">View Product</a></div><div class="product"><a href="https://www.amazon.com/dp/B08Z61XL6V?tag=eloabder-20&linkCode=osi&th=1&psc=1"><img src="https://m.media-amazon.com/images/I/519EzZgGD6L._SL500_.jpg" alt="Product Image"></a><p>Mart Cobra Emergency Fire Blanket for Home and Kitchen - 2 Pack - Fire Blankets Emergency for Home 40‚Äù x 40‚Äù - Fire Suppression Blanket - Home Safety</p><p> -25% 0FF </p><p>$29.87</p><a href="https://www.amazon.com/dp/B08Z61XL6V?tag=eloabder-20&linkCode=osi&th=1&psc=1">View Product</a></div>
<div class="product"><a href="https://www.amazon.com/dp/B07D6QGQYB?tag=eloabder-20&linkCode=osi&th=1&psc=1"><img src="https://m.media-amazon.com/images/I/41y18ggm8GL._SL500_.jpg" alt="Product Image"></a><p>Kidde Fire Extinguisher for Home, 1-A:10-B:C, Dry Chemical Extinguisher, Red, Mounting Bracket Included, 2 Pack</p><p> -41% 0FF </p><p>$32.98</p><a href="https://www.amazon.com/dp/B07D6QGQYB?tag=eloabder-20&linkCode=osi&th=1&psc=1">View Product</a></div><div class="product"><a href="https://www.amazon.com/dp/B07B9BNN24?tag=eloabder-20&linkCode=osi&th=1&psc=1"><img src="https://m.media-amazon.com/images/I/41SbuH+cdQL._SL500_.jpg" alt="Product Image"></a><p>FIRST ALERT HOME2PRO Rechargeable Compliance Fire Extinguisher, UL RATED 2-A:10-B:C, Red, 1-Pack</p><p> -27% 0FF </p><p>$36.48</p><a href="https://www.amazon.com/dp/B07B9BNN24?tag=eloabder-20&linkCode=osi&th=1&psc=1">View Product</a></div><div class="product"><a href="https://www.amazon.com/dp/B0C63914WK?tag=eloabder-20&linkCode=osi&th=1&psc=1"><img src="https://m.media-amazon.com/images/I/51IS9bq94IL._SL500_.jpg" alt="Product Image"></a><p>Kidde Kitchen Fire Extinguishers for Home & Office Use, 2 Pack: One 1-A:10-B:C and One Specialty Kitchen Extinguisher, Wall Mount & Strap Brackets Included</p><p> -7% 0FF </p><p>$34.99</p><a href="https://www.amazon.com/dp/B0C63914WK?tag=eloabder-20&linkCode=osi&th=1&psc=1">View Product</a></div><div class="product"><a href="https://www.amazon.com/dp/B0CB9GFZ9M?tag=eloabder-20&linkCode=osi&th=1&psc=1"><img src="https://m.media-amazon.com/images/I/41VJGkO+jDL._SL500_.jpg" alt="Product Image"></a><p>Kidde Fire Extinguisher for Home & Office Use, 5-B:C, 3.2 Lbs., USCG Approved with Strap Bracket (Included)</p><p> -23% 0FF </p><p>$23.10</p><a href="https://www.amazon.com/dp/B0CB9GFZ9M?tag=eloabder-20&linkCode=osi&th=1&psc=1">View Product</a></div><div class="product"><a href="https://www.amazon.com/dp/B0030ZZAR0?tag=eloabder-20&linkCode=osi&th=1&psc=1"><img src="https://m.media-amazon.com/images/I/41R9Nqadh4L._SL500_.jpg" alt="Product Image"></a><p>BUCKEYE Fire Extinguisher, 4A:80B:C, 10 lb., 21in.H, Red</p><p> -13% 0FF </p><p>$77.99</p><a href="https://www.amazon.com/dp/B0030ZZAR0?tag=eloabder-20&linkCode=osi&th=1&psc=1">View Product</a></div>
<div class="product"><a href="https://www.amazon.com/dp/B08LL1HRKW?tag=eloabder-20&linkCode=osi&th=1&psc=1"><img src="https://m.media-amazon.com/images/I/41OyhHgXG4S._SL500_.jpg" alt="Product Image"></a><p>X-Sense Smoke Alarm, 10-Year Battery Fire Alarm Smoke Detector with LED Indicator & Silence Button, SD2J0AX</p><p> -10% 0FF </p><p>$16.99</p><a href="https://www.amazon.com/dp/B08LL1HRKW?tag=eloabder-20&linkCode=osi&th=1&psc=1">View Product</a></div><div class="product"><a href="https://www.amazon.com/dp/B086S4XM47?tag=eloabder-20&linkCode=osi&th=1&psc=1"><img src="https://m.media-amazon.com/images/I/41vM6F1FfTL._SL500_.jpg" alt="Product Image"></a><p>Kidde Smoke Detector, Hardwired Smoke Alarm with Battery Backup, Test-Silence Button</p><p> -29% 0FF </p><p>$18.19</p><a href="https://www.amazon.com/dp/B086S4XM47?tag=eloabder-20&linkCode=osi&th=1&psc=1">View Product</a></div><div class="product"><a href="https://www.amazon.com/dp/B09YQZV62R?tag=eloabder-20&linkCode=osi&th=1&psc=1"><img src="https://m.media-amazon.com/images/I/31JFQcHDfWL._SL500_.jpg" alt="Product Image"></a><p>AEGISLINK Smoke Detector 10-Year Battery with Test/Silence Button, Fire Alarm with Photoelectric Sensor, Low Battery Warning, S500 (Independent, 1-Pack)</p><p> -33% 0FF </p><p>$9.99</p><a href="https://www.amazon.com/dp/B09YQZV62R?tag=eloabder-20&linkCode=osi&th=1&psc=1">View Product</a></div><div class="product"><a href="https://www.amazon.com/dp/B0CJC73MBZ?tag=eloabder-20&linkCode=osi&th=1&psc=1"><img src="https://m.media-amazon.com/images/I/51jYYKlO4+L._SL500_.jpg" alt="Product Image"></a><p>2 in 1 CO & Smoke Alarm,Carbon Monoxide Detectors, with Battery, Smoke Detector,85dB in Alarm,for Home and Kitchen,LCD Screen,Easy to Install</p><p> -20% 0FF </p><p>$15.98</p><a href="https://www.amazon.com/dp/B0CJC73MBZ?tag=eloabder-20&linkCode=osi&th=1&psc=1">View Product</a></div>
<div class="product"><a href="https://www.amazon.com/dp/B0B9YTGGJ3?tag=eloabder-20&linkCode=osi&th=1&psc=1"><img src="https://m.media-amazon.com/images/I/41WR-3ndQgL._SL500_.jpg" alt="Product Image"></a><p>Light and small automatic fire extinguisher, environmentally friendly and clean, car fire extinguisher, automatic fire extinguisher, suitable for electric box, ship cabin, car, ABCEF fire extinguisher</p><p> -13% 0FF </p><p>$34.99</p><a href="https://www.amazon.com/dp/B0B9YTGGJ3?tag=eloabder-20&linkCode=osi&th=1&psc=1">View Product</a></div>



<div class="product"><a href="https://www.amazon.com/dp/B01G1Y42H0?tag=eloabder-20&linkCode=osi&th=1&psc=1"><img src="https://m.media-amazon.com/images/I/41ml0ECvMBL._SL500_.jpg" alt="Product Image"></a><p>Command Broom and Mop Grippers Wall Hook, Damage Free Hanging Wall Mount Broom and Mop Holder, No Tools Household Cleaning Organizer for Living Spaces, 2 Hangers and 4 Command Strips</p><p> -20% 0FF </p><p>$13.58 ($6.79 / Count)</p><a href="https://www.amazon.com/dp/B01G1Y42H0?tag=eloabder-20&linkCode=osi&th=1&psc=1">View Product</a></div><div class="product"><a href="https://www.amazon.com/dp/B0D7S3CS9X?tag=eloabder-20&linkCode=osi&th=1&psc=1"><img src="https://m.media-amazon.com/images/I/51XG4DL1apL._SL500_.jpg" alt="Product Image"></a><p>NEOACT 4 Pack Scrapbook Tape,Double Sided Tape Roller Scrapbook Supplies,0.31In x 26 Ft Glue Tape Runner for Scrapbooking Envelopes Crafts Gift Wrapping Journaling School Office Supplies</p><p> -8% 0FF </p><p>$5.99</p><a href="https://www.amazon.com/dp/B0D7S3CS9X?tag=eloabder-20&linkCode=osi&th=1&psc=1">View Product</a></div><div class="product"><a href="https://www.amazon.com/dp/B07FM4PRY8?tag=eloabder-20&linkCode=osi&th=1&psc=1"><img src="https://m.media-amazon.com/images/I/51HHqS5jGIL._SL500_.jpg" alt="Product Image"></a><p>SUNEE 30 Packs Oversized Reusable Dry Erase Pocket Sleeves with 2 Rings, 10 Assorted Colors 10x14 Ticket Holders, Clear Plastic Sheet Protectors, Teacher School Classroom Supplies</p><p> -33% 0FF </p><p>$19.99</p><a href="https://www.amazon.com/dp/B07FM4PRY8?tag=eloabder-20&linkCode=osi&th=1&psc=1">View Product</a></div><div class="product"><a href="https://www.amazon.com/dp/B07GLCYR5S?tag=eloabder-20&linkCode=osi&th=1&psc=1"><img src="https://m.media-amazon.com/images/I/51BtNdNrdfL._SL500_.jpg" alt="Product Image"></a><p>QIO CHUANG Emergency Mylar Thermal Blankets -Space Blanket Survival kit Camping Blanket (4-Pack). Perfect for Outdoors, Hiking, Survival, Bug Out Bag ÔºåMarathons or First Aid 1</p><p> -46% 0FF </p><p>$6.98 ($1.74 / Count)</p><a href="https://www.amazon.com/dp/B07GLCYR5S?tag=eloabder-20&linkCode=osi&th=1&psc=1">View Product</a></div>
<div class="product"><a href="https://www.amazon.com/dp/B01M7VD07W?tag=eloabder-20&linkCode=osi&th=1&psc=1"><img src="https://m.media-amazon.com/images/I/51fA5JtXB9L._SL500_.jpg" alt="Product Image"></a><p>Gorilla 2 Part Epoxy, 5 Minute Set, Incredibly Strong Bonding, .85 Ounce Syringe, Clear, (Pack of 2)</p><p> -27% 0FF </p><p>$10.90 ($6.41 / Fl Oz)</p><a href="https://www.amazon.com/dp/B01M7VD07W?tag=eloabder-20&linkCode=osi&th=1&psc=1">View Product</a></div><div class="product"><a href="https://www.amazon.com/dp/B0B6HK51C3?tag=eloabder-20&linkCode=osi&th=1&psc=1"><img src="https://m.media-amazon.com/images/I/31uXWAEungL._SL500_.jpg" alt="Product Image"></a><p>Rumba Replacement Side Brush Parts for iRobot Roomba 600 700 800 900 Series 675 692 694 677 671 614 980 960 985 981 880 860 850 861 866 870 890 Vacuum Cleaner Accessories Kit,6 Side Brush,Screw Driver</p><p> -9% 0FF </p><p>$9.99</p><a href="https://www.amazon.com/dp/B0B6HK51C3?tag=eloabder-20&linkCode=osi&th=1&psc=1">View Product</a></div><div class="product"><a href="https://www.amazon.com/dp/B0BZMMR5XW?tag=eloabder-20&linkCode=osi&th=1&psc=1"><img src="https://m.media-amazon.com/images/I/41mpThblwIL._SL500_.jpg" alt="Product Image"></a><p>1614244 Foot Window Replacement for Bissell Crosswave Pet Pro Dry/Vac Vacuums Fits Models: 2328, 2305, 2305K, 2303, 2306A, 2306, 23062, 23068, 2551 Series</p><p> -10% 0FF </p><p>$26.83</p><a href="https://www.amazon.com/dp/B0BZMMR5XW?tag=eloabder-20&linkCode=osi&th=1&psc=1">View Product</a></div><div class="product"><a href="https://www.amazon.com/dp/B0CZLK6QMF?tag=eloabder-20&linkCode=osi&th=1&psc=1"><img src="https://m.media-amazon.com/images/I/311BgZOYsCL._SL500_.jpg" alt="Product Image"></a><p>Generic 7413197 Inlet Deflector Part Replacement, Vaccuum Accessory</p><p> -10% 0FF </p><p>$8.99</p><a href="https://www.amazon.com/dp/B0CZLK6QMF?tag=eloabder-20&linkCode=osi&th=1&psc=1">View Product</a></div><div class="product"><a href="https://www.amazon.com/dp/B0D1K3XHSP?tag=eloabder-20&linkCode=osi&th=1&psc=1"><img src="https://m.media-amazon.com/images/I/41UOnU2oiqL._SL500_.jpg" alt="Product Image"></a><p>RUKHOOL Dust Bin Replacement for Dyson V11 V15 SV14 SV15 SV22 Vacuum Cleaner Canister Bin Bucket Container Replacement Parts for Dyson V11 Large Bin Part No. 970050-01 and 965443-01</p><p> -11% 0FF </p><p>$33.99</p><a href="https://www.amazon.com/dp/B0D1K3XHSP?tag=eloabder-20&linkCode=osi&th=1&psc=1">View Product</a></div>

<div class="product"><a href="https://www.amazon.com/dp/B0BHGT88KF?tag=eloabder-20&linkCode=osi&th=1&psc=1"><img src="https://m.media-amazon.com/images/I/51Wy2vWqMnL._SL500_.jpg" alt="Product Image"></a><p>Fit Geno Back Brace Posture Corrector for Women, Shoulder Straightener, Adjustable Full Back Support, Upper and Lower Back Pain Relief - Scoliosis, Hunchback, Hump, Thoracic, Spine Corrector (Small)</p><p> -10% 0FF </p><p>$35.99</p><a href="https://www.amazon.com/dp/B0BHGT88KF?tag=eloabder-20&linkCode=osi&th=1&psc=1">View Product</a></div><div class="product"><a href="https://www.amazon.com/dp/B003N2DXPG?tag=eloabder-20&linkCode=osi&th=1&psc=1"><img src="https://m.media-amazon.com/images/I/41scKHD+h0L._SL500_.jpg" alt="Product Image"></a><p>Plackers Twin-Line Dental Flossers, Cool Mint Flavor, Dual Action Flossing System, Easy Storage, Super Tuffloss, 2X The Clean, 75 Count</p><p> -31% 0FF </p><p>$2.74 ($0.04 / Foot)</p><a href="https://www.amazon.com/dp/B003N2DXPG?tag=eloabder-20&linkCode=osi&th=1&psc=1">View Product</a></div>


<div class="product"><a href="https://www.amazon.com/dp/B0CGR3R8M2?tag=eloabder-20&linkCode=osi&th=1&psc=1"><img src="https://m.media-amazon.com/images/I/31dJH244FqL._SL500_.jpg" alt="Product Image"></a><p>Stainless Steel Lung Remover, Rubber Handle, Comfortable Grip, Efficient, Reliable Tool Head with Great Grip, Chicken Slaughter Equipment That Improves Efficiency, Easy to Clean</p><p> -7% 0FF </p><p>$12.98</p><a href="https://www.amazon.com/dp/B0CGR3R8M2?tag=eloabder-20&linkCode=osi&th=1&psc=1">View Product</a></div><div class="product"><a href="https://www.amazon.com/dp/B000R8ETKW?tag=eloabder-20&linkCode=osi&th=1&psc=1"><img src="https://m.media-amazon.com/images/I/41rNYbbsqpL._SL500_.jpg" alt="Product Image"></a><p>Fluke 789 ProcessMeter, Includes Standard DMM Capabilities, Measure, Source, Simulate 4-20 mA signals, and Built-In 24 V Loop Supply</p><p> -21% 0FF </p><p>$1,048.39</p><a href="https://www.amazon.com/dp/B000R8ETKW?tag=eloabder-20&linkCode=osi&th=1&psc=1">View Product</a></div><div class="product"><a href="https://www.amazon.com/dp/B0CHYSJBGR?tag=eloabder-20&linkCode=osi&th=1&psc=1"><img src="https://m.media-amazon.com/images/I/31MHdOP3u7L._SL500_.jpg" alt="Product Image"></a><p>SUS 304 Stainless Steel Lung Remover, Food Grade Chicken Processing Equipment with Super Strong Working Head and Ergonomic Handle to Remove Poultry Lungs, Essential Kitchen Tool Easy to Clean</p><p> -17% 0FF </p><p>$9.99</p><a href="https://www.amazon.com/dp/B0CHYSJBGR?tag=eloabder-20&linkCode=osi&th=1&psc=1">View Product</a></div><div class="product"><a href="https://www.amazon.com/dp/B0CR37JVN4?tag=eloabder-20&linkCode=osi&th=1&psc=1"><img src="https://m.media-amazon.com/images/I/41DwoJmzWmL._SL500_.jpg" alt="Product Image"></a><p>TIVOLI Professional Butcher Knife Set for Meat Processing, 7Pcs High Carbon Steel Hand Forged BBQ Knife Set, Serbian Chef Knife Set with Ergonomic Handles for Kitchen Outdoor Cooking Father's Day Gift</p><p> -5% 0FF </p><p>$69.99</p><a href="https://www.amazon.com/dp/B0CR37JVN4?tag=eloabder-20&linkCode=osi&th=1&psc=1">View Product</a></div><div class="product"><a href="https://www.amazon.com/dp/B01HPT0XFU?tag=eloabder-20&linkCode=osi&th=1&psc=1"><img src="https://m.media-amazon.com/images/I/51F+BRGdU+L._SL500_.jpg" alt="Product Image"></a><p>NoCry Premium Cut Resistant Gloves Food Grade ‚Äî Level 5 Protection; Ambidextrous; Machine Washable; Superior Comfort and Dexterity; Lightweight Protective Gloves; Complimentary eBook</p><p> -14% 0FF </p><p>$13.79 ($13.79 / Count)</p><a href="https://www.amazon.com/dp/B01HPT0XFU?tag=eloabder-20&linkCode=osi&th=1&psc=1">View Product</a></div><div class="product"><a href="https://www.amazon.com/dp/B071ZPSQ88?tag=eloabder-20&linkCode=osi&th=1&psc=1"><img src="https://m.media-amazon.com/images/I/31FiGEAJ9VL._SL500_.jpg" alt="Product Image"></a><p>Fluke 787B ProcessMeter</p><p> -15% 0FF </p><p>$1,020.84</p><a href="https://www.amazon.com/dp/B071ZPSQ88?tag=eloabder-20&linkCode=osi&th=1&psc=1">View Product</a></div>
<div class="product"><a href="https://www.amazon.com/dp/B0D8YPW46Y?tag=eloabder-20&linkCode=osi&th=1&psc=1"><img src="https://m.media-amazon.com/images/I/51sr1XVXPoL._SL500_.jpg" alt="Product Image"></a><p>Shelly 1 Gen3 | WiFi & Bluetooth Smart Relay Switch with Dry Contacts, 1-Channel 16A | Home Automation | Alexa, SmartThings & Google Home Compatible | No Hub | DIY Remote Control | Garage Door Opener</p><p> -8% 0FF </p><p>$16.99</p><a href="https://www.amazon.com/dp/B0D8YPW46Y?tag=eloabder-20&linkCode=osi&th=1&psc=1">View Product</a></div><div class="product"><a href="https://www.amazon.com/dp/B0D5XSGYB4?tag=eloabder-20&linkCode=osi&th=1&psc=1"><img src="https://m.media-amazon.com/images/I/31pj-zqLcYL._SL500_.jpg" alt="Product Image"></a><p>OUVOPO Zigbee Contact Sensor 2 Pack, Mini Smart Door Sensor, Home Automation, Kid Safety, Burglar Alert, Work with Alexa, SmartThings, Home Assistant, Aeotec, Homey, Hubitat with Build-in Zigbee Hub</p><p> -11% 0FF </p><p>$24.99</p><a href="https://www.amazon.com/dp/B0D5XSGYB4?tag=eloabder-20&linkCode=osi&th=1&psc=1">View Product</a></div><div class="product"><a href="https://www.amazon.com/dp/B0CXN2B9RS?tag=eloabder-20&linkCode=osi&th=1&psc=1"><img src="https://m.media-amazon.com/images/I/51NXNRAdSxL._SL500_.jpg" alt="Product Image"></a><p>Shelly Plus RGBW PM | WiFi & Bluetooth Smart Remote Control for RGBW with Power Metering | Home Automation | No Hub | Compatible with Alexa & Google Home | iOS Android App</p><p> -8% 0FF </p><p>$24.99</p><a href="https://www.amazon.com/dp/B0CXN2B9RS?tag=eloabder-20&linkCode=osi&th=1&psc=1">View Product</a></div><div class="product"><a href="https://www.amazon.com/dp/B006P591RW?tag=eloabder-20&linkCode=osi&th=1&psc=1"><img src="https://m.media-amazon.com/images/I/41EwZRzPrJL._SL500_.jpg" alt="Product Image"></a><p>Progressive Automations Mounting Bracket BRK-14 for Linear actuators PA-14, PA-14P, PA-08</p><p> -16% 0FF </p><p>$11.69</p><a href="https://www.amazon.com/dp/B006P591RW?tag=eloabder-20&linkCode=osi&th=1&psc=1">View Product</a></div>
<div class="product"><a href="https://www.amazon.com/dp/B08CZ4MG5P?tag=eloabder-20&linkCode=osi&th=1&psc=1"><img src="https://m.media-amazon.com/images/I/61lF1Z1BQ1L._SL500_.jpg" alt="Product Image"></a><p>ELEGOO Conqueror Robot Tank Kit with UNO R3 for Arduino Robotics for Kids Ages 8-12 12-16 STEM Science Kits Coding Robots Toys for 8+ Year Old Boys Girls Teens Circuits Engineering Building Project</p><p> -23% 0FF </p><p>$99.98</p><a href="https://www.amazon.com/dp/B08CZ4MG5P?tag=eloabder-20&linkCode=osi&th=1&psc=1">View Product</a></div><div class="product"><a href="https://www.amazon.com/dp/B0CYPVS3FF?tag=eloabder-20&linkCode=osi&th=1&psc=1"><img src="https://m.media-amazon.com/images/I/41tiE6fqJOL._SL500_.jpg" alt="Product Image"></a><p>Lefant M210 Pro Robot Vacuum Cleaner, 2200Pa Suction,120 Mins Runtime, Self-Charging Slim Robotic Vacuums, APP/Voice/Remote Control, Works with Alexa, Ideal for Pet Hair,Low-Pile Carpet, Hard Floor</p><p> -52% 0FF </p><p>$99.99</p><a href="https://www.amazon.com/dp/B0CYPVS3FF?tag=eloabder-20&linkCode=osi&th=1&psc=1">View Product</a></div><div class="product"><a href="https://www.amazon.com/dp/B09NNF5RHN?tag=eloabder-20&linkCode=osi&th=1&psc=1"><img src="https://m.media-amazon.com/images/I/41yl24NcAYL._SL500_.jpg" alt="Product Image"></a><p>roborock Q7 Max+ Robot Vacuum Cleaner, Hands-Free Cleaning for up to 7 Weeks, Robotic Vacuum with APP-Controlled Mopping, 4200Pa Suction, No-Mop&No-Go Zones, 180mins Runtime</p><p> -37% 0FF </p><p>$549.99</p><a href="https://www.amazon.com/dp/B09NNF5RHN?tag=eloabder-20&linkCode=osi&th=1&psc=1">View Product</a></div><div class="product"><a href="https://www.amazon.com/dp/B07GNDY96N?tag=eloabder-20&linkCode=osi&th=1&psc=1"><img src="https://m.media-amazon.com/images/I/41WDVdRkesL._SL500_.jpg" alt="Product Image"></a><p>ELEGOO Penguin Bot Biped Robot Kit Robotics for Kids Adults Coding for Kids 8-12 STEM Kits for Kids Ages 12-14 14-16 Boys Toys Teens Circuits Engineering Kits Compatible with Arduino</p><p> -8% 0FF </p><p>$45.99</p><a href="https://www.amazon.com/dp/B07GNDY96N?tag=eloabder-20&linkCode=osi&th=1&psc=1">View Product</a></div>
<div class="product"><a href="https://www.amazon.com/dp/B0C8GZJRMF?tag=eloabder-20&linkCode=osi&th=1&psc=1"><img src="https://m.media-amazon.com/images/I/6156CbXZ8ZL._SL500_.jpg" alt="Product Image"></a><p>Jevuta Engineer Gifts, Mechanical Engineering Gifts, Gifts For Engineers, Future Engineer Gifts, Aerospace Engineering Gifts, Graduation Gifts For Engineers, Retirement Gift For Engineer Tumbler 20oz</p><p> -12% 0FF </p><p>$21.99</p><a href="https://www.amazon.com/dp/B0C8GZJRMF?tag=eloabder-20&linkCode=osi&th=1&psc=1">View Product</a></div><div class="product"><a href="https://www.amazon.com/dp/B06XXZ19HX?tag=eloabder-20&linkCode=osi&th=1&psc=1"><img src="https://m.media-amazon.com/images/I/41QRwC6XcmL._SL500_.jpg" alt="Product Image"></a><p>Komelon 52425IE; 25' x 1.06" Powerblade II" Engineer Tape Measure; Yellow/Black</p><p> -10% 0FF </p><p>$13.51</p><a href="https://www.amazon.com/dp/B06XXZ19HX?tag=eloabder-20&linkCode=osi&th=1&psc=1">View Product</a></div><div class="product"><a href="https://www.amazon.com/dp/B00002N5LW?tag=eloabder-20&linkCode=osi&th=1&psc=1"><img src="https://m.media-amazon.com/images/I/41S2-EUZhgL._SL500_.jpg" alt="Product Image"></a><p>Crescent Lufkin 5/8" X 6' Red End¬Æ Engineer's Scale Wood Rule - 1066DN , White</p><p> -40% 0FF </p><p>$14.50</p><a href="https://www.amazon.com/dp/B00002N5LW?tag=eloabder-20&linkCode=osi&th=1&psc=1">View Product</a></div><div class="product"><a href="https://www.amazon.com/dp/B002MJMXD4?tag=eloabder-20&linkCode=osi&th=1&psc=1"><img src="https://m.media-amazon.com/images/I/31ZLLX+aOwL._SL500_.jpg" alt="Product Image"></a><p>ENGINEER Engineer Solder Suction Device SS-02</p><p> -25% 0FF </p><p>$19.56</p><a href="https://www.amazon.com/dp/B002MJMXD4?tag=eloabder-20&linkCode=osi&th=1&psc=1">View Product</a></div><div class="product"><a href="https://www.amazon.com/dp/B0BYD7H5PZ?tag=eloabder-20&linkCode=osi&th=1&psc=1"><img src="https://m.media-amazon.com/images/I/513DsoLDRFL._SL500_.jpg" alt="Product Image"></a><p>JERIO Engineer Gifts for Men,Engineer Coffee Tumbler Nutrition Facts - Funny Birthday,Graduation,Fathers Day,Christmas Gift Idea for Mechanical, Electrical, Civil, Science, Computer Programmer</p><p> -50% 0FF </p><p>$10.99</p><a href="https://www.amazon.com/dp/B0BYD7H5PZ?tag=eloabder-20&linkCode=osi&th=1&psc=1">View Product</a></div>
<div class="product"><a href="https://www.amazon.com/dp/B0D8HQJDT5?tag=eloabder-20&linkCode=osi&th=1&psc=1"><img src="https://m.media-amazon.com/images/I/41vCRs7ecqL._SL500_.jpg" alt="Product Image"></a><p>Amzany Bed Vacuum Cleaner - 5-in-1 Cordless Mattress Vacuum Cleaner, Powered by UV-C Light & Ultrasonic Technology, 16Kpa Strong Suction,Low Noise,Suitable for Dust, Pet Hair, Etc - Grey</p><p> -38% 0FF </p><p>$79.99</p><a href="https://www.amazon.com/dp/B0D8HQJDT5?tag=eloabder-20&linkCode=osi&th=1&psc=1">View Product</a></div><div class="product"><a href="https://www.amazon.com/dp/B081RJ8DW1?tag=eloabder-20&linkCode=osi&th=1&psc=1"><img src="https://m.media-amazon.com/images/I/41XdbpXmFvL._SL500_.jpg" alt="Product Image"></a><p>Gskyer Telescope, 70mm Aperture 400mm AZ Mount Astronomical Refracting Telescope for Kids Beginners - Travel Telescope with Carry Bag, Phone Adapter and Wireless Remote.</p><p> -33% 0FF </p><p>$86.99</p><a href="https://www.amazon.com/dp/B081RJ8DW1?tag=eloabder-20&linkCode=osi&th=1&psc=1">View Product</a></div><div class="product"><a href="https://www.amazon.com/dp/B008HOSQQQ?tag=eloabder-20&linkCode=osi&th=1&psc=1"><img src="https://m.media-amazon.com/images/I/31eIm02e4iL._SL500_.jpg" alt="Product Image"></a><p>Refrigeration Technologies RT201B Nylog Gasket/Thread Sealant, 30 ml (1 Pack)</p><p> -55% 0FF </p><p>$8.99</p><a href="https://www.amazon.com/dp/B008HOSQQQ?tag=eloabder-20&linkCode=osi&th=1&psc=1">View Product</a></div><div class="product"><a href="https://www.amazon.com/dp/B00UZ1WWUK?tag=eloabder-20&linkCode=osi&th=1&psc=1"><img src="https://m.media-amazon.com/images/I/318bhhXmhBL._SL500_.jpg" alt="Product Image"></a><p>BW Technologies Corded Electric BWC2-H BW Clip Single Gas H2S Monitor, 10/15 (1 Pack)</p><p> -34% 0FF </p><p>$91.14</p><a href="https://www.amazon.com/dp/B00UZ1WWUK?tag=eloabder-20&linkCode=osi&th=1&psc=1">View Product</a></div><div class="product"><a href="https://www.amazon.com/dp/B007885Y3K?tag=eloabder-20&linkCode=osi&th=1&psc=1"><img src="https://m.media-amazon.com/images/I/41Uh4TbGoGL._SL500_.jpg" alt="Product Image"></a><p>Safety Technology International, Inc. STI-13010FR Universal Stopper¬Æ, Flush Mount and Fire label, Indoor/Outdoor Protective Polycarbonate Cover for Pull Stations or Call Points, Red</p><p> -32% 0FF </p><p>$40.29</p><a href="https://www.amazon.com/dp/B007885Y3K?tag=eloabder-20&linkCode=osi&th=1&psc=1">View Product</a></div><div class="product"><a href="https://www.amazon.com/dp/B000FTADX0?tag=eloabder-20&linkCode=osi&th=1&psc=1"><img src="https://m.media-amazon.com/images/I/31HT3jGR4YL._SL500_.jpg" alt="Product Image"></a><p>Fluke Networks 26000900 Pro3000 Tone Generator and Probe Kit with SmartTone Technology, Blue</p><p> -37% 0FF </p><p>$88.48</p><a href="https://www.amazon.com/dp/B000FTADX0?tag=eloabder-20&linkCode=osi&th=1&psc=1">View Product</a></div>
<div class="product"><a href="https://www.amazon.com/dp/B0CN6F2GBN?tag=eloabder-20&linkCode=osi&th=1&psc=1"><img src="https://m.media-amazon.com/images/I/314BZ1QOH0L._SL500_.jpg" alt="Product Image"></a><p>Listerine Clinical Solutions Gum Health Antiseptic Mouthwash, Antigingivitis & Antiplaque Oral Rinse Helps Prevent Buildup & Immediately Kills Germs for Healthier Gums, ICY Mint, 1 L</p><p> -11% 0FF </p><p>$11.97 ($0.35 / Fl Oz)</p><a href="https://www.amazon.com/dp/B0CN6F2GBN?tag=eloabder-20&linkCode=osi&th=1&psc=1">View Product</a></div><div class="product"><a href="https://www.amazon.com/dp/B00WIMUVU2?tag=eloabder-20&linkCode=osi&th=1&psc=1"><img src="https://m.media-amazon.com/images/I/41ZdoGErSaL._SL500_.jpg" alt="Product Image"></a><p>Carpet Miracle - Carpet Cleaner Shampoo Solution for Machine Use, Deep Stain Remover and Odor Deodorizing Formula, Use On Rug Car Upholstery and Carpets (32FL OZ)</p><p> -23% 0FF </p><p>$19.99 ($0.62 / Fl Oz)</p><a href="https://www.amazon.com/dp/B00WIMUVU2?tag=eloabder-20&linkCode=osi&th=1&psc=1">View Product</a></div><div class="product"><a href="https://www.amazon.com/dp/B002C2O5EQ?tag=eloabder-20&linkCode=osi&th=1&psc=1"><img src="https://m.media-amazon.com/images/I/412RaKelAmL._SL500_.jpg" alt="Product Image"></a><p>Betadine Antiseptic Liquid First Aid Solution, Povidone-iodine 10%, Infection Protection, Kills Germs In Minor Cuts Scrapes And Burns, No Sting Promise, No Alcohol or Hydrogen Peroxide, 8 FL OZ</p><p> -24% 0FF </p><p>$13.29 ($1.66 / Fl Oz)</p><a href="https://www.amazon.com/dp/B002C2O5EQ?tag=eloabder-20&linkCode=osi&th=1&psc=1">View Product</a></div>

<div class="product"><a href="https://www.amazon.com/dp/B005LJ8EXU?tag=eloabder-20&linkCode=osi&th=1&psc=1"><img src="https://m.media-amazon.com/images/I/51y1lIaCqZL._SL500_.jpg" alt="Product Image"></a><p>iSpring RCC7AK, NSF Certified 75 GPD, Alkaline 6-Stage Reverse Osmosis System, pH+ Remineralization RO Water Filter System Under Sink, Superb Taste Drinking Water Filter</p><p> -33% 0FF </p><p>$186.14</p><a href="https://www.amazon.com/dp/B005LJ8EXU?tag=eloabder-20&linkCode=osi&th=1&psc=1">View Product</a></div><div class="product"><a href="https://www.amazon.com/dp/B00I0ZGOZM?tag=eloabder-20&linkCode=osi&th=1&psc=1"><img src="https://m.media-amazon.com/images/I/419oT125q0L._SL500_.jpg" alt="Product Image"></a><p>APEC Water Systems ROES-50 Essence Series Top Tier 5-Stage WQA Certified Ultra Safe Reverse Osmosis Drinking Water Filter System</p><p> -7% 0FF </p><p>$185.00</p><a href="https://www.amazon.com/dp/B00I0ZGOZM?tag=eloabder-20&linkCode=osi&th=1&psc=1">View Product</a></div><div class="product"><a href="https://www.amazon.com/dp/B00J2DGTD8?tag=eloabder-20&linkCode=osi&th=1&psc=1"><img src="https://m.media-amazon.com/images/I/51a5ku-MyBL._SL500_.jpg" alt="Product Image"></a><p>Express Water RO5DX Reverse Osmosis Filtration NSF Certified 5 Stage RO System with Faucet and Tank ‚Äì Under Sink Water Plus 4 Filters ‚Äì 50 GPD, 14 x 17 x 5, White</p><p> -21% 0FF </p><p>$157.48</p><a href="https://www.amazon.com/dp/B00J2DGTD8?tag=eloabder-20&linkCode=osi&th=1&psc=1">View Product</a></div><div class="product"><a href="https://www.amazon.com/dp/B01F9A4UVU?tag=eloabder-20&linkCode=osi&th=1&psc=1"><img src="https://m.media-amazon.com/images/I/41UItWTKFsS._SL500_.jpg" alt="Product Image"></a><p>iSpring WGB21B 2-Stage Whole House Water Filtration System, with 10" x 4.5" Sediment CTO(Chlorine, Taste, and Odor) Filter, 1" Inlet/Outlet</p><p> -30% 0FF </p><p>$127.49</p><a href="https://www.amazon.com/dp/B01F9A4UVU?tag=eloabder-20&linkCode=osi&th=1&psc=1">View Product</a></div><div class="product"><a href="https://www.amazon.com/dp/B07Y42RD9T?tag=eloabder-20&linkCode=osi&th=1&psc=1"><img src="https://m.media-amazon.com/images/I/219MeTcyMBL._SL500_.jpg" alt="Product Image"></a><p>Bard Medical PWF030 Purewick Female External Catheter, Latex, Pack of 30</p><p> -6% 0FF </p><p>$206.00 ($6.87 / Count)</p><a href="https://www.amazon.com/dp/B07Y42RD9T?tag=eloabder-20&linkCode=osi&th=1&psc=1">View Product</a></div><div class="product"><a href="https://www.amazon.com/dp/B00HRHHFPW?tag=eloabder-20&linkCode=osi&th=1&psc=1"><img src="https://m.media-amazon.com/images/I/51ykZ8b1GwL._SL500_.jpg" alt="Product Image"></a><p>APEC Water Systems RO-90 Ultimate Series Top Tier Supreme Certified High Output 90 GPD Ultra Safe Reverse Osmosis Drinking Water Filter System, Chrome Faucet</p><p> -15% 0FF </p><p>$191.55</p><a href="https://www.amazon.com/dp/B00HRHHFPW?tag=eloabder-20&linkCode=osi&th=1&psc=1">View Product</a></div>
<div class="product"><a href="https://www.amazon.com/dp/B00HKAJ018?tag=eloabder-20&linkCode=osi&th=1&psc=1"><img src="https://m.media-amazon.com/images/I/31cVzL2O1zL._SL500_.jpg" alt="Product Image"></a><p>SmartSign 25 x 12 inch ‚ÄúCaution - Maintenance Work In Progress‚Äù Two-Sided Folding Floor Sign, Digitally Printed Polypropylene Plastic, Black and Yellow</p><p> -11% 0FF </p><p>$36.95</p><a href="https://www.amazon.com/dp/B00HKAJ018?tag=eloabder-20&linkCode=osi&th=1&psc=1">View Product</a></div><div class="product"><a href="https://www.amazon.com/dp/B00HSJ4YLW?tag=eloabder-20&linkCode=osi&th=1&psc=1"><img src="https://m.media-amazon.com/images/I/41mCVFnsRpL._SL500_.jpg" alt="Product Image"></a><p>Accuform TAD847 Standard Door Knob Hanger Tag, Legend"Maintenance Employee Inside", 9" Length x 4" Width x 0.015" Thickness, RP-Plastic, Black on Yellow (Pack of 10)</p><p> -24% 0FF </p><p>$27.69 ($2.77 / Count)</p><a href="https://www.amazon.com/dp/B00HSJ4YLW?tag=eloabder-20&linkCode=osi&th=1&psc=1">View Product</a></div><div class="product"><a href="https://www.amazon.com/dp/B00700N1IQ?tag=eloabder-20&linkCode=osi&th=1&psc=1"><img src="https://m.media-amazon.com/images/I/511bcg+-z2L._SL500_.jpg" alt="Product Image"></a><p>NMC RA15RB Security Sign, Legend "RESTRICTED AREA - MAINTENANCE PERSONNEL ONLY", 14" Length x 10" Height, Rigid Plastic, Black/Red on White</p><p> -11% 0FF </p><p>$13.31</p><a href="https://www.amazon.com/dp/B00700N1IQ?tag=eloabder-20&linkCode=osi&th=1&psc=1">View Product</a></div>
<div class="product"><a href="https://www.amazon.com/dp/B0BKKTFWJK?tag=eloabder-20&linkCode=osi&th=1&psc=1"><img src="https://m.media-amazon.com/images/I/41cvC72AHeL._SL500_.jpg" alt="Product Image"></a><p>AceMining Upgraded Door Security Bar & Sliding Patio Bar, Heavy Duty Stoppers Adjustable Jammer for Home, Apartment, Travel (1 Pack,White)</p><p> -17% 0FF </p><p>$23.99</p><a href="https://www.amazon.com/dp/B0BKKTFWJK?tag=eloabder-20&linkCode=osi&th=1&psc=1">View Product</a></div><div class="product"><a href="https://www.amazon.com/dp/B01LDPHXD2?tag=eloabder-20&linkCode=osi&th=1&psc=1"><img src="https://m.media-amazon.com/images/I/41pcC4hFanL._SL500_.jpg" alt="Product Image"></a><p>Ergodyne Unisex Adult Hi Vis Safety GloWear 8377 Type R Class 3 Lime Quilted Bomber Jacket, Large, Lime, Large US</p><p> -34% 0FF </p><p>$34.99</p><a href="https://www.amazon.com/dp/B01LDPHXD2?tag=eloabder-20&linkCode=osi&th=1&psc=1">View Product</a></div><div class="product"><a href="https://www.amazon.com/dp/B0B7KTV8Q8?tag=eloabder-20&linkCode=osi&th=1&psc=1"><img src="https://m.media-amazon.com/images/I/417c5VIfBtL._SL500_.jpg" alt="Product Image"></a><p>RoadHero 18 Inch 4 Pack Collapsible Traffic Safety Cones, Multi Purpose Pop-up Cones with Reflective Collar for Road Safety, Orange Cones for Driving Training, Parking Lots</p><p> -18% 0FF </p><p>$23.65</p><a href="https://www.amazon.com/dp/B0B7KTV8Q8?tag=eloabder-20&linkCode=osi&th=1&psc=1">View Product</a></div>
<div class="product"><a href="https://www.amazon.com/dp/B000GISU1M?tag=eloabder-20&linkCode=osi&th=1&psc=1"><img src="https://m.media-amazon.com/images/I/41YAvhdmLIL._SL500_.jpg" alt="Product Image"></a><p>Optimum Nutrition Gold Standard 100% Whey Protein Powder, Vanilla Ice Creme, 5 Pound (Packaging May Vary)</p><p> -5% 0FF </p><p>$82.06 ($1.03 / Ounce)</p><a href="https://www.amazon.com/dp/B000GISU1M?tag=eloabder-20&linkCode=osi&th=1&psc=1">View Product</a></div><div class="product"><a href="https://www.amazon.com/dp/B084JHKFCW?tag=eloabder-20&linkCode=osi&th=1&psc=1"><img src="https://m.media-amazon.com/images/I/31wQjwQJR2L._SL500_.jpg" alt="Product Image"></a><p>American Standard 5503A00B.020 Slow Elongated Closed Front Toilet Seat, White</p><p> -42% 0FF </p><p>$32.96</p><a href="https://www.amazon.com/dp/B084JHKFCW?tag=eloabder-20&linkCode=osi&th=1&psc=1">View Product</a></div><div class="product"><a href="https://www.amazon.com/dp/B0CYZJM8PZ?tag=eloabder-20&linkCode=osi&th=1&psc=1"><img src="https://m.media-amazon.com/images/I/41d-M4+HpuL._SL500_.jpg" alt="Product Image"></a><p>DEGNJU LED Light Bulbs Daylight 5000K, 60 Watt Equivalent LED Bulbs, A19 Standard Bulbs, 800 LM, 15000 Hours, E26 Base, Non-Dimmable, 8.5W LED Bulbs for Bedroom Living Room 12 Pack</p><p> -27% 0FF </p><p>$17.99 ($1.50 / Count)</p><a href="https://www.amazon.com/dp/B0CYZJM8PZ?tag=eloabder-20&linkCode=osi&th=1&psc=1">View Product</a></div><div class="product"><a href="https://www.amazon.com/dp/B0CHYK75D4?tag=eloabder-20&linkCode=osi&th=1&psc=1"><img src="https://m.media-amazon.com/images/I/51DjecU3ILL._SL500_.jpg" alt="Product Image"></a><p>30-Piece Ultimate All-Purpose Combination Wrench Set in Roll-up Pouch | SAE 1/4‚Äù to 1‚Äù, Metric 6mm to 24mm | Best Value Complete Wrench Set for General Household, Garage, Truck, Car, Travel Emergency</p><p> -18% 0FF </p><p>$32.99</p><a href="https://www.amazon.com/dp/B0CHYK75D4?tag=eloabder-20&linkCode=osi&th=1&psc=1">View Product</a></div><div class="product"><a href="https://www.amazon.com/dp/B0D3XK7Z4J?tag=eloabder-20&linkCode=osi&th=1&psc=1"><img src="https://m.media-amazon.com/images/I/41wMwgcLSxL._SL500_.jpg" alt="Product Image"></a><p>Miucoguier Thread Checker - 28 Nut & Bolt Thread Checker, Bolt Size and Thread Gauge 14 Standard and 14 Metric Sizes, Bolt and Nut Identifier Gauge for Easy Verifying Sizing</p><p> -21% 0FF </p><p>$22.99</p><a href="https://www.amazon.com/dp/B0D3XK7Z4J?tag=eloabder-20&linkCode=osi&th=1&psc=1">View Product</a></div><div class="product"><a href="https://www.amazon.com/dp/B0CL1WBXG6?tag=eloabder-20&linkCode=osi&th=1&psc=1"><img src="https://m.media-amazon.com/images/I/51lHAQ830tL._SL500_.jpg" alt="Product Image"></a><p>GRENPRO Ratcheting Wrench Set, Combination Wrench Set, 22-Piece SAE & Metric and Standard, 72-Tooth Long Open End, 1/4" to 3/4" & 6-18mm, Organizer With Roll Up Pouch, CR-V Steel, Mechanic Tools Sets</p><p> -16% 0FF </p><p>$51.99 ($0.49 / Ounce)</p><a href="https://www.amazon.com/dp/B0CL1WBXG6?tag=eloabder-20&linkCode=osi&th=1&psc=1">View Product</a></div>

<div class="product"><a href="https://www.amazon.com/dp/B0D5V4PM1L?tag=eloabder-20&linkCode=osi&th=1&psc=1"><img src="https://m.media-amazon.com/images/I/51lbOWv6lZL._SL500_.jpg" alt="Product Image"></a><p>2025 Florida State and Federal Labor Laws Poster - OSHA Compliant UV Waterproof Laminated 24" x 36" English and Spanish Version 2PCS Folded - All in One Compliance Posting</p><p> -20% 0FF </p><p>$19.99</p><a href="https://www.amazon.com/dp/B0D5V4PM1L?tag=eloabder-20&linkCode=osi&th=1&psc=1">View Product</a></div>
<div class="product"><a href="https://www.amazon.com/dp/B0CFF8Z1NF?tag=eloabder-20&linkCode=osi&th=1&psc=1"><img src="https://m.media-amazon.com/images/I/41bDsv2AHdL._SL500_.jpg" alt="Product Image"></a><p>Endoscope Camera with Light - Inspection Borescope Camera with 4.3" IPS Screen, 1920P HD Snake Camera with 8 LED Lights, 16.4FT Semi-Rigid Cord Bore Scope, IP67 Waterproof Endoscope for Sewer(Orange)</p><p> -34% 0FF </p><p>$32.98</p><a href="https://www.amazon.com/dp/B0CFF8Z1NF?tag=eloabder-20&linkCode=osi&th=1&psc=1">View Product</a></div><div class="product"><a href="https://www.amazon.com/dp/B01D4QMUVI?tag=eloabder-20&linkCode=osi&th=1&psc=1"><img src="https://m.media-amazon.com/images/I/31UUBvi72zL._SL500_.jpg" alt="Product Image"></a><p>Optional life Telescoping LED Lighted Flexible Inspection Mirror 360 Swivel for Extra Viewing</p><p> -10% 0FF </p><p>$8.99</p><a href="https://www.amazon.com/dp/B01D4QMUVI?tag=eloabder-20&linkCode=osi&th=1&psc=1">View Product</a></div><div class="product"><a href="https://www.amazon.com/dp/B07HX76VM9?tag=eloabder-20&linkCode=osi&th=1&psc=1"><img src="https://m.media-amazon.com/images/I/31lU0HeUxnL._SL500_.jpg" alt="Product Image"></a><p>Juvale 2 Pack Telescoping Inspection Mirror Tool, Round 2-Inch Mirror with 24.5-Inch Extension for Mechanics, Inspectors</p><p> -38% 0FF </p><p>$7.99</p><a href="https://www.amazon.com/dp/B07HX76VM9?tag=eloabder-20&linkCode=osi&th=1&psc=1">View Product</a></div><div class="product"><a href="https://www.amazon.com/dp/B0BR7MKHF9?tag=eloabder-20&linkCode=osi&th=1&psc=1"><img src="https://m.media-amazon.com/images/I/41Oa1v7l6NL._SL500_.jpg" alt="Product Image"></a><p>Endoscope Camera with Light, 1920P HD Borescope Tools with 8 Adjustable LED Lights, Endoscope with 16.4ft Semi-Rigid Snake Camera, 7.9mm IP67 Waterproof Inspection Camera for iOS (Black)</p><p> -48% 0FF </p><p>$30.99</p><a href="https://www.amazon.com/dp/B0BR7MKHF9?tag=eloabder-20&linkCode=osi&th=1&psc=1">View Product</a></div><div class="product"><a href="https://www.amazon.com/dp/B09FK5QFTR?tag=eloabder-20&linkCode=osi&th=1&psc=1"><img src="https://m.media-amazon.com/images/I/41hfMwNfTWL._SL500_.jpg" alt="Product Image"></a><p>Telescoping Magnetic Pickup Tool Set-Extendable Magnet Flashlight with Inspection Mirror-Cool Gadgets Gifts Idea & Birthday Gifts for Father, Men, Him, Boyfriend, Husband, Handyman, Mechanic</p><p> -22% 0FF </p><p>$27.99</p><a href="https://www.amazon.com/dp/B09FK5QFTR?tag=eloabder-20&linkCode=osi&th=1&psc=1">View Product</a></div>
<div class="product"><a href="https://www.amazon.com/dp/B09KZ6TBNY?tag=eloabder-20&linkCode=osi&th=1&psc=1"><img src="https://m.media-amazon.com/images/I/41oPbadBuQL._SL500_.jpg" alt="Product Image"></a><p>iHealth COVID-19 Antigen Rapid Test, 1 Pack, 2 Tests Total, FDA EUA Authorized OTC at-Home Self Test, Results in 15 Minutes with Non-invasive Nasal Swab, Easy to Use & No Discomfort</p><p> -13% 0FF </p><p>$15.69 ($7.84 / Count)</p><a href="https://www.amazon.com/dp/B09KZ6TBNY?tag=eloabder-20&linkCode=osi&th=1&psc=1">View Product</a></div><div class="product"><a href="https://www.amazon.com/dp/B0C3SR4BNC?tag=eloabder-20&linkCode=osi&th=1&psc=1"><img src="https://m.media-amazon.com/images/I/41vH7tiKQaL._SL500_.jpg" alt="Product Image"></a><p>BinaxNOW COVID-19 Antigen Self Test, 1 Pack, 4 Tests Total, COVID Test With 15-Minute Results Without Sending to a Lab, Easy to Use at Home</p><p> -9% 0FF </p><p>$28.88 ($7.22 / Count)</p><a href="https://www.amazon.com/dp/B0C3SR4BNC?tag=eloabder-20&linkCode=osi&th=1&psc=1">View Product</a></div><div class="product"><a href="https://www.amazon.com/dp/B09PZS1N44?tag=eloabder-20&linkCode=osi&th=1&psc=1"><img src="https://m.media-amazon.com/images/I/418W+HhY5PL._SL500_.jpg" alt="Product Image"></a><p>Flowflex COVID-19 Antigen Home Test kit, 1 Pack, 5 Tests Total. FDA EUA Authorized OTC at-Home Self-Test, Non-invasive Nasal Swab, Easy to Use and No Discomfort, Results in 15 Minutes</p><p> -20% 0FF </p><p>$31.99 ($6.40 / Count)</p><a href="https://www.amazon.com/dp/B09PZS1N44?tag=eloabder-20&linkCode=osi&th=1&psc=1">View Product</a></div><div class="product"><a href="https://www.amazon.com/dp/B0D2DQBJS2?tag=eloabder-20&linkCode=osi&th=1&psc=1"><img src="https://m.media-amazon.com/images/I/51PHwjjreKL._SL500_.jpg" alt="Product Image"></a><p>CorDx TyFast Flu A/B & Covid-19 Multiplex Rapid Test, 10 Mins at Home, FDA Authorized, 3-in-1 Combo Kit, 2 Tests</p><p> -29% 0FF </p><p>$21.21</p><a href="https://www.amazon.com/dp/B0D2DQBJS2?tag=eloabder-20&linkCode=osi&th=1&psc=1">View Product</a></div><div class="product"><a href="https://www.amazon.com/dp/B07CF8C4VX?tag=eloabder-20&linkCode=osi&th=1&psc=1"><img src="https://m.media-amazon.com/images/I/51brLSHm6vL._SL500_.jpg" alt="Product Image"></a><p>CONTOUR NEXT Blood Glucose Test Strips for Diabetes, 70 Count (Pack of 1)</p><p> -17% 0FF </p><p>$26.58 ($0.38 / Count)</p><a href="https://www.amazon.com/dp/B07CF8C4VX?tag=eloabder-20&linkCode=osi&th=1&psc=1">View Product</a></div>
<div class="product"><a href="https://www.amazon.com/dp/B01LYBYFTJ?tag=eloabder-20&linkCode=osi&th=1&psc=1"><img src="https://m.media-amazon.com/images/I/518DrPFcK0L._SL500_.jpg" alt="Product Image"></a><p>Accuform MQTL707VP Plastic Sign, "Quality Control Inspection Area", 10" Length x 14" Width x 0.055" Thickness, Green/Black on White</p><p> -7% 0FF </p><p>$12.72</p><a href="https://www.amazon.com/dp/B01LYBYFTJ?tag=eloabder-20&linkCode=osi&th=1&psc=1">View Product</a></div><div class="product"><a href="https://www.amazon.com/dp/B08HQMBQ79?tag=eloabder-20&linkCode=osi&th=1&psc=1"><img src="https://m.media-amazon.com/images/I/41eP15ePWkL._SL500_.jpg" alt="Product Image"></a><p>CO2 Controller Carbon Dioxide Controller Air Quality Monitor CO2 Meter with Day and Night Control Relay Function, NDIR Sensor Probe Cable, CO2 Detector for Plant, Grow Room, Green House, Garden, Home</p><p> -13% 0FF </p><p>$139.59</p><a href="https://www.amazon.com/dp/B08HQMBQ79?tag=eloabder-20&linkCode=osi&th=1&psc=1">View Product</a></div><div class="product"><a href="https://www.amazon.com/dp/B0CPBKHZNC?tag=eloabder-20&linkCode=osi&th=1&psc=1"><img src="https://m.media-amazon.com/images/I/51jPs5y3CJL._SL500_.jpg" alt="Product Image"></a><p>IUYPKQ Steel Wool for Mice Control - 2 Pack of 3"√ó10Ft Steel Wool, Gap Filter for House & Garage - Keep Mice Away from HolesÔºåSidingÔºåPipelineÔºåVents in Garden, House, 7.04oz (2, 100g)</p><p> -18% 0FF </p><p>$8.20</p><a href="https://www.amazon.com/dp/B0CPBKHZNC?tag=eloabder-20&linkCode=osi&th=1&psc=1">View Product</a></div>

<div class="product"><a href="https://www.amazon.com/dp/B084F3YQMH?tag=eloabder-20&linkCode=osi&th=1&psc=1"><img src="https://m.media-amazon.com/images/I/51XzXeJ5EHS._SL500_.jpg" alt="Product Image"></a><p>Ultrasac Blue Recycling Bags 33 Gallon 0.9 MIL, 33.5" x 38" - Pack of 45 - For Recycling, Kitchen, Industrial, & Commercial</p><p> -37% 0FF </p><p>$15.06 ($0.33 / Count)</p><a href="https://www.amazon.com/dp/B084F3YQMH?tag=eloabder-20&linkCode=osi&th=1&psc=1">View Product</a></div>
<div class="product"><a href="https://www.amazon.com/dp/B09RY35M4S?tag=eloabder-20&linkCode=osi&th=1&psc=1"><img src="https://m.media-amazon.com/images/I/41wjzxrudGL._SL500_.jpg" alt="Product Image"></a><p>Kleenex Lotion Facial Tissues with Coconut Oil, 3 Flat Boxes, 120 Tissues Per Box, 3-Ply</p><p> -9% 0FF </p><p>$5.24 ($1.46 / 100 Sheets)</p><a href="https://www.amazon.com/dp/B09RY35M4S?tag=eloabder-20&linkCode=osi&th=1&psc=1">View Product</a></div><div class="product"><a href="https://www.amazon.com/dp/B09M5XF6JV?tag=eloabder-20&linkCode=osi&th=1&psc=1"><img src="https://m.media-amazon.com/images/I/410w59XOeaL._SL500_.jpg" alt="Product Image"></a><p>Kleenex Ultra Soft Facial Tissues, 4 Cube Boxes, 60 Tissues per Box, 3-Ply (240 Total Tissues), Packaging May Vary</p><p> -12% 0FF </p><p>$6.58 ($2.74 / 100 Sheets)</p><a href="https://www.amazon.com/dp/B09M5XF6JV?tag=eloabder-20&linkCode=osi&th=1&psc=1">View Product</a></div><div class="product"><a href="https://www.amazon.com/dp/B09YKRZR22?tag=eloabder-20&linkCode=osi&th=1&psc=1"><img src="https://m.media-amazon.com/images/I/413kbNG2YCL._SL500_.jpg" alt="Product Image"></a><p>Puffs Plus Lotion Facial Tissues, 8 Family Boxes, 124 Facial Tissues per Box, Allergies and Colds</p><p> -26% 0FF </p><p>$13.28 ($1.34 / 100 Sheets)</p><a href="https://www.amazon.com/dp/B09YKRZR22?tag=eloabder-20&linkCode=osi&th=1&psc=1">View Product</a></div>
<div class="product"><a href="https://www.amazon.com/dp/B0CMTR8NFM?tag=eloabder-20&linkCode=osi&th=1&psc=1"><img src="https://m.media-amazon.com/images/I/418XJgVkJIL._SL500_.jpg" alt="Product Image"></a><p>dalattin 12 Pack A19 LED Bulbs, 9W Equivalent 60 Watts, E26 Base, 5000K Daylight White, 800 LM, Efficient Energy Saving Lights for Living Room, Office, 80+ CRI, 120V, UL Listed</p><p> -6% 0FF </p><p>$15.99 ($1.33 / Count)</p><a href="https://www.amazon.com/dp/B0CMTR8NFM?tag=eloabder-20&linkCode=osi&th=1&psc=1">View Product</a></div><div class="product"><a href="https://www.amazon.com/dp/B0CZHCZ5TL?tag=eloabder-20&linkCode=osi&th=1&psc=1"><img src="https://m.media-amazon.com/images/I/31iJMTbdOTL._SL500_.jpg" alt="Product Image"></a><p>TP-Link Tapo Smart Plug Compatible with Alexa, Google Home & Samsung SmartThings, Energy Monitoring, 15A, ETL Certified, 2.4G Wi-Fi Only, Tapo P110, White</p><p> -27% 0FF </p><p>$10.99</p><a href="https://www.amazon.com/dp/B0CZHCZ5TL?tag=eloabder-20&linkCode=osi&th=1&psc=1">View Product</a></div><div class="product"><a href="https://www.amazon.com/dp/B0CCB442CF?tag=eloabder-20&linkCode=osi&th=1&psc=1"><img src="https://m.media-amazon.com/images/I/31oVkQ9gShL._SL500_.jpg" alt="Product Image"></a><p>DEGNJU A19 LED Light Bulbs, 60 Watt Equivalent LED Bulbs, Soft White 2700K, 800 Lumens, E26 Standard Base, Non-Dimmable, 8.5W Warm White LED Bulbs for Bedroom Living Room, 3 Pack</p><p> -33% 0FF </p><p>$7.98 ($2.66 / Count)</p><a href="https://www.amazon.com/dp/B0CCB442CF?tag=eloabder-20&linkCode=osi&th=1&psc=1">View Product</a></div>
<div class="product"><a href="https://www.amazon.com/dp/B08NX1XYBN?tag=eloabder-20&linkCode=osi&th=1&psc=1"><img src="https://m.media-amazon.com/images/I/51lfim+ZIRL._SL500_.jpg" alt="Product Image"></a><p>DIYSELF 2Pack Utility Knife Box Cutter Retractable Blade Heavy Duty(Red)</p><p> -38% 0FF </p><p>$7.99 ($4.00 / Count)</p><a href="https://www.amazon.com/dp/B08NX1XYBN?tag=eloabder-20&linkCode=osi&th=1&psc=1">View Product</a></div><div class="product"><a href="https://www.amazon.com/dp/B08HCW4V4G?tag=eloabder-20&linkCode=osi&th=1&psc=1"><img src="https://m.media-amazon.com/images/I/51A4GvNLy1S._SL500_.jpg" alt="Product Image"></a><p>HORUSDY 4-Pack Box Cutter Utility Knife, Heavy Duty Aluminum Shell Retractable Box Cutter for Cardboard, Boxes and Cartons, Extra 10 Blades.</p><p> -23% 0FF </p><p>$9.99 ($2.50 / Count)</p><a href="https://www.amazon.com/dp/B08HCW4V4G?tag=eloabder-20&linkCode=osi&th=1&psc=1">View Product</a></div><div class="product"><a href="https://www.amazon.com/dp/B097SXK3FG?tag=eloabder-20&linkCode=osi&th=1&psc=1"><img src="https://m.media-amazon.com/images/I/41QvJkjjQuL._SL500_.jpg" alt="Product Image"></a><p>WORKPRO Premium Utility Knife, Retractable All Metal Heavy Duty Box Cutter, Quick Change Blade Razor Knife, with 10 Extra Blades</p><p> -25% 0FF </p><p>$8.99</p><a href="https://www.amazon.com/dp/B097SXK3FG?tag=eloabder-20&linkCode=osi&th=1&psc=1">View Product</a></div><div class="product"><a href="https://www.amazon.com/dp/B01M27QHE2?tag=eloabder-20&linkCode=osi&th=1&psc=1"><img src="https://m.media-amazon.com/images/I/51ULro8xW3L._SL500_.jpg" alt="Product Image"></a><p>INTERNET'S BEST Premium Utility Knife Set | Retractable Box Cutter with Rubber Handle | Heavy-Duty Cutting for Cardboard, Carpet, Plastic | Retractable Blade | Includes 2 Razor Knives & Extra Blades</p><p> -25% 0FF </p><p>$14.99</p><a href="https://www.amazon.com/dp/B01M27QHE2?tag=eloabder-20&linkCode=osi&th=1&psc=1">View Product</a></div><div class="product"><a href="https://www.amazon.com/dp/B09JYJLQXF?tag=eloabder-20&linkCode=osi&th=1&psc=1"><img src="https://m.media-amazon.com/images/I/51IqddPa30L._SL500_.jpg" alt="Product Image"></a><p>M MEEPO Box Cutter, 4-Pack Tough Folding Box Cutter for Heavy Duty Purpose, Razor Sharp Blade, Comfortable Handle, with Extra 10-Piece Blades, Can cut Drywall, Sheet Plastic, Linoleum, Boxes, Rope</p><p> -31% 0FF </p><p>$10.99 ($2.75 / Count)</p><a href="https://www.amazon.com/dp/B09JYJLQXF?tag=eloabder-20&linkCode=osi&th=1&psc=1">View Product</a></div><div class="product"><a href="https://www.amazon.com/dp/B09K7SJH6X?tag=eloabder-20&linkCode=osi&th=1&psc=1"><img src="https://m.media-amazon.com/images/I/41-bwfYeYRL._SL500_.jpg" alt="Product Image"></a><p>WORKPRO Folding Utility Knife with Stainless Steel Head, Quick-change Blade & Back Lock, Wood Handle Heavy Duty Box Cutter, 1PC Razor Knife with Extra 10PC SK5 Blades</p><p> -25% 0FF </p><p>$14.99</p><a href="https://www.amazon.com/dp/B09K7SJH6X?tag=eloabder-20&linkCode=osi&th=1&psc=1">View Product</a></div><div class="product"><a href="https://www.amazon.com/dp/B07DXTP9M9?tag=eloabder-20&linkCode=osi&th=1&psc=1"><img src="https://m.media-amazon.com/images/I/51DsWoOdb2L._SL500_.jpg" alt="Product Image"></a><p>REXBETI 12-Pack Utility Knife, Retractable Box Cutter for Cartons, Cardboard and Boxes, 18mm Wider Razor Sharp Blade, Smooth Mechanism, Perfect for Office and Home use</p><p> -60% 0FF </p><p>$9.99</p><a href="https://www.amazon.com/dp/B07DXTP9M9?tag=eloabder-20&linkCode=osi&th=1&psc=1">View Product</a></div>
<div class="product"><a href="https://www.amazon.com/dp/B07P6PH5SB?tag=eloabder-20&linkCode=osi&th=1&psc=1"><img src="https://m.media-amazon.com/images/I/41h9Fp94OLL._SL500_.jpg" alt="Product Image"></a><p>3M SecureFit Safety Helmet - Climbing Style Inspired Safety Helmet with 6 Point Suspension System, Non-Vented, White, X5001-ANSI, for Construction and Heavy Infrastructure</p><p> -39% 0FF </p><p>$64.83</p><a href="https://www.amazon.com/dp/B07P6PH5SB?tag=eloabder-20&linkCode=osi&th=1&psc=1">View Product</a></div><div class="product"><a href="https://www.amazon.com/dp/B0DCVQRJCJ?tag=eloabder-20&linkCode=osi&th=1&psc=1"><img src="https://m.media-amazon.com/images/I/41bpS1WjabL._SL500_.jpg" alt="Product Image"></a><p>QYZZRS Generator Interlock Kit Compatible with Eaton Cutler Hammer 100 Amp and 125 Amp Panels Breaker,for Safe Usage of Portable Power During Outage,Professional and Interlock Kit (1)</p><p> -16% 0FF </p><p>$27.59</p><a href="https://www.amazon.com/dp/B0DCVQRJCJ?tag=eloabder-20&linkCode=osi&th=1&psc=1">View Product</a></div><div class="product"><a href="https://www.amazon.com/dp/B00C01W6DG?tag=eloabder-20&linkCode=osi&th=1&psc=1"><img src="https://m.media-amazon.com/images/I/41ajsEzhqeL._SL500_.jpg" alt="Product Image"></a><p>ICC Cat6 Riser 1000ft - UTP 23AWG, 100% Solid Pure Copper, Unshielded CMR, Bulk Ethernet Cable, PoE++, 500MHz, Reelex Pull Box, UL Certified, RoHS and TAA Compliant, Blue</p><p> -9% 0FF </p><p>$142.39</p><a href="https://www.amazon.com/dp/B00C01W6DG?tag=eloabder-20&linkCode=osi&th=1&psc=1">View Product</a></div><div class="product"><a href="https://www.amazon.com/dp/B00QXTXSKQ?tag=eloabder-20&linkCode=osi&th=1&psc=1"><img src="https://m.media-amazon.com/images/I/31dvw-xXqDL._SL500_.jpg" alt="Product Image"></a><p>MSA 10048280 Calibration Cylinder, Aluminium Gas Bottle, 34 Liter, 1.45% CH4, 15% O2, 60 PPM CO, 20 PPM H2S, Galaxy GX2 System Test Stand Compatible, Multi-Use Air Tank</p><p> -11% 0FF </p><p>$364.02</p><a href="https://www.amazon.com/dp/B00QXTXSKQ?tag=eloabder-20&linkCode=osi&th=1&psc=1">View Product</a></div><div class="product"><a href="https://www.amazon.com/dp/B016N3609W?tag=eloabder-20&linkCode=osi&th=1&psc=1"><img src="https://m.media-amazon.com/images/I/31qfvZRAQaL._SL500_.jpg" alt="Product Image"></a><p>MSA 815641 Advantage Respirator Cartridge - Iodine Vapor/P100 (GMI), Quantity: 2 per Pack, Chemical and Combination Air-Purifying Respirator Cartridge</p><p> -38% 0FF </p><p>$22.72 ($11.36 / Count)</p><a href="https://www.amazon.com/dp/B016N3609W?tag=eloabder-20&linkCode=osi&th=1&psc=1">View Product</a></div>
<div class="product"><a href="https://www.amazon.com/dp/B00JKHFR2K?tag=eloabder-20&linkCode=osi&th=1&psc=1"><img src="https://m.media-amazon.com/images/I/31-VtYKPhLL._SL500_.jpg" alt="Product Image"></a><p>Childcraft Construction Paper, 9 x 12 Inches, Assorted Colors, 500 Sheets - 1465886</p><p> -12% 0FF </p><p>$14.02 ($0.03 / Count)</p><a href="https://www.amazon.com/dp/B00JKHFR2K?tag=eloabder-20&linkCode=osi&th=1&psc=1">View Product</a></div><div class="product"><a href="https://www.amazon.com/dp/B07BPWV83H?tag=eloabder-20&linkCode=osi&th=1&psc=1"><img src="https://m.media-amazon.com/images/I/51lp+IIfd7L._SL500_.jpg" alt="Product Image"></a><p>REXBETI Knee Pads for Work, Construction Gel Knee Pads Tools, Heavy Duty Comfortable Anti-slip Foam Knee Pads for Cleaning Flooring and Garden, Strong Stretchable Straps, 1 Pair</p><p> -28% 0FF </p><p>$25.99</p><a href="https://www.amazon.com/dp/B07BPWV83H?tag=eloabder-20&linkCode=osi&th=1&psc=1">View Product</a></div><div class="product"><a href="https://www.amazon.com/dp/B0CQ755FYH?tag=eloabder-20&linkCode=osi&th=1&psc=1"><img src="https://m.media-amazon.com/images/I/41lT80YapPL._SL500_.jpg" alt="Product Image"></a><p>Laser Level with Tripod, Huepar 98Ft Self Leveling Laser Level Green Line Laser Cross Line Laser Leveler Tool for Picture Hanging, Tile, Home Renovation, Indoor Project, Battery&Carrying Bag Included</p><p> -38% 0FF </p><p>$49.99</p><a href="https://www.amazon.com/dp/B0CQ755FYH?tag=eloabder-20&linkCode=osi&th=1&psc=1">View Product</a></div><div class="product"><a href="https://www.amazon.com/dp/B09W8LBWJH?tag=eloabder-20&linkCode=osi&th=1&psc=1"><img src="https://m.media-amazon.com/images/I/4115vnIiXsL._SL500_.jpg" alt="Product Image"></a><p>Deinyi Construction Toddler Utensils - Toddler Forks and Spoons - Kids Spoon and Fork Set - Suitable for Kids Utensils - Baby Utensils, Portable Utensils Set for 1 2 3 4 5 year old Toddlers, Yellow</p><p> -37% 0FF </p><p>$11.99</p><a href="https://www.amazon.com/dp/B09W8LBWJH?tag=eloabder-20&linkCode=osi&th=1&psc=1">View Product</a></div><div class="product"><a href="https://www.amazon.com/dp/B002LARR76?tag=eloabder-20&linkCode=osi&th=1&psc=1"><img src="https://m.media-amazon.com/images/I/31K2j809lBL._SL500_.jpg" alt="Product Image"></a><p>Prang (Formerly SunWorks) Construction Paper, Brown, 9" x 12", 100 Sheets</p><p> -11% 0FF </p><p>$4.27 ($0.04 / Count)</p><a href="https://www.amazon.com/dp/B002LARR76?tag=eloabder-20&linkCode=osi&th=1&psc=1">View Product</a></div>
<div class="product"><a href="https://www.amazon.com/dp/B08GFP7PSK?tag=eloabder-20&linkCode=osi&th=1&psc=1"><img src="https://m.media-amazon.com/images/I/41gooaY8RRL._SL500_.jpg" alt="Product Image"></a><p>BESTAMTOY 36 PCS Wooden Sorting Stacking Rocks Stones,Sensory Toddler Toys Learning Montessori Toys, Building Blocks Game for Kids 3 4 5 6 Years Boy and Girl Birthday Gifts for Kids</p><p> -36% 0FF </p><p>$23.19</p><a href="https://www.amazon.com/dp/B08GFP7PSK?tag=eloabder-20&linkCode=osi&th=1&psc=1">View Product</a></div><div class="product"><a href="https://www.amazon.com/dp/B0CWVT99MF?tag=eloabder-20&linkCode=osi&th=1&psc=1"><img src="https://m.media-amazon.com/images/I/31v6b-LC5ML._SL500_.jpg" alt="Product Image"></a><p>IRWIN Quick-Lift Construction Jack, Hand Lifting Jack Tool, Multifunctional, Lift up to 10" and Lift Capacity 330 lbs (IRHT83100)</p><p> -9% 0FF </p><p>$89.99</p><a href="https://www.amazon.com/dp/B0CWVT99MF?tag=eloabder-20&linkCode=osi&th=1&psc=1">View Product</a></div><div class="product"><a href="https://www.amazon.com/dp/B0BWY4444M?tag=eloabder-20&linkCode=osi&th=1&psc=1"><img src="https://m.media-amazon.com/images/I/51esMBM0unL._SL500_.jpg" alt="Product Image"></a><p>XClifes Labor Saving Handle 2 Pack,15 In Construction Jack, Wall Tile Locator, Multi-Function Height Adjustment Lifting Device, Door Panel Lifting Cabinet Jack,Raised 10 in,Dynamic Load 470 LB</p><p> -69% 0FF </p><p>$43.99</p><a href="https://www.amazon.com/dp/B0BWY4444M?tag=eloabder-20&linkCode=osi&th=1&psc=1">View Product</a></div><div class="product"><a href="https://www.amazon.com/dp/0021402442?tag=eloabder-20&linkCode=osi&th=1&psc=1"><img src="https://m.media-amazon.com/images/I/511QbiOnlIL._SL500_.jpg" alt="Product Image"></a><p>Glencoe Carpentry and Building Construction, Student Edition (CARPENTRY & BLDG CONSTRUCTION)</p><p> -47% 0FF </p><p>$59.50</p><a href="https://www.amazon.com/dp/0021402442?tag=eloabder-20&linkCode=osi&th=1&psc=1">View Product</a></div><div class="product"><a href="https://www.amazon.com/dp/B08R3TW6PD?tag=eloabder-20&linkCode=osi&th=1&psc=1"><img src="https://m.media-amazon.com/images/I/51Ca5qyFUyL._SL500_.jpg" alt="Product Image"></a><p>Coodoo Upgraded Magnetic Blocks Tough Tiles STEM Toys for 3+ Year Old Boys and Girls Learning by Playing Games for Toddlers Kids, Compatible with Major Brands Building Blocks - Starter Set</p><p> -9% 0FF </p><p>$19.99</p><a href="https://www.amazon.com/dp/B08R3TW6PD?tag=eloabder-20&linkCode=osi&th=1&psc=1">View Product</a></div><div class="product"><a href="https://www.amazon.com/dp/B0D17SV1WJ?tag=eloabder-20&linkCode=osi&th=1&psc=1"><img src="https://m.media-amazon.com/images/I/41GZRx1QfVL._SL500_.jpg" alt="Product Image"></a><p>10 Pcs Interlocking Deck Tiles 12" x 12", Patio Flooring Outdoor Waterproof, Acacia Wood Tiles All Weather, Floor Tiles for Balcony, Backyard, Indoor and Outdoor use‚Ä¶ (Espresso)</p><p> -15% 0FF </p><p>$38.99</p><a href="https://www.amazon.com/dp/B0D17SV1WJ?tag=eloabder-20&linkCode=osi&th=1&psc=1">View Product</a></div><div class="product"><a href="https://www.amazon.com/dp/B0CPCZ3V7C?tag=eloabder-20&linkCode=osi&th=1&psc=1"><img src="https://m.media-amazon.com/images/I/51zv+eT4kkL._SL500_.jpg" alt="Product Image"></a><p>Titrot Magnetic Blocks Kids Toys, Large Magnetic Building Sticks STEM Educational Sensory Toy Preschool Learning Montessori Toys for Toddlers Boys Girls Ages 3-8 with 1 Car</p><p> -17% 0FF </p><p>$24.99</p><a href="https://www.amazon.com/dp/B0CPCZ3V7C?tag=eloabder-20&linkCode=osi&th=1&psc=1">View Product</a></div>

<div class="product"><a href="https://www.amazon.com/dp/B0D676KYMV?tag=eloabder-20&linkCode=osi&th=1&psc=1"><img src="https://m.media-amazon.com/images/I/41dhQyG9XZL._SL500_.jpg" alt="Product Image"></a><p>Dimgogo Hexagon LED Garage Ceiling Lights,25 Pack 17280LM Super Bright LED car Lights for Warehouse Basement Workshop Gym Car Detailing Shop Wash Room</p><p> -21% 0FF </p><p>$69.99</p><a href="https://www.amazon.com/dp/B0D676KYMV?tag=eloabder-20&linkCode=osi&th=1&psc=1">View Product</a></div>
<div class="product"><a href="https://www.amazon.com/dp/B0C73SFP11?tag=eloabder-20&linkCode=osi&th=1&psc=1"><img src="https://m.media-amazon.com/images/I/31+p7lB1nDL._SL500_.jpg" alt="Product Image"></a><p>2 Pack, 9 Inch Clear Non-Skid Lazy Susan Organizers - Turntable Rack for Kitchen Cabinet, Pantry Organization and Storage, Fridge, Bathroom Closet, Vanity Countertop Makeup Organizing, Spice Rack</p><p> -32% 0FF </p><p>$12.98</p><a href="https://www.amazon.com/dp/B0C73SFP11?tag=eloabder-20&linkCode=osi&th=1&psc=1">View Product</a></div><div class="product"><a href="https://www.amazon.com/dp/B098991PPP?tag=eloabder-20&linkCode=osi&th=1&psc=1"><img src="https://m.media-amazon.com/images/I/41pFHdubflL._SL500_.jpg" alt="Product Image"></a><p>SpaceAid Heavy Duty Moving Bags, Extra Large Storage Totes W/Backpack Straps Strong Handles & Zippers, Alternative to Moving Boxes, Packing & Moving Supplies, Black (8 Pack)</p><p> -24% 0FF </p><p>$36.99 ($4.62 / Count)</p><a href="https://www.amazon.com/dp/B098991PPP?tag=eloabder-20&linkCode=osi&th=1&psc=1">View Product</a></div>
<div class="product"><a href="https://www.amazon.com/dp/B001JT1LCW?tag=eloabder-20&linkCode=osi&th=1&psc=1"><img src="https://m.media-amazon.com/images/I/41-NrbTtXOL._SL500_.jpg" alt="Product Image"></a><p>Logistic Ratchet Strap, 16ft x 2In, 1000lb</p><p> -37% 0FF </p><p>$11.13</p><a href="https://www.amazon.com/dp/B001JT1LCW?tag=eloabder-20&linkCode=osi&th=1&psc=1">View Product</a></div>
<div class="product"><a href="https://www.amazon.com/dp/B07MM6D6H8?tag=eloabder-20&linkCode=osi&th=1&psc=1"><img src="https://m.media-amazon.com/images/I/51-5i+GLJFL._SL500_.jpg" alt="Product Image"></a><p>edxeducation Transport Counters - Mini Jar - Set of 36 - Learn Counting, Colors, Sorting and Sequencing - Hands-on Math Manipulative for Kids</p><p> -6% 0FF </p><p>$12.66</p><a href="https://www.amazon.com/dp/B07MM6D6H8?tag=eloabder-20&linkCode=osi&th=1&psc=1">View Product</a></div><div class="product"><a href="https://www.amazon.com/dp/B0058ORV6Y?tag=eloabder-20&linkCode=osi&th=1&psc=1"><img src="https://m.media-amazon.com/images/I/415rpz1mnxL._SL500_.jpg" alt="Product Image"></a><p>Didax Educational Resources Transportation Counters, 72</p><p> -31% 0FF </p><p>$14.50</p><a href="https://www.amazon.com/dp/B0058ORV6Y?tag=eloabder-20&linkCode=osi&th=1&psc=1">View Product</a></div><div class="product"><a href="https://www.amazon.com/dp/B0BWNRKN6Y?tag=eloabder-20&linkCode=osi&th=1&psc=1"><img src="https://m.media-amazon.com/images/I/51Fau8rx1IL._SL500_.jpg" alt="Product Image"></a><p>Reusable Sticker Book for Kids, Vehicles Truck Stickers Educational Learning Toys Travel Stickers Activity Books for Toddler Girls Boys Age 3+ Birthday Gifts</p><p> -34% 0FF </p><p>$5.95</p><a href="https://www.amazon.com/dp/B0BWNRKN6Y?tag=eloabder-20&linkCode=osi&th=1&psc=1">View Product</a></div>
<div class="product"><a href="https://www.amazon.com/dp/B0BLTY38V7?tag=eloabder-20&linkCode=osi&th=1&psc=1"><img src="https://m.media-amazon.com/images/I/31zmVFnuy3L._SL500_.jpg" alt="Product Image"></a><p>SWEETAPRIL Slow Moving Vehicle Sign, Rust Free Aluminum Slow Moving Vehicle Triangle Signs, 14"X16", 40-Mil Thick Diamond Grade Reflective For Golf Cart, For Golf Cart, Tractor, Utv, Safety Signs</p><p> -47% 0FF </p><p>$9.99</p><a href="https://www.amazon.com/dp/B0BLTY38V7?tag=eloabder-20&linkCode=osi&th=1&psc=1">View Product</a></div><div class="product"><a href="https://www.amazon.com/dp/B0D9NXPMMR?tag=eloabder-20&linkCode=osi&th=1&psc=1"><img src="https://m.media-amazon.com/images/I/418RV63IwdL._SL500_.jpg" alt="Product Image"></a><p>Mini Car Trash Can Bin with Lid and One Roll Plastic Trash Bags, Small Car Garbage Can Leakproof Car Accessories Trash Bin Car Dustbin Organizer Container for Car, Vehicle, Office, Home</p><p> -16% 0FF </p><p>$9.98</p><a href="https://www.amazon.com/dp/B0D9NXPMMR?tag=eloabder-20&linkCode=osi&th=1&psc=1">View Product</a></div><div class="product"><a href="https://www.amazon.com/dp/B000UHP9EU?tag=eloabder-20&linkCode=osi&th=1&psc=1"><img src="https://m.media-amazon.com/images/I/31wK9xXH7wL._SL500_.jpg" alt="Product Image"></a><p>FIRST ALERT AUTOMAR10 Car and Marine Fire Extinguisher, FE10GR, UL RATED 10-B:C, White, 1-Pack</p><p> -32% 0FF </p><p>$26.44</p><a href="https://www.amazon.com/dp/B000UHP9EU?tag=eloabder-20&linkCode=osi&th=1&psc=1">View Product</a></div><div class="product"><a href="https://www.amazon.com/dp/B0CQSH2J4R?tag=eloabder-20&linkCode=osi&th=1&psc=1"><img src="https://m.media-amazon.com/images/I/41NenTedbdL._SL500_.jpg" alt="Product Image"></a><p>Yaocom 1 Set Slow Moving Vehicle Sign with Mounting Bracket 14 x 16 Inch Slow Moving Vehicle Triangle Signs Aluminum Slow Sign Warning Triangles for Vehicles Golf Cart Tractor Outdoor Accessories</p><p> -5% 0FF </p><p>$18.99</p><a href="https://www.amazon.com/dp/B0CQSH2J4R?tag=eloabder-20&linkCode=osi&th=1&psc=1">View Product</a></div><div class="product"><a href="https://www.amazon.com/dp/B000P0DPGQ?tag=eloabder-20&linkCode=osi&th=1&psc=1"><img src="https://m.media-amazon.com/images/I/41S75Iev+4L._SL500_.jpg" alt="Product Image"></a><p>FIRST ALERT AUTO5 Car Fire Extinguisher, FESA5, UL RATED 5-B:C, Red, 1-Pack</p><p> -39% 0FF </p><p>$23.77</p><a href="https://www.amazon.com/dp/B000P0DPGQ?tag=eloabder-20&linkCode=osi&th=1&psc=1">View Product</a></div><div class="product"><a href="https://www.amazon.com/dp/B00CGSF4F0?tag=eloabder-20&linkCode=osi&th=1&psc=1"><img src="https://m.media-amazon.com/images/I/41O8ARwr2cL._SL500_.jpg" alt="Product Image"></a><p>BAZIC 12 X 16 Inches Sale Sign, 2-Line (L-2)</p><p> -12% 0FF </p><p>$5.13</p><a href="https://www.amazon.com/dp/B00CGSF4F0?tag=eloabder-20&linkCode=osi&th=1&psc=1">View Product</a></div>
<div class="product"><a href="https://www.amazon.com/dp/B0829D1D7V?tag=eloabder-20&linkCode=osi&th=1&psc=1"><img src="https://m.media-amazon.com/images/I/51J7vVLjl6L._SL500_.jpg" alt="Product Image"></a><p>2-Pack Bubble Cushioning Nylon Wrap Rolls, 3/16" x 12" x 72' ft Total, Perforated Every 12", 20 Fragile Stickers for Packaging, Shipping, Mailing</p><p> -15% 0FF </p><p>$15.50 ($7.75 / Count)</p><a href="https://www.amazon.com/dp/B0829D1D7V?tag=eloabder-20&linkCode=osi&th=1&psc=1">View Product</a></div><div class="product"><a href="https://www.amazon.com/dp/B09GPNQCW4?tag=eloabder-20&linkCode=osi&th=1&psc=1"><img src="https://m.media-amazon.com/images/I/416VMuii7+L._SL500_.jpg" alt="Product Image"></a><p>Donyson Frosted T Shirt Bags 10x13, 100 Pack Clear Bags for Packaging, Package Bags, Packaging Bags for Small Business, Shipping Bags with Handle</p><p> -5% 0FF </p><p>$20.99 ($0.21 / Count)</p><a href="https://www.amazon.com/dp/B09GPNQCW4?tag=eloabder-20&linkCode=osi&th=1&psc=1">View Product</a></div><div class="product"><a href="https://www.amazon.com/dp/B000J07BRQ?tag=eloabder-20&linkCode=osi&th=1&psc=1"><img src="https://m.media-amazon.com/images/I/517ZAgVhtNL._SL500_.jpg" alt="Product Image"></a><p>Scotch Heavy Duty Shipping and Moving Packing Tape, Clear, Packing and Moving Supplies, 1.88 in. x 22.2 yd., 6 Tape Rolls with Dispensers</p><p> -31% 0FF </p><p>$13.88</p><a href="https://www.amazon.com/dp/B000J07BRQ?tag=eloabder-20&linkCode=osi&th=1&psc=1">View Product</a></div>

<div class="product"><a href="https://www.amazon.com/dp/B09ZV2364K?tag=eloabder-20&linkCode=osi&th=1&psc=1"><img src="https://m.media-amazon.com/images/I/41Ts3dr3u3L._SL500_.jpg" alt="Product Image"></a><p>DEKOPRO Submersible Water Pump 1/3 HP 2450GPH Utility Pump Thermoplastic Electric Portable Transfer Water Pump with 10-Foot Cord for Pool Tub Garden Pond Draining</p><p> -32% 0FF </p><p>$40.99</p><a href="https://www.amazon.com/dp/B09ZV2364K?tag=eloabder-20&linkCode=osi&th=1&psc=1">View Product</a></div><div class="product"><a href="https://www.amazon.com/dp/B0CRKY91RW?tag=eloabder-20&linkCode=osi&th=1&psc=1"><img src="https://m.media-amazon.com/images/I/31v5rVK5BPL._SL500_.jpg" alt="Product Image"></a><p>Sump Pump Submersible 1.4HP 4800GPH Water Pump Electric for Portable Transfer Water Pump Sump Pumps Utility Pump with 8 Accessories for Pool Draining Basement, 120 Voltage</p><p> -21% 0FF </p><p>$49.00</p><a href="https://www.amazon.com/dp/B0CRKY91RW?tag=eloabder-20&linkCode=osi&th=1&psc=1">View Product</a></div><div class="product"><a href="https://www.amazon.com/dp/B09Y918453?tag=eloabder-20&linkCode=osi&th=1&psc=1"><img src="https://m.media-amazon.com/images/I/41rSFmVH4hL._SL500_.jpg" alt="Product Image"></a><p>FOTING Sump Pump 1HP 3960 GPH for Clean/Dirty Water Use, Thermoplastic Submersible Water Pump Utility Electric Portable Transfer Pump for Swimming Pool Garden Pond Basement Window Wells with 25ft Cord</p><p> -14% 0FF </p><p>$66.99</p><a href="https://www.amazon.com/dp/B09Y918453?tag=eloabder-20&linkCode=osi&th=1&psc=1">View Product</a></div>
<div class="product"><a href="https://www.amazon.com/dp/B085RV5SRY?tag=eloabder-20&linkCode=osi&th=1&psc=1"><img src="https://m.media-amazon.com/images/I/41Irw5yYT4L._SL500_.jpg" alt="Product Image"></a><p>(Pack of 10) EFIELD 1/2 Inch Pex Crimp Brass Full Port Shut-off Ball Valve for Hot and Cold Water, UPC Certified</p><p> -35% 0FF </p><p>$29.95 ($3.00 / Count)</p><a href="https://www.amazon.com/dp/B085RV5SRY?tag=eloabder-20&linkCode=osi&th=1&psc=1">View Product</a></div>
<div class="product"><a href="https://www.amazon.com/dp/B07MTK9Y31?tag=eloabder-20&linkCode=osi&th=1&psc=1"><img src="https://m.media-amazon.com/images/I/41w52vo9Q9L._SL500_.jpg" alt="Product Image"></a><p>GeilSpace 6 Pack 3/4" √ó 12" Pre-Cut Black Metal Pipe, Industrial Steel Fits Standard Three Quarters Inch Black Threaded Pipes and Fittings - Vintage DIY Industrial Shelving (3/4" √ó 12", Black)</p><p> -19% 0FF </p><p>$21.99 ($3.66 / Count)</p><a href="https://www.amazon.com/dp/B07MTK9Y31?tag=eloabder-20&linkCode=osi&th=1&psc=1">View Product</a></div><div class="product"><a href="https://www.amazon.com/dp/B000OHANEM?tag=eloabder-20&linkCode=osi&th=1&psc=1"><img src="https://m.media-amazon.com/images/I/51G4C0ueewL._SL500_.jpg" alt="Product Image"></a><p>Flex-Drain 51710 Flexible/Expandable Solid Drainage Pipe, 3.37in (Inside Diameter) by 12ft</p><p> -16% 0FF </p><p>$14.27</p><a href="https://www.amazon.com/dp/B000OHANEM?tag=eloabder-20&linkCode=osi&th=1&psc=1">View Product</a></div><div class="product"><a href="https://www.amazon.com/dp/B0009PU9CK?tag=eloabder-20&linkCode=osi&th=1&psc=1"><img src="https://m.media-amazon.com/images/I/31NqDYLrlqL._SL500_.jpg" alt="Product Image"></a><p>Rectorseal 25790 1-3/4-Ounce Tube No.5 Pipe Thread Sealant</p><p> -20% 0FF </p><p>$4.63 ($2.63 / Ounce)</p><a href="https://www.amazon.com/dp/B0009PU9CK?tag=eloabder-20&linkCode=osi&th=1&psc=1">View Product</a></div><div class="product"><a href="https://www.amazon.com/dp/B06XDK78GQ?tag=eloabder-20&linkCode=osi&th=1&psc=1"><img src="https://m.media-amazon.com/images/I/41h6Lm9j-EL._SL500_.jpg" alt="Product Image"></a><p>Hiware Drinking Straw Cleaner Brush Kit - (3-Size) 9-Piece Extra Long Pipe Cleaners, Straw Cleaning Brush For Tumbler, Sippy Cup, Bottle and Tube</p><p> -38% 0FF </p><p>$4.99</p><a href="https://www.amazon.com/dp/B06XDK78GQ?tag=eloabder-20&linkCode=osi&th=1&psc=1">View Product</a></div><div class="product"><a href="https://www.amazon.com/dp/B0D75YFQYX?tag=eloabder-20&linkCode=osi&th=1&psc=1"><img src="https://m.media-amazon.com/images/I/31eJKO5QnML._SL500_.jpg" alt="Product Image"></a><p>3/4 inch Water Pipe Repair Clamp,Emergency Pipe Repair Kit for Plastic and Metal Pipes,Suitable for PE/PVC pipe repair,Steel Pipes,Iron Pipes(19mm-21mm)</p><p> -20% 0FF </p><p>$9.99</p><a href="https://www.amazon.com/dp/B0D75YFQYX?tag=eloabder-20&linkCode=osi&th=1&psc=1">View Product</a></div>
<div class="product"><a href="https://www.amazon.com/dp/B098LMBLNW?tag=eloabder-20&linkCode=osi&th=1&psc=1"><img src="https://m.media-amazon.com/images/I/51g1okYsY5L._SL500_.jpg" alt="Product Image"></a><p>1/2" Pex Fittings, SUNGATOR 45 PCS 1/2 Inch Pex Fittings Set, 15 Each Elbow Tee Coupling Pex Fittings for Pex Pipe, No Lead Brass, ASTM F1807</p><p> -8% 0FF </p><p>$33.99</p><a href="https://www.amazon.com/dp/B098LMBLNW?tag=eloabder-20&linkCode=osi&th=1&psc=1">View Product</a></div><div class="product"><a href="https://www.amazon.com/dp/B0C3HBKCBY?tag=eloabder-20&linkCode=osi&th=1&psc=1"><img src="https://m.media-amazon.com/images/I/51PQ+3I4XiL._SL500_.jpg" alt="Product Image"></a><p>KOOTANS 66pcs Brass Pipe Fittings Assortment NPT Adapter Fitting, Reducer Bushing, Hex Nipple, Reducing Hex Coupling, Pipe Head Brass Plug Kit</p><p> -13% 0FF </p><p>$69.99</p><a href="https://www.amazon.com/dp/B0C3HBKCBY?tag=eloabder-20&linkCode=osi&th=1&psc=1">View Product</a></div>
<div class="product"><a href="https://www.amazon.com/dp/B08G1B6Z73?tag=eloabder-20&linkCode=osi&th=1&psc=1"><img src="https://m.media-amazon.com/images/I/41fPrg-ewYS._SL500_.jpg" alt="Product Image"></a><p>SANFU Polyurethane Recoil Air Compressor Hose 1/4"ID x 25FT Long Tail with Bend Restrictor,1/4‚Äù MNPT Fittings Brass Quick Coupler and Plug, Blue(25')</p><p> -50% 0FF </p><p>$8.99 ($0.36 / Foot)</p><a href="https://www.amazon.com/dp/B08G1B6Z73?tag=eloabder-20&linkCode=osi&th=1&psc=1">View Product</a></div><div class="product"><a href="https://www.amazon.com/dp/B0D227WPF7?tag=eloabder-20&linkCode=osi&th=1&psc=1"><img src="https://m.media-amazon.com/images/I/41YwBSYYHuL._SL500_.jpg" alt="Product Image"></a><p>SANFU Polyurethane(PU) Air Hose 1/4-Inch x 100ft Reinforced, lightweight, Flexible, 300PSI With 1/4‚Äù Swivel Aluminum Universal 3IN1 Coupler and Plug, 1PCS Safery Coupler, Bend Restrictor</p><p> -50% 0FF </p><p>$25.99 ($0.26 / Foot)</p><a href="https://www.amazon.com/dp/B0D227WPF7?tag=eloabder-20&linkCode=osi&th=1&psc=1">View Product</a></div><div class="product"><a href="https://www.amazon.com/dp/B09W4KSB5X?tag=eloabder-20&linkCode=osi&th=1&psc=1"><img src="https://m.media-amazon.com/images/I/51w1yQMw7aL._SL500_.jpg" alt="Product Image"></a><p>DAVCO 1/2" ID x 25 ft PVC Reinforced Tubing With Spiral Steel Wire, High Pressure Flexible Vinyl Hose Heavy Duty Clear Suction Tube,Non-Toxic, Vacuum Dust Collection Pipe</p><p> -50% 0FF </p><p>$16.99 ($0.68 / Foot)</p><a href="https://www.amazon.com/dp/B09W4KSB5X?tag=eloabder-20&linkCode=osi&th=1&psc=1">View Product</a></div>

<div class="product"><a href="https://www.amazon.com/dp/B0CYYYZRV9?tag=eloabder-20&linkCode=osi&th=1&psc=1"><img src="https://m.media-amazon.com/images/I/41glXO+YSbL._SL500_.jpg" alt="Product Image"></a><p>YAMASO 20 Pcs 608 2RS Ball Bearings ‚Äì Bearing Steel and Double Rubber Sealed Miniature Deep Groove Ball Bearings (8mm x 22mm x 7mm)</p><p> -8% 0FF </p><p>$5.49</p><a href="https://www.amazon.com/dp/B0CYYYZRV9?tag=eloabder-20&linkCode=osi&th=1&psc=1">View Product</a></div><div class="product"><a href="https://www.amazon.com/dp/B09PKD8QZZ?tag=eloabder-20&linkCode=osi&th=1&psc=1"><img src="https://m.media-amazon.com/images/I/41BYfJNmMoL._SL500_.jpg" alt="Product Image"></a><p>SHKI 20 Pcs 608 2RS Ball Bearings ‚Äì Bearing Steel and Double Rubber Sealed Miniature Deep Groove Ball Bearings (8mm x 22mm x 7mm) (608 2RS)</p><p> -40% 0FF </p><p>$5.99 ($0.30 / Count)</p><a href="https://www.amazon.com/dp/B09PKD8QZZ?tag=eloabder-20&linkCode=osi&th=1&psc=1">View Product</a></div><div class="product"><a href="https://www.amazon.com/dp/B073ST742Z?tag=eloabder-20&linkCode=osi&th=1&psc=1"><img src="https://m.media-amazon.com/images/I/51dWjQm393L._SL500_.jpg" alt="Product Image"></a><p>100 Pack 608-2RS Skateboard Bearing, Rolling Bearings, 8x22x7mm 608rs Bearing</p><p> -11% 0FF </p><p>$17.79</p><a href="https://www.amazon.com/dp/B073ST742Z?tag=eloabder-20&linkCode=osi&th=1&psc=1">View Product</a></div><div class="product"><a href="https://www.amazon.com/dp/B07216D1SZ?tag=eloabder-20&linkCode=osi&th=1&psc=1"><img src="https://m.media-amazon.com/images/I/41P6KPblNDL._SL500_.jpg" alt="Product Image"></a><p>Sackorange 608 ZZ Skateboard Bearings, Double Shielded,8x22x7 Miniature Ball BearingsÔºàPack of 20)</p><p> -29% 0FF </p><p>$7.79</p><a href="https://www.amazon.com/dp/B07216D1SZ?tag=eloabder-20&linkCode=osi&th=1&psc=1">View Product</a></div>
<div class="product"><a href="https://www.amazon.com/dp/B09KRGTLVM?tag=eloabder-20&linkCode=osi&th=1&psc=1"><img src="https://m.media-amazon.com/images/I/41zMlgeopqL._SL500_.jpg" alt="Product Image"></a><p>Vevitts Small Brushed Permanent Magnet Electric Motor for E Scooter Drive Speed Control 24V 350W 3000RPM</p><p> -20% 0FF </p><p>$39.98</p><a href="https://www.amazon.com/dp/B09KRGTLVM?tag=eloabder-20&linkCode=osi&th=1&psc=1">View Product</a></div><div class="product"><a href="https://www.amazon.com/dp/B01M58POHF?tag=eloabder-20&linkCode=osi&th=1&psc=1"><img src="https://m.media-amazon.com/images/I/41dQTChYsBL._SL500_.jpg" alt="Product Image"></a><p>AUTOTOOLHOME 6-12V Mini DC Motor High Torque Gear for Traxxas R/C and Power Wheels PCB DIY Electric Drill</p><p> -23% 0FF </p><p>$6.89</p><a href="https://www.amazon.com/dp/B01M58POHF?tag=eloabder-20&linkCode=osi&th=1&psc=1">View Product</a></div><div class="product"><a href="https://www.amazon.com/dp/B072R5G5GR?tag=eloabder-20&linkCode=osi&th=1&psc=1"><img src="https://m.media-amazon.com/images/I/41Z6ru+wWIL._SL500_.jpg" alt="Product Image"></a><p>Greartisan DC 12V 550RPM Gear Motor High Torque Electric Micro Speed Reduction Geared Motor Centric Output Shaft 37mm Diameter Gearbox</p><p> -6% 0FF </p><p>$14.99</p><a href="https://www.amazon.com/dp/B072R5G5GR?tag=eloabder-20&linkCode=osi&th=1&psc=1">View Product</a></div><div class="product"><a href="https://www.amazon.com/dp/B0CZVH445F?tag=eloabder-20&linkCode=osi&th=1&psc=1"><img src="https://m.media-amazon.com/images/I/51cTdXLKa7L._SL500_.jpg" alt="Product Image"></a><p>6Pcs 280 Micro DC Motors 3V-12V 13500RPM 0.5A with 2.8mm Insulated Connector & 6inch 20AWG Wire for RC Boat, DIY Airplane, Model Toys, 12V DC Motor Compatible</p><p> -23% 0FF </p><p>$9.99</p><a href="https://www.amazon.com/dp/B0CZVH445F?tag=eloabder-20&linkCode=osi&th=1&psc=1">View Product</a></div>
<div class="product"><a href="https://www.amazon.com/dp/B07L7XCSDW?tag=eloabder-20&linkCode=osi&th=1&psc=1"><img src="https://m.media-amazon.com/images/I/31lErudRYvL._SL500_.jpg" alt="Product Image"></a><p>DC HOUSE 12 Inch 12" High Speed 14mm/s Linear Actuator Motor 1000N DC12V with Mounting Brackets</p><p> -7% 0FF </p><p>$39.98</p><a href="https://www.amazon.com/dp/B07L7XCSDW?tag=eloabder-20&linkCode=osi&th=1&psc=1">View Product</a></div><div class="product"><a href="https://www.amazon.com/dp/B07X3Z68GV?tag=eloabder-20&linkCode=osi&th=1&psc=1"><img src="https://m.media-amazon.com/images/I/41j8dmqKsnS._SL500_.jpg" alt="Product Image"></a><p>Electric Micro Linear Actuator 12V - 1.2" Stroke, 64N/14.4lb, Speed 0.6inch/s Mini Waterproof Motion Actuator Small 12 V DC, w/Mounting Brackets, for Sofa Robotic TV Table Cabinet Window Opener Lift</p><p> -16% 0FF </p><p>$30.99 ($19.37 / oz)</p><a href="https://www.amazon.com/dp/B07X3Z68GV?tag=eloabder-20&linkCode=osi&th=1&psc=1">View Product</a></div><div class="product"><a href="https://www.amazon.com/dp/B0CRV927YC?tag=eloabder-20&linkCode=osi&th=1&psc=1"><img src="https://m.media-amazon.com/images/I/41dEUHSH6sL._SL500_.jpg" alt="Product Image"></a><p>ECO-WORTHY Linear Actuator Heavy Duty 3000N/660lbs with Mounting Brackets Multi-Function (12V, 12")</p><p> -18% 0FF </p><p>$59.99</p><a href="https://www.amazon.com/dp/B0CRV927YC?tag=eloabder-20&linkCode=osi&th=1&psc=1">View Product</a></div>
<div class="product"><a href="https://www.amazon.com/dp/B07H8GL44M?tag=eloabder-20&linkCode=osi&th=1&psc=1"><img src="https://m.media-amazon.com/images/I/41TaGFITM0L._SL500_.jpg" alt="Product Image"></a><p>FAERSI 22680-7S000 AF10141 for 2003-2014 Altima & 2006-14 Maxima & 07-13 Sentra & 05-15 Xterra & 2003-2015 Murano | Infiniti 08-13 G37 & 05-08 G35 & More MAF Mass Air Flow Sensor</p><p> -30% 0FF </p><p>$21.68</p><a href="https://www.amazon.com/dp/B07H8GL44M?tag=eloabder-20&linkCode=osi&th=1&psc=1">View Product</a></div><div class="product"><a href="https://www.amazon.com/dp/B08TRKL94H?tag=eloabder-20&linkCode=osi&th=1&psc=1"><img src="https://m.media-amazon.com/images/I/314giu3g36L._SL500_.jpg" alt="Product Image"></a><p>Carbon Monoxide Detector,CO Gas Monitor Alarm Detector,CO Sensor with LED Digital Display for Home,Depot,Battery Powered</p><p> -5% 0FF </p><p>$11.99</p><a href="https://www.amazon.com/dp/B08TRKL94H?tag=eloabder-20&linkCode=osi&th=1&psc=1">View Product</a></div><div class="product"><a href="https://www.amazon.com/dp/B092HK5NJB?tag=eloabder-20&linkCode=osi&th=1&psc=1"><img src="https://m.media-amazon.com/images/I/41RyuQ28lQS._SL500_.jpg" alt="Product Image"></a><p>Marsflex TPMS Sensor, 13598772 for GM 315Mhz, Tire Pressure Monitoring Sensor Compatible with Buick Chevy Cadillac GMC, Tire Pressure Sensor Replacement 13586335,13598771 4 Pack</p><p> -21% 0FF </p><p>$23.81</p><a href="https://www.amazon.com/dp/B092HK5NJB?tag=eloabder-20&linkCode=osi&th=1&psc=1">View Product</a></div><div class="product"><a href="https://www.amazon.com/dp/B0DCBDS359?tag=eloabder-20&linkCode=osi&th=1&psc=1"><img src="https://m.media-amazon.com/images/I/519A7-IMkBL._SL500_.jpg" alt="Product Image"></a><p>Dual Knock Sensors with Wiring Harness and Intake Manifold Gasket Kit | for Chevy Silverado Avalanche Tahoe, GMC Sierra Yukon, Cadillac Hummer & More GM Vehicles | Replace# 12601822,213-3521,89060413</p><p> -6% 0FF </p><p>$33.99</p><a href="https://www.amazon.com/dp/B0DCBDS359?tag=eloabder-20&linkCode=osi&th=1&psc=1">View Product</a></div><div class="product"><a href="https://www.amazon.com/dp/B0CZP2DRW1?tag=eloabder-20&linkCode=osi&th=1&psc=1"><img src="https://m.media-amazon.com/images/I/31CtLXOX-tL._SL500_.jpg" alt="Product Image"></a><p>Mass Air Flow Sensor MAF Fit for 2007-2009 Avalanche Yukon Tahoe Sierra Silverado Suburban 1500 2500 3500 Replace 2451149 MA198 7410146 5S8048 15900023</p><p> -5% 0FF </p><p>$40.99</p><a href="https://www.amazon.com/dp/B0CZP2DRW1?tag=eloabder-20&linkCode=osi&th=1&psc=1">View Product</a></div>
<div class="product"><a href="https://www.amazon.com/dp/B0002YXE7K?tag=eloabder-20&linkCode=osi&th=1&psc=1"><img src="https://m.media-amazon.com/images/I/41hV+B-cOEL._SL500_.jpg" alt="Product Image"></a><p>Titebond, 8 oz, 8 Fl Oz</p><p> -46% 0FF </p><p>$6.51 ($0.81 / Fl Oz)</p><a href="https://www.amazon.com/dp/B0002YXE7K?tag=eloabder-20&linkCode=osi&th=1&psc=1">View Product</a></div><div class="product"><a href="https://www.amazon.com/dp/B077Z6LF91?tag=eloabder-20&linkCode=osi&th=1&psc=1"><img src="https://m.media-amazon.com/images/I/41IeFkWcsyL._SL500_.jpg" alt="Product Image"></a><p>APERA INSTRUMENTS AI209-T Value Series PH20 pH Tester Combo Kit, including the Maintenance Set, and a CalPod Solution Holder for Easy Calibration</p><p> -25% 0FF </p><p>$79.13</p><a href="https://www.amazon.com/dp/B077Z6LF91?tag=eloabder-20&linkCode=osi&th=1&psc=1">View Product</a></div><div class="product"><a href="https://www.amazon.com/dp/B09JV7Y9SZ?tag=eloabder-20&linkCode=osi&th=1&psc=1"><img src="https://m.media-amazon.com/images/I/31TckTV+diL._SL500_.jpg" alt="Product Image"></a><p>Dental Code Rings Instrument 100pcs Dental Color Code Rings Non‚Äë Silicone Dental Color Code Rings Accessory Supplies(02)</p><p> -32% 0FF </p><p>$4.29 ($4.29 / Count)</p><a href="https://www.amazon.com/dp/B09JV7Y9SZ?tag=eloabder-20&linkCode=osi&th=1&psc=1">View Product</a></div>
<div class="product"><a href="https://www.amazon.com/dp/B01NASZ0UM?tag=eloabder-20&linkCode=osi&th=1&psc=1"><img src="https://m.media-amazon.com/images/I/31MgtNuzDdL._SL500_.jpg" alt="Product Image"></a><p>BN-LINK Wireless Remote Control Electrical Outlet Switch for Lights, Fans, Christmas Lights, Small Appliance, Long Range White (Learning Code, 3Rx-1Tx) 1200W/10A</p><p> -43% 0FF </p><p>$16.99</p><a href="https://www.amazon.com/dp/B01NASZ0UM?tag=eloabder-20&linkCode=osi&th=1&psc=1">View Product</a></div><div class="product"><a href="https://www.amazon.com/dp/B0CTH8XDKW?tag=eloabder-20&linkCode=osi&th=1&psc=1"><img src="https://m.media-amazon.com/images/I/31-PaaCxdfL._SL500_.jpg" alt="Product Image"></a><p>DEWENWILS Indoor Remote Control Outlet, Wireless Remote Outlets Switch, 200FT Range, Remote Light Switch for Lights, Fans, Christmas Lights, 15A/1800WÔºåFCC & ETL Listed (5 Outlets + 2 Remotes)</p><p> -19% 0FF </p><p>$23.39</p><a href="https://www.amazon.com/dp/B0CTH8XDKW?tag=eloabder-20&linkCode=osi&th=1&psc=1">View Product</a></div><div class="product"><a href="https://www.amazon.com/dp/B072F9DGRL?tag=eloabder-20&linkCode=osi&th=1&psc=1"><img src="https://m.media-amazon.com/images/I/417lNJFodCS._SL500_.jpg" alt="Product Image"></a><p>Fosmon WavePoint Wireless Remote Control Outdoor Electrical Outlet Switch Weatherproof Heavy Duty 3-Prong Plug-in ETL Listed (Battery Included) 1 Pack</p><p> -50% 0FF </p><p>$11.08</p><a href="https://www.amazon.com/dp/B072F9DGRL?tag=eloabder-20&linkCode=osi&th=1&psc=1">View Product</a></div><div class="product"><a href="https://www.amazon.com/dp/B09X2W2TRT?tag=eloabder-20&linkCode=osi&th=1&psc=1"><img src="https://m.media-amazon.com/images/I/31PoJZqeG-L._SL500_.jpg" alt="Product Image"></a><p>DEWENWILS Indoor Remote Control Outlet, Wireless Remote Light Switch, No Interference Remote Outlet Switch, No Wiring, 15A/1875W, 100ft RF Range, Compact Design, Programmable</p><p> -11% 0FF </p><p>$12.99</p><a href="https://www.amazon.com/dp/B09X2W2TRT?tag=eloabder-20&linkCode=osi&th=1&psc=1">View Product</a></div><div class="product"><a href="https://www.amazon.com/dp/B07CYKNDC2?tag=eloabder-20&linkCode=osi&th=1&psc=1"><img src="https://m.media-amazon.com/images/I/31Fu9a5ikOL._SL500_.jpg" alt="Product Image"></a><p>BN-LINK Mini Wireless Remote Control Outlet Switch Power Plug In for Household Appliances, Wireless Remote Light Switch, LED Light Bulbs, White (1 Remote + 3 Outlet) 1250W/10A</p><p> -11% 0FF </p><p>$15.99</p><a href="https://www.amazon.com/dp/B07CYKNDC2?tag=eloabder-20&linkCode=osi&th=1&psc=1">View Product</a></div>
<div class="product"><a href="https://www.amazon.com/dp/B01AKGRTUM?tag=eloabder-20&linkCode=osi&th=1&psc=1"><img src="https://m.media-amazon.com/images/I/41UKqiyvz6L._SL500_.jpg" alt="Product Image"></a><p>Oral-B Pro 1000 Rechargeable Electric Toothbrush, Black</p><p> -29% 0FF </p><p>$49.94</p><a href="https://www.amazon.com/dp/B01AKGRTUM?tag=eloabder-20&linkCode=osi&th=1&psc=1">View Product</a></div><div class="product"><a href="https://www.amazon.com/dp/B0D6Y9PJJ3?tag=eloabder-20&linkCode=osi&th=1&psc=1"><img src="https://m.media-amazon.com/images/I/31CUz26rR-L._SL500_.jpg" alt="Product Image"></a><p>3Pack Car Carplay Cable for iPhone 16 15 Pro Max 15 Plus Car Charger, USB to USB C Cable 3FT for Car Charger Adapter, Carplay USB C Cord Accessories Charging for iPad 10th Gen/iPad Pro Air 5th-White</p><p> -30% 0FF </p><p>$13.99</p><a href="https://www.amazon.com/dp/B0D6Y9PJJ3?tag=eloabder-20&linkCode=osi&th=1&psc=1">View Product</a></div><div class="product"><a href="https://www.amazon.com/dp/B07DFFYCXS?tag=eloabder-20&linkCode=osi&th=1&psc=1"><img src="https://m.media-amazon.com/images/I/41NIsYLJG1L._SL500_.jpg" alt="Product Image"></a><p>Digital Caliper, Adoric 0-6" Calipers Measuring Tool - Electronic Micrometer Caliper with Large LCD Screen, Auto-Off Feature, Inch and Millimeter Conversion</p><p> -42% 0FF </p><p>$6.99</p><a href="https://www.amazon.com/dp/B07DFFYCXS?tag=eloabder-20&linkCode=osi&th=1&psc=1">View Product</a></div><div class="product"><a href="https://www.amazon.com/dp/B0CR3S4Y5V?tag=eloabder-20&linkCode=osi&th=1&psc=1"><img src="https://m.media-amazon.com/images/I/417gCCQxz9L._SL500_.jpg" alt="Product Image"></a><p>iPhone Charger 3Pack 10FT Apple MFi Certified Lightning Cable Fast Charging iPhone Charger Cord Compatible with iPhone 14 13 12 11 Pro Max XR XS X 8 7 6 Plus SE and More - Colorful</p><p> -64% 0FF </p><p>$9.99</p><a href="https://www.amazon.com/dp/B0CR3S4Y5V?tag=eloabder-20&linkCode=osi&th=1&psc=1">View Product</a></div><div class="product"><a href="https://www.amazon.com/dp/B0DBHTZ6CD?tag=eloabder-20&linkCode=osi&th=1&psc=1"><img src="https://m.media-amazon.com/images/I/41-NMv8UKZL._SL500_.jpg" alt="Product Image"></a><p>iPhone Charger 3pack 10FT Apple MFi Certified Long Lightning Cable Fast Charging Nylon Braided USB Charging Cable High Speed Transfer Cord for iPhone 14 13/12/11 Pro Max/XS MAX/XR/XS/X/8/7/Plus/6S</p><p> -30% 0FF </p><p>$6.99</p><a href="https://www.amazon.com/dp/B0DBHTZ6CD?tag=eloabder-20&linkCode=osi&th=1&psc=1">View Product</a></div>
<div class="product"><a href="https://www.amazon.com/dp/B09YSJQWRG?tag=eloabder-20&linkCode=osi&th=1&psc=1"><img src="https://m.media-amazon.com/images/I/413B1lBD-hL._SL500_.jpg" alt="Product Image"></a><p>Jesverty DC Power Supply Variable, 0-30V 0-10A Adjustable Switching DC Regulated Bench Power Supply with High Precision 4-Digit LED Display, 5V/2A USB Port, Coarse and Fine Adjustment SPS-3010</p><p> -9% 0FF </p><p>$59.99</p><a href="https://www.amazon.com/dp/B09YSJQWRG?tag=eloabder-20&linkCode=osi&th=1&psc=1">View Product</a></div><div class="product"><a href="https://www.amazon.com/dp/B0C17NLZNH?tag=eloabder-20&linkCode=osi&th=1&psc=1"><img src="https://m.media-amazon.com/images/I/41zjhhWu9lL._SL500_.jpg" alt="Product Image"></a><p>DC Power Supply Variable, 32V 10A Bench Power Supply with Encoder Knob, 4-Digits Display, Adjustable Regulated lab Power Supply with 5V 3.6A USB & Type-C Quick-Charge, Output Switch</p><p> -30% 0FF </p><p>$59.99</p><a href="https://www.amazon.com/dp/B0C17NLZNH?tag=eloabder-20&linkCode=osi&th=1&psc=1">View Product</a></div><div class="product"><a href="https://www.amazon.com/dp/B09BFCF13Y?tag=eloabder-20&linkCode=osi&th=1&psc=1"><img src="https://m.media-amazon.com/images/I/51J2ypqHaML._SL500_.jpg" alt="Product Image"></a><p>DC Power Supply Variable, Bench Power Supply with Encoder Adjustment Knob, Output Enable/Disable Button, Adjustable Power Supply with USB Quick-Charge, Short Circuit Alam (30V 10A Black)</p><p> -43% 0FF </p><p>$39.99</p><a href="https://www.amazon.com/dp/B09BFCF13Y?tag=eloabder-20&linkCode=osi&th=1&psc=1">View Product</a></div><div class="product"><a href="https://www.amazon.com/dp/B0CLY9B5XL?tag=eloabder-20&linkCode=osi&th=1&psc=1"><img src="https://m.media-amazon.com/images/I/41Z-aOJT4pL._SL500_.jpg" alt="Product Image"></a><p>Jesverty DC Power Supply Variable, 0-30V 0-10A Adjustable Switching DC Regulated Bench Power Supply with 20W USB & Type-C Quick-Charge, Encoder Knob, 4-Digit LED Display, Preset Memory - SPS-3010X</p><p> -39% 0FF </p><p>$39.99</p><a href="https://www.amazon.com/dp/B0CLY9B5XL?tag=eloabder-20&linkCode=osi&th=1&psc=1">View Product</a></div><div class="product"><a href="https://www.amazon.com/dp/B00R5CI1W0?tag=eloabder-20&linkCode=osi&th=1&psc=1"><img src="https://m.media-amazon.com/images/I/41ffWbR+GVL._SL500_.jpg" alt="Product Image"></a><p>MEAN WELL NDR-120-24 Single Output Industrial DIN Rail Power Supply, 24 Volts 5 Amps 120 Watts</p><p> -19% 0FF </p><p>$27.00</p><a href="https://www.amazon.com/dp/B00R5CI1W0?tag=eloabder-20&linkCode=osi&th=1&psc=1">View Product</a></div><div class="product"><a href="https://www.amazon.com/dp/B07512KQDW?tag=eloabder-20&linkCode=osi&th=1&psc=1"><img src="https://m.media-amazon.com/images/I/41Z+0wP-6xL._SL500_.jpg" alt="Product Image"></a><p>DC Power Supply Variable,0-30 V / 0-10 A LW-K3010D Adjustable Switching Regulated Power Supply Digital,with Alligator Leads US Power Cord Used for Spectrophotometer and lab Equipment Repair</p><p> -9% 0FF </p><p>$38.99</p><a href="https://www.amazon.com/dp/B07512KQDW?tag=eloabder-20&linkCode=osi&th=1&psc=1">View Product</a></div><div class="product"><a href="https://www.amazon.com/dp/B0CGX39NMK?tag=eloabder-20&linkCode=osi&th=1&psc=1"><img src="https://m.media-amazon.com/images/I/41IyjEYE7iL._SL500_.jpg" alt="Product Image"></a><p>Abestop AT6301 DC Power Supply Variable, 60V/10A/300W Adjustable Bench Power Supply with 10mV / 1mA High Resolution 4-Digits 2.8 inch LCD Display, 5V/1A USB Output</p><p> -11% 0FF </p><p>$129.99</p><a href="https://www.amazon.com/dp/B0CGX39NMK?tag=eloabder-20&linkCode=osi&th=1&psc=1">View Product</a></div>
<div class="product"><a href="https://www.amazon.com/dp/B0BD772SK3?tag=eloabder-20&linkCode=osi&th=1&psc=1"><img src="https://m.media-amazon.com/images/I/516CGhpMaUL._SL500_.jpg" alt="Product Image"></a><p>LED Garage Lights Bulb 2 Pack 180W 18000LM 6500K Led Shop Light with 6 Plus 1 Deformable Panels Basement Barn Ceiling Lights E26 and E27</p><p> -13% 0FF </p><p>$25.99 ($13.00 / Count)</p><a href="https://www.amazon.com/dp/B0BD772SK3?tag=eloabder-20&linkCode=osi&th=1&psc=1">View Product</a></div><div class="product"><a href="https://www.amazon.com/dp/B087JDFH4K?tag=eloabder-20&linkCode=osi&th=1&psc=1"><img src="https://m.media-amazon.com/images/I/310SxRkxkfL._SL500_.jpg" alt="Product Image"></a><p>Amico 6 Pack 6 Inch 5CCT Ultra-Thin LED Recessed Ceiling Light with Junction Box, 2700K/3000K/3500K/4000K/5000K Selectable, 12W Eqv 110W 1050LM Brightness Dimmable Canless Wafer Downlight, ETL & FCC</p><p> -29% 0FF </p><p>$49.99 ($8.33 / Count)</p><a href="https://www.amazon.com/dp/B087JDFH4K?tag=eloabder-20&linkCode=osi&th=1&psc=1">View Product</a></div><div class="product"><a href="https://www.amazon.com/dp/B0BZJ9MTST?tag=eloabder-20&linkCode=osi&th=1&psc=1"><img src="https://m.media-amazon.com/images/I/41nTB2ouhZL._SL500_.jpg" alt="Product Image"></a><p>Amico 36 Pack 6 Inch 5CCT Ultra-Thin LED Recessed Ceiling Light with Junction Box, 2700K/3000K/3500K/4000K/5000K Selectable, 12W Eqv 110W, Dimmable Can-Killer Downlight, 1050LM Brightness - ETL&FCC</p><p> -22% 0FF </p><p>$179.99 ($5.00 / Count)</p><a href="https://www.amazon.com/dp/B0BZJ9MTST?tag=eloabder-20&linkCode=osi&th=1&psc=1">View Product</a></div><div class="product"><a href="https://www.amazon.com/dp/B0B8MJV3HN?tag=eloabder-20&linkCode=osi&th=1&psc=1"><img src="https://m.media-amazon.com/images/I/51J2PJDbNgL._SL500_.jpg" alt="Product Image"></a><p>Ensenior 24 Pack 6 Inch LED Recessed Ceiling Light, Dimmable, 2700K-5000K 5CCT, 1050LM 12W 120V, High Brightness Canless Wafer Downlight - ETL&FCC&IC</p><p> -14% 0FF </p><p>$162.48 ($6.77 / Count)</p><a href="https://www.amazon.com/dp/B0B8MJV3HN?tag=eloabder-20&linkCode=osi&th=1&psc=1">View Product</a></div><div class="product"><a href="https://www.amazon.com/dp/B09QHSY5CP?tag=eloabder-20&linkCode=osi&th=1&psc=1"><img src="https://m.media-amazon.com/images/I/514QSD+bYiL._SL500_.jpg" alt="Product Image"></a><p>2 Pack LED Garage Light, 200W 20000LM 6500K LED Shop Lights, Garage Lights Ceiling Led with 6+1 Deformable Panels, Screw in E26/E27 Socket Bulb for Warehouse, Workshop, Basement, Barn, Garage Lighting</p><p> -18% 0FF </p><p>$26.99 ($13.50 / Count)</p><a href="https://www.amazon.com/dp/B09QHSY5CP?tag=eloabder-20&linkCode=osi&th=1&psc=1">View Product</a></div><div class="product"><a href="https://www.amazon.com/dp/B085SZQCL7?tag=eloabder-20&linkCode=osi&th=1&psc=1"><img src="https://m.media-amazon.com/images/I/41is51nuuHL._SL500_.jpg" alt="Product Image"></a><p>6 Pack 4FT Linkable LED Shop Light, Utility Shop Light Fixture, 4400lm, 42W [250W Equivalent], 5000K Daylight Shop Lights for Garage, Hanging or Surface Mount, with Power Cord, ETL, Black</p><p> -29% 0FF </p><p>$49.69 ($24.84 / Count)</p><a href="https://www.amazon.com/dp/B085SZQCL7?tag=eloabder-20&linkCode=osi&th=1&psc=1">View Product</a></div>
<div class="product"><a href="https://www.amazon.com/dp/B00075M1T6?tag=eloabder-20&linkCode=osi&th=1&psc=1"><img src="https://m.media-amazon.com/images/I/31Qodi9u+XL._SL500_.jpg" alt="Product Image"></a><p>Sunbeam¬Æ Heating Pad Standard Size</p><p> -28% 0FF </p><p>$17.99</p><a href="https://www.amazon.com/dp/B00075M1T6?tag=eloabder-20&linkCode=osi&th=1&psc=1">View Product</a></div><div class="product"><a href="https://www.amazon.com/dp/B08MV3Z3GK?tag=eloabder-20&linkCode=osi&th=1&psc=1"><img src="https://m.media-amazon.com/images/I/51D3Ss7U1DL._SL500_.jpg" alt="Product Image"></a><p>GENIANI King Size Heating Pad for Back Pain & Cramps Relief, FSA HSA Eligible, Auto Shut Off, Machine Washable, Moist Heat Pad for Neck & Shoulder, Knee, Leg, Heat Patches 12'‚Äò√ó24‚Äô‚Äô(Aqua Blue)</p><p> -38% 0FF </p><p>$24.97</p><a href="https://www.amazon.com/dp/B08MV3Z3GK?tag=eloabder-20&linkCode=osi&th=1&psc=1">View Product</a></div><div class="product"><a href="https://www.amazon.com/dp/B0B3MBQC57?tag=eloabder-20&linkCode=osi&th=1&psc=1"><img src="https://m.media-amazon.com/images/I/51nlW3dSxQL._SL500_.jpg" alt="Product Image"></a><p>Heating Pad for Back Pain Relief, Extra Large 33 x 17, Portable Heating Pad for Shoulder, Neck, Cramp, Menstrual Pain, with Upgraded 6 Timer & 6 Temperature Controller</p><p> -56% 0FF </p><p>$39.99 ($1.28 / Ounce)</p><a href="https://www.amazon.com/dp/B0B3MBQC57?tag=eloabder-20&linkCode=osi&th=1&psc=1">View Product</a></div><div class="product"><a href="https://www.amazon.com/dp/B00LX5CR0M?tag=eloabder-20&linkCode=osi&th=1&psc=1"><img src="https://m.media-amazon.com/images/I/51OIEWerJUL._SL500_.jpg" alt="Product Image"></a><p>Sunbeam Heating Pad for Neck & Shoulder Pain Relief, XL Renue, 4 Heat Settings with Auto-Off, Blue, 25-Inch x 25-Inch, Sapphire</p><p> -8% 0FF </p><p>$59.99</p><a href="https://www.amazon.com/dp/B00LX5CR0M?tag=eloabder-20&linkCode=osi&th=1&psc=1">View Product</a></div>
<div class="product"><a href="https://www.amazon.com/dp/B00L2LTYDK?tag=eloabder-20&linkCode=osi&th=1&psc=1"><img src="https://m.media-amazon.com/images/I/418TOAEPGxL._SL500_.jpg" alt="Product Image"></a><p>Ergodyne Chill Its 6602 Cooling Towel, Long Lasting Cooling Relief, Gray 29.50" x 13.00"</p><p> -88% 0FF </p><p>$6.23</p><a href="https://www.amazon.com/dp/B00L2LTYDK?tag=eloabder-20&linkCode=osi&th=1&psc=1">View Product</a></div><div class="product"><a href="https://www.amazon.com/dp/B08SHJ47JL?tag=eloabder-20&linkCode=osi&th=1&psc=1"><img src="https://m.media-amazon.com/images/I/41wR--y8NxL._SL500_.jpg" alt="Product Image"></a><p>Arctic Air Freedom Personal Air Cooler - Portable 3-Speed Neck Fan, Hands-Free Wearable Design, Lightweight, Cordless And Rechargeable</p><p> -34% 0FF </p><p>$19.65</p><a href="https://www.amazon.com/dp/B08SHJ47JL?tag=eloabder-20&linkCode=osi&th=1&psc=1">View Product</a></div><div class="product"><a href="https://www.amazon.com/dp/B003FO2B5U?tag=eloabder-20&linkCode=osi&th=1&psc=1"><img src="https://m.media-amazon.com/images/I/41fgkBDrkxL._SL500_.jpg" alt="Product Image"></a><p>Cool Coolers by Fit + Fresh, 4 Pack Slim Ice Packs, Space Saving Reusable Ice Packs for Lunch Boxes or Coolers, Blue, Single Pack</p><p> -6% 0FF </p><p>$9.44</p><a href="https://www.amazon.com/dp/B003FO2B5U?tag=eloabder-20&linkCode=osi&th=1&psc=1">View Product</a></div><div class="product"><a href="https://www.amazon.com/dp/B008A6M34C?tag=eloabder-20&linkCode=osi&th=1&psc=1"><img src="https://m.media-amazon.com/images/I/41ytzrZrLcL._SL500_.jpg" alt="Product Image"></a><p>FlexiKold Gel Soft Flexible Ice Packs for Injuries - Reusable Freezer Cold Pack, Cold Compress & Cooling Gel Pad for Face, Shoulder, Hip, Leg, Arm, Ankle & Foot Injury - Medium - 7.5‚Äù x 11.5‚Äù</p><p> -56% 0FF </p><p>$10.99 ($10.99 / Count)</p><a href="https://www.amazon.com/dp/B008A6M34C?tag=eloabder-20&linkCode=osi&th=1&psc=1">View Product</a></div><div class="product"><a href="https://www.amazon.com/dp/B00GAU74IK?tag=eloabder-20&linkCode=osi&th=1&psc=1"><img src="https://m.media-amazon.com/images/I/41n1pSkwTeL._SL500_.jpg" alt="Product Image"></a><p>BEKOOOL Soft Gel Sheets for Kids for Cooling Relief from Fever discomfort | 4 Count</p><p> -33% 0FF </p><p>$3.99 ($1.00 / Count)</p><a href="https://www.amazon.com/dp/B00GAU74IK?tag=eloabder-20&linkCode=osi&th=1&psc=1">View Product</a></div><div class="product"><a href="https://www.amazon.com/dp/B0CMJMB9J2?tag=eloabder-20&linkCode=osi&th=1&psc=1"><img src="https://m.media-amazon.com/images/I/41t6as6YB8L._SL500_.jpg" alt="Product Image"></a><p>TheraICE Shoulder Ice Pack Wrap/Reusable Ice Pack for Rotator Cuff & Shoulder Pain Relief Cold Therapy Compression/FocusZone Technology with Extra Cooling Support for Targeted Pain Relief</p><p> -33% 0FF </p><p>$39.95 ($39.95 / Count)</p><a href="https://www.amazon.com/dp/B0CMJMB9J2?tag=eloabder-20&linkCode=osi&th=1&psc=1">View Product</a></div>
<div class="product"><a href="https://www.amazon.com/dp/B07SHB2WF9?tag=eloabder-20&linkCode=osi&th=1&psc=1"><img src="https://m.media-amazon.com/images/I/51jQaLCBOvL._SL500_.jpg" alt="Product Image"></a><p>VIVOSUN 4 Inch 190 CFM Inline Fan with Speed Controller, 4 Inch Carbon Filter and 8 Feet of Ducting, Temperature Humidity Monitor for Grow Tent Ventilation</p><p> -16% 0FF </p><p>$129.99</p><a href="https://www.amazon.com/dp/B07SHB2WF9?tag=eloabder-20&linkCode=osi&th=1&psc=1">View Product</a></div><div class="product"><a href="https://www.amazon.com/dp/B01C82SYZ0?tag=eloabder-20&linkCode=osi&th=1&psc=1"><img src="https://m.media-amazon.com/images/I/412vSql4EpL._SL500_.jpg" alt="Product Image"></a><p>VIVOSUN 4 Inch Inline Duct Fan 100 CFM, HVAC Exhaust Ventilation Fan with Low Noise for Basements, Bathrooms, Kitchens and Attics, Silver</p><p> -8% 0FF </p><p>$22.99</p><a href="https://www.amazon.com/dp/B01C82SYZ0?tag=eloabder-20&linkCode=osi&th=1&psc=1">View Product</a></div><div class="product"><a href="https://www.amazon.com/dp/B0D2P8ZHLD?tag=eloabder-20&linkCode=osi&th=1&psc=1"><img src="https://m.media-amazon.com/images/I/41Y+uClljFL._SL500_.jpg" alt="Product Image"></a><p>Multifunctional 3D Printer Enclosure w/Adjustable Ventilation Kit Eliminate Odors Tent Cover Compatible with Anycubic Photon Mono, Elegoo Saturn/Mars 3/4 & Creality Halot Series Resin 3D Printer</p><p> -6% 0FF </p><p>$65.88</p><a href="https://www.amazon.com/dp/B0D2P8ZHLD?tag=eloabder-20&linkCode=osi&th=1&psc=1">View Product</a></div><div class="product"><a href="https://www.amazon.com/dp/B0CS6K1TM4?tag=eloabder-20&linkCode=osi&th=1&psc=1"><img src="https://m.media-amazon.com/images/I/51Xfkoo1eTL._SL500_.jpg" alt="Product Image"></a><p>HOCENWAY Upgrade 3-Layers Filter System Smoke Exhaust Kit with 5000RPM Fan and Speed Control Power Adapter for All Laser Engraver 3D Printer Enclosure Tent Cover DIY (Ventilation Kit)</p><p> -8% 0FF </p><p>$27.48</p><a href="https://www.amazon.com/dp/B0CS6K1TM4?tag=eloabder-20&linkCode=osi&th=1&psc=1">View Product</a></div>
<div class="product"><a href="https://www.amazon.com/dp/B086QNLBB4?tag=eloabder-20&linkCode=osi&th=1&psc=1"><img src="https://m.media-amazon.com/images/I/41qiFymeklL._SL500_.jpg" alt="Product Image"></a><p>Waterdrop Gravity Water Filter Straw, Camping Water Filtration System, Water Purifier Survival for Travel, Backpacking and Emergency Preparedness, 1.5 gal Bag, 0.1 Micron, 5 Stage Filtration</p><p> -7% 0FF </p><p>$39.99</p><a href="https://www.amazon.com/dp/B086QNLBB4?tag=eloabder-20&linkCode=osi&th=1&psc=1">View Product</a></div><div class="product"><a href="https://www.amazon.com/dp/B0BBQNZK7Y?tag=eloabder-20&linkCode=osi&th=1&psc=1"><img src="https://m.media-amazon.com/images/I/41uwbKvNw5L._SL500_.jpg" alt="Product Image"></a><p>SimPure V7 Under Sink Water Filter, 5-Stage Stainless Steel Water Filtration System Direct Connect to Kitchen Faucet, Reduces 99% Lead, Chlorine, Bad Taste, 20K Gallons (No Drilling Required)</p><p> -18% 0FF </p><p>$65.99 ($30.00 / kg)</p><a href="https://www.amazon.com/dp/B0BBQNZK7Y?tag=eloabder-20&linkCode=osi&th=1&psc=1">View Product</a></div><div class="product"><a href="https://www.amazon.com/dp/B07CHXVRS5?tag=eloabder-20&linkCode=osi&th=1&psc=1"><img src="https://m.media-amazon.com/images/I/41KdIPuSgRL._SL500_.jpg" alt="Product Image"></a><p>iSpring US31 Classic 3-Stage Under Sink Water Filtration System for Drinking, Tankless, High Capacity, Sediment + Carbon + Carbon (Newest Version)</p><p> -26% 0FF </p><p>$101.16</p><a href="https://www.amazon.com/dp/B07CHXVRS5?tag=eloabder-20&linkCode=osi&th=1&psc=1">View Product</a></div><div class="product"><a href="https://www.amazon.com/dp/B00QFXGSIY?tag=eloabder-20&linkCode=osi&th=1&psc=1"><img src="https://m.media-amazon.com/images/I/31c5SLHf3GL._SL500_.jpg" alt="Product Image"></a><p>Survivor Filter PRO - Hand Pump Camping Water Filtration System Survival - Water Purifier Survival</p><p> -20% 0FF </p><p>$55.96</p><a href="https://www.amazon.com/dp/B00QFXGSIY?tag=eloabder-20&linkCode=osi&th=1&psc=1">View Product</a></div>
<div class="product"><a href="https://www.amazon.com/dp/B0D8NXKXBK?tag=eloabder-20&linkCode=osi&th=1&psc=1"><img src="https://m.media-amazon.com/images/I/31sV17bo3CL._SL500_.jpg" alt="Product Image"></a><p>Pro Electric Water Purifier Survival w/Hand Pump, Portable Water Filter Camping Backpacking Hiking Outdoor Travel Emergency, Water Filtration System Survival, Water Purification Tablets Alternative</p><p> -20% 0FF </p><p>$79.99</p><a href="https://www.amazon.com/dp/B0D8NXKXBK?tag=eloabder-20&linkCode=osi&th=1&psc=1">View Product</a></div><div class="product"><a href="https://www.amazon.com/dp/B07PZBY7RL?tag=eloabder-20&linkCode=osi&th=1&psc=1"><img src="https://m.media-amazon.com/images/I/41YJFTk3wDL._SL500_.jpg" alt="Product Image"></a><p>Invigorated Water Alkaline Water Purification Unit, White, Plastic, pH001 Filter Included, Convenient Anti-Slip Design</p><p> -36% 0FF </p><p>$50.00</p><a href="https://www.amazon.com/dp/B07PZBY7RL?tag=eloabder-20&linkCode=osi&th=1&psc=1">View Product</a></div>
<div class="product"><a href="https://www.amazon.com/dp/B0CJ1B6D6S?tag=eloabder-20&linkCode=osi&th=1&psc=1"><img src="https://m.media-amazon.com/images/I/41Upf8lJ6ML._SL500_.jpg" alt="Product Image"></a><p>Scrub Daddy Scrub Mommy Sponges - Dish Scrubber + Non-Scratch Cleaning Sponges Kitchen, Bathroom + Multi-Surface Safe - Dual-Sided Dish Sponges for Scrubbing - Online Exclusive (3 Count)</p><p> -7% 0FF </p><p>$13.00 ($4.33 / Count)</p><a href="https://www.amazon.com/dp/B0CJ1B6D6S?tag=eloabder-20&linkCode=osi&th=1&psc=1">View Product</a></div><div class="product"><a href="https://www.amazon.com/dp/B07HF1GTYN?tag=eloabder-20&linkCode=osi&th=1&psc=1"><img src="https://m.media-amazon.com/images/I/61pFb41tDhL._SL500_.jpg" alt="Product Image"></a><p>Tamicy Mop Slippers Shoes 5 Pairs (10 Pieces) - Microfiber Cleaning House Mop Slippers Floor Cleaning Tools Shoe Cover Soft Washable Reusable Microfiber Foot Socks Floor Cleaning Tools Shoe Cover</p><p> -58% 0FF </p><p>$9.98 ($2.00 / Count)</p><a href="https://www.amazon.com/dp/B07HF1GTYN?tag=eloabder-20&linkCode=osi&th=1&psc=1">View Product</a></div><div class="product"><a href="https://www.amazon.com/dp/B07F268WY8?tag=eloabder-20&linkCode=osi&th=1&psc=1"><img src="https://m.media-amazon.com/images/I/51hKjGZILAL._SL500_.jpg" alt="Product Image"></a><p>Holikme 2 Pack Dryer Vent Cleaner Kit Clothes Dryer Lint Brush Vent Trap Cleaner Home Essentials Long Flexible Vacuum Brush</p><p> -50% 0FF </p><p>$7.99 ($4.00 / Count)</p><a href="https://www.amazon.com/dp/B07F268WY8?tag=eloabder-20&linkCode=osi&th=1&psc=1">View Product</a></div>


<div class="product"><a href="https://www.amazon.com/dp/B06XJ17JVD?tag=eloabder-20&linkCode=osi&th=1&psc=1"><img src="https://m.media-amazon.com/images/I/51OoCqwxbrL._SL500_.jpg" alt="Product Image"></a><p>Rust-Oleum 293513 Rocksolid Polycuramine Garage Oil Floor Coating, 2.5 Car Kit, Gray, 180 Fl Oz (Pack of 1)</p><p> -35% 0FF </p><p>$240.00 ($1.33 / Fl Oz)</p><a href="https://www.amazon.com/dp/B06XJ17JVD?tag=eloabder-20&linkCode=osi&th=1&psc=1">View Product</a></div><div class="product"><a href="https://www.amazon.com/dp/B099SFV2MB?tag=eloabder-20&linkCode=osi&th=1&psc=1"><img src="https://m.media-amazon.com/images/I/41SuYdUgtXL._SL500_.jpg" alt="Product Image"></a><p>Adam's Polishes Advanced Graphene Ceramic Coating - 10H Graphene Coating for Auto Detailing, 9+ Years of Car Protection & Patented UV Technology, Apply After Car Wash & Paint Correction</p><p> -15% 0FF </p><p>$138.54</p><a href="https://www.amazon.com/dp/B099SFV2MB?tag=eloabder-20&linkCode=osi&th=1&psc=1">View Product</a></div><div class="product"><a href="https://www.amazon.com/dp/B07B8RY7M6?tag=eloabder-20&linkCode=osi&th=1&psc=1"><img src="https://m.media-amazon.com/images/I/31G91iuk9RL._SL500_.jpg" alt="Product Image"></a><p>MG Chemicals - 419D-55ML 419D Premium Acrylic Conformal Coating, 55 mL Bottle, IPC 830, UL 94V-0 (File # E203094), Clear, 1.86 Fl Oz (Pack of 1)</p><p> -17% 0FF </p><p>$15.95 ($8.62 / Fl Oz)</p><a href="https://www.amazon.com/dp/B07B8RY7M6?tag=eloabder-20&linkCode=osi&th=1&psc=1">View Product</a></div>
<div class="product"><a href="https://www.amazon.com/dp/B005E9KJYE?tag=eloabder-20&linkCode=osi&th=1&psc=1"><img src="https://m.media-amazon.com/images/I/517PNa1vQiL._SL500_.jpg" alt="Product Image"></a><p>Colorations - SWT16 Simply Washable Tempera Paints, 16 fl oz, Set of 11 Colors, Non Toxic, Vibrant, Bold, Kids Paint, Craft, Hobby, Arts & Crafts, Fun, Art Supplies</p><p> -15% 0FF </p><p>$45.89 ($0.26 / Fl Oz)</p><a href="https://www.amazon.com/dp/B005E9KJYE?tag=eloabder-20&linkCode=osi&th=1&psc=1">View Product</a></div><div class="product"><a href="https://www.amazon.com/dp/B01HZP45BM?tag=eloabder-20&linkCode=osi&th=1&psc=1"><img src="https://m.media-amazon.com/images/I/51qsgeT-koL._SL500_.jpg" alt="Product Image"></a><p>Colorations Washable Tempera Paint, Set of 6 Colors, 8oz Each, Non Toxic Paint, Vibrant Paint, Craft Paint Children, Art Supplies, Homeschool, Home School Use</p><p> -15% 0FF </p><p>$16.99 ($0.35 / Fl Oz)</p><a href="https://www.amazon.com/dp/B01HZP45BM?tag=eloabder-20&linkCode=osi&th=1&psc=1">View Product</a></div><div class="product"><a href="https://www.amazon.com/dp/B01HZP4IFA?tag=eloabder-20&linkCode=osi&th=1&psc=1"><img src="https://m.media-amazon.com/images/I/41tdzr9-azL._SL500_.jpg" alt="Product Image"></a><p>Colorations - LWPACK Liquid Watercolor Paint, 4 fl oz, Set of 6, Non-Toxic, Painting, Kids, Craft, Hobby, Fun, Water Color, Posters, Cool Effects, Versatile, Gift</p><p> -10% 0FF </p><p>$18.89 ($0.79 / Fl Oz)</p><a href="https://www.amazon.com/dp/B01HZP4IFA?tag=eloabder-20&linkCode=osi&th=1&psc=1">View Product</a></div><div class="product"><a href="https://www.amazon.com/dp/B000PIK1YC?tag=eloabder-20&linkCode=osi&th=1&psc=1"><img src="https://m.media-amazon.com/images/I/31-jP8tO9yL._SL500_.jpg" alt="Product Image"></a><p>Rust-Oleum 7579838 Professional High Performance Enamel Spray Paint, 15 Oz, Gloss Black</p><p> -9% 0FF </p><p>$9.98 ($0.67 / Ounce)</p><a href="https://www.amazon.com/dp/B000PIK1YC?tag=eloabder-20&linkCode=osi&th=1&psc=1">View Product</a></div>


<div class="product"><a href="https://www.amazon.com/dp/B002SG7PPC?tag=eloabder-20&linkCode=osi&th=1&psc=1"><img src="https://m.media-amazon.com/images/I/31YVD0b4-1L._SL500_.jpg" alt="Product Image"></a><p>Mitutoyo 050101, Edge Finder, 3/8" Dia. Shank, .200" Dia. Tip</p><p> -21% 0FF </p><p>$16.55</p><a href="https://www.amazon.com/dp/B002SG7PPC?tag=eloabder-20&linkCode=osi&th=1&psc=1">View Product</a></div><div class="product"><a href="https://www.amazon.com/dp/1259827445?tag=eloabder-20&linkCode=osi&th=1&psc=1"><img src="https://m.media-amazon.com/images/I/41+0n7UFhrL._SL500_.jpg" alt="Product Image"></a><p>Machining and CNC Technology</p><p> -42% 0FF </p><p>$199.97</p><a href="https://www.amazon.com/dp/1259827445?tag=eloabder-20&linkCode=osi&th=1&psc=1">View Product</a></div><div class="product"><a href="https://www.amazon.com/dp/B07RM1D6WD?tag=eloabder-20&linkCode=osi&th=1&psc=1"><img src="https://m.media-amazon.com/images/I/41WW3tVXkmL._SL500_.jpg" alt="Product Image"></a><p>AFA Tooling - Deburring Tool with 11 High Speed Steel Swivel Blades - Works on Metal, Resin, PVC Pipes, Copper, Plastic and 3D Printed Edges - Plumbing & 3D Printing Burr Removal Reamer Tool</p><p> -20% 0FF </p><p>$15.95 ($9.11 / 100 g)</p><a href="https://www.amazon.com/dp/B07RM1D6WD?tag=eloabder-20&linkCode=osi&th=1&psc=1">View Product</a></div>
<div class="product"><a href="https://www.amazon.com/dp/B08VHYX96W?tag=eloabder-20&linkCode=osi&th=1&psc=1"><img src="https://m.media-amazon.com/images/I/518vzX0FwcL._SL500_.jpg" alt="Product Image"></a><p>HARDELL Mini Cordless Rotary Tool Kit, 5-Speed and USB Charging with 61 Accessories, Multi-Purpose 3.7V Power Rotary Tool for Sanding, Polishing, Drilling, Etching, Engraving, DIY Crafts</p><p> -17% 0FF </p><p>$24.99</p><a href="https://www.amazon.com/dp/B08VHYX96W?tag=eloabder-20&linkCode=osi&th=1&psc=1">View Product</a></div><div class="product"><a href="https://www.amazon.com/dp/B093229VY9?tag=eloabder-20&linkCode=osi&th=1&psc=1"><img src="https://m.media-amazon.com/images/I/51Wby41ESCL._SL500_.jpg" alt="Product Image"></a><p>KATA 4-PACK Folding Utility Knife, Heavy Duty Box Cutter with 20pcs SK5 Quick Change Blades, Safety Lock Back Design, Used for Cutting Cartons, Cardboards and Boxes</p><p> -23% 0FF </p><p>$9.99 ($2.50 / Count)</p><a href="https://www.amazon.com/dp/B093229VY9?tag=eloabder-20&linkCode=osi&th=1&psc=1">View Product</a></div><div class="product"><a href="https://www.amazon.com/dp/B09QXBC6XL?tag=eloabder-20&linkCode=osi&th=1&psc=1"><img src="https://m.media-amazon.com/images/I/41JcpPv9cXL._SL500_.jpg" alt="Product Image"></a><p>180W Rotary Tool Kit, 1.5-Amp PHALANX 6 Variable Speed with Flex Shaft, 8000-32000RPM Multi-Tool& 139pcs Accessories Kit, Power Multiuse Set Prefect for Crafting Projects and DIY Creations‚Ä¶</p><p> -23% 0FF </p><p>$39.99</p><a href="https://www.amazon.com/dp/B09QXBC6XL?tag=eloabder-20&linkCode=osi&th=1&psc=1">View Product</a></div><div class="product"><a href="https://www.amazon.com/dp/B07GR7QF63?tag=eloabder-20&linkCode=osi&th=1&psc=1"><img src="https://m.media-amazon.com/images/I/319qwqAeKXL._SL500_.jpg" alt="Product Image"></a><p>IGAN-170 Wire Cutters, Precision Electronics Flush Cutter, One of the Strongest and Sharpest Side Cutting pliers with an Opening Spring, Ideal for Ultra-fine Cutting Needs.</p><p> -24% 0FF </p><p>$6.97</p><a href="https://www.amazon.com/dp/B07GR7QF63?tag=eloabder-20&linkCode=osi&th=1&psc=1">View Product</a></div>

<div class="product"><a href="https://www.amazon.com/dp/B01LRVX4AS?tag=eloabder-20&linkCode=osi&th=1&psc=1"><img src="https://m.media-amazon.com/images/I/41eRX8GkL8L._SL500_.jpg" alt="Product Image"></a><p>JKSafety 9 Pockets Class 2 High Visibility Zipper Front Safety Vest With Reflective Strips,Meets ANSI/ISEA Standard (Large, 150-Yellow)</p><p> -10% 0FF </p><p>$8.99</p><a href="https://www.amazon.com/dp/B01LRVX4AS?tag=eloabder-20&linkCode=osi&th=1&psc=1">View Product</a></div><div class="product"><a href="https://www.amazon.com/dp/B01LDPHX7S?tag=eloabder-20&linkCode=osi&th=1&psc=1"><img src="https://m.media-amazon.com/images/I/41pcC4hFanL._SL500_.jpg" alt="Product Image"></a><p>Ergodyne GloWear 8377 Type R Class 3 Lime Quilted Bomber Jacket, High Visibility Reflective Insulation, X-Large</p><p> -17% 0FF </p><p>$34.99</p><a href="https://www.amazon.com/dp/B01LDPHX7S?tag=eloabder-20&linkCode=osi&th=1&psc=1">View Product</a></div><div class="product"><a href="https://www.amazon.com/dp/B0CRV7G3WW?tag=eloabder-20&linkCode=osi&th=1&psc=1"><img src="https://m.media-amazon.com/images/I/41KOsJq8HTL._SL500_.jpg" alt="Product Image"></a><p>Bilymate LED Reflective Vest Running Gear,High Visibility with usb Rechargeable Light Up safety Vest for Walking Running Cycling,Adjustable for Men Women Kids Flourence Green</p><p> -50% 0FF </p><p>$6.45</p><a href="https://www.amazon.com/dp/B0CRV7G3WW?tag=eloabder-20&linkCode=osi&th=1&psc=1">View Product</a></div>
<div class="product"><a href="https://www.amazon.com/dp/B01N2ZTB7M?tag=eloabder-20&linkCode=osi&th=1&psc=1"><img src="https://m.media-amazon.com/images/I/419b0AGprhL._SL500_.jpg" alt="Product Image"></a><p>Sellstrom Advantage Face Shield - Lightweight Mask with Crown & Ratchet Headgear, for Work, Grinding, Cutting - ANSI Z87.1 - Clear Uncoated Polycarbonate Window</p><p> -8% 0FF </p><p>$14.39</p><a href="https://www.amazon.com/dp/B01N2ZTB7M?tag=eloabder-20&linkCode=osi&th=1&psc=1">View Product</a></div><div class="product"><a href="https://www.amazon.com/dp/B008MCUZZS?tag=eloabder-20&linkCode=osi&th=1&psc=1"><img src="https://m.media-amazon.com/images/I/51FPpkx4CEL._SL500_.jpg" alt="Product Image"></a><p>3M 8210 Particulate Respirator, N95, Pack of 20 Disposable Respirator, Two-Strap Cup Style Design, Lightweight with Cushioning Nose Foam, NIOSH Approved</p><p> -45% 0FF </p><p>$15.49 ($0.77 / Count)</p><a href="https://www.amazon.com/dp/B008MCUZZS?tag=eloabder-20&linkCode=osi&th=1&psc=1">View Product</a></div><div class="product"><a href="https://www.amazon.com/dp/B08GBRY816?tag=eloabder-20&linkCode=osi&th=1&psc=1"><img src="https://m.media-amazon.com/images/I/51Z0iPJV4uL._SL500_.jpg" alt="Product Image"></a><p>NEIKO 53880A Forestry Helmet for Safety with Shield and Earmuffs, Chainsaw Helmet with Face Shield, Hard Hat Safety Gear Equipment, Protective Face Shield and Mesh Shield for Face Protection</p><p> -18% 0FF </p><p>$27.16</p><a href="https://www.amazon.com/dp/B08GBRY816?tag=eloabder-20&linkCode=osi&th=1&psc=1">View Product</a></div><div class="product"><a href="https://www.amazon.com/dp/B0BLF15Y9Q?tag=eloabder-20&linkCode=osi&th=1&psc=1"><img src="https://m.media-amazon.com/images/I/51+GJrSaWPL._SL500_.jpg" alt="Product Image"></a><p>Tanden Skating Protective Gear Adult Knee and Elbow Pads Wrist Guards for Roller Skating Skateboarding, Skate Pads Adult Knee Pads for Men Women Black</p><p> -6% 0FF </p><p>$26.99</p><a href="https://www.amazon.com/dp/B0BLF15Y9Q?tag=eloabder-20&linkCode=osi&th=1&psc=1">View Product</a></div>
<div class="product"><a href="https://www.amazon.com/dp/B0C9SBFGZR?tag=eloabder-20&linkCode=osi&th=1&psc=1"><img src="https://m.media-amazon.com/images/I/51yTPVBbEUL._SL500_.jpg" alt="Product Image"></a><p>Supmedic Nitrile Exam Glove, 3.5 mil Disposable Medical Gloves Powder-Free Latex-Free, Box of 100 pcs (Blue) (Medium)</p><p> -16% 0FF </p><p>$8.42</p><a href="https://www.amazon.com/dp/B0C9SBFGZR?tag=eloabder-20&linkCode=osi&th=1&psc=1">View Product</a></div><div class="product"><a href="https://www.amazon.com/dp/B07KYWVCP6?tag=eloabder-20&linkCode=osi&th=1&psc=1"><img src="https://m.media-amazon.com/images/I/41q59vUJw6L._SL500_.jpg" alt="Product Image"></a><p>MED PRIDE Medical Vinyl Examination Gloves (Large, 100-Count) Latex & Rubber Free, Ultra-Strong, Clear Disposable Powder-Free Gloves for Healthcare & Food Handling Use</p><p> -11% 0FF </p><p>$7.99 ($0.08 / Count)</p><a href="https://www.amazon.com/dp/B07KYWVCP6?tag=eloabder-20&linkCode=osi&th=1&psc=1">View Product</a></div><div class="product"><a href="https://www.amazon.com/dp/B09KTQMMCM?tag=eloabder-20&linkCode=osi&th=1&psc=1"><img src="https://m.media-amazon.com/images/I/41mQ4yEa-wL._SL500_.jpg" alt="Product Image"></a><p>Schneider Black Vinyl Exam Gloves, 4mil, Disposable Latex-Free, Plastic Gloves for Medical, Cooking, Cleaning, and Food Prep, Sizes Medium</p><p> -20% 0FF </p><p>$7.99</p><a href="https://www.amazon.com/dp/B09KTQMMCM?tag=eloabder-20&linkCode=osi&th=1&psc=1">View Product</a></div><div class="product"><a href="https://www.amazon.com/dp/B09KRT18KC?tag=eloabder-20&linkCode=osi&th=1&psc=1"><img src="https://m.media-amazon.com/images/I/415qb2LeE6L._SL500_.jpg" alt="Product Image"></a><p>Schneider Clear Vinyl Exam Gloves, 4-mil, Medium 100-ct Box, Latex-Free, Rubber Disposable Gloves For Medical, Cleaning , Food Prep, Food Safe, Powder-Free, Non-Sterile</p><p> -20% 0FF </p><p>$7.97 ($0.08 / Count)</p><a href="https://www.amazon.com/dp/B09KRT18KC?tag=eloabder-20&linkCode=osi&th=1&psc=1">View Product</a></div><div class="product"><a href="https://www.amazon.com/dp/B08WJQR2CR?tag=eloabder-20&linkCode=osi&th=1&psc=1"><img src="https://m.media-amazon.com/images/I/414Y7CgkL2L._SL500_.jpg" alt="Product Image"></a><p>FifthPulse Black Vinyl Disposable Gloves Large 50 Pack - Latex Free, Powder Free Medical Exam Gloves - Surgical, Home, Cleaning, and Food Gloves - 3 Mil Thickness</p><p> -60% 0FF </p><p>$5.59</p><a href="https://www.amazon.com/dp/B08WJQR2CR?tag=eloabder-20&linkCode=osi&th=1&psc=1">View Product</a></div><div class="product"><a href="https://www.amazon.com/dp/B0C9MZRBR7?tag=eloabder-20&linkCode=osi&th=1&psc=1"><img src="https://m.media-amazon.com/images/I/41STIBt58JL._SL500_.jpg" alt="Product Image"></a><p>Caring Nitrile Exam Gloves (100ct), Powder Free and Not Made with Natural Rubber Latex, Gloves for Medical Use, Cleaning, Food Prep and More, Large</p><p> -13% 0FF </p><p>$6.99</p><a href="https://www.amazon.com/dp/B0C9MZRBR7?tag=eloabder-20&linkCode=osi&th=1&psc=1">View Product</a></div><div class="product"><a href="https://www.amazon.com/dp/B087LXWY99?tag=eloabder-20&linkCode=osi&th=1&psc=1"><img src="https://m.media-amazon.com/images/I/51ILZr2xj3L._SL500_.jpg" alt="Product Image"></a><p>Basic Medical Blue Nitrile Exam Gloves - Latex-Free & Powder-Free - NGPF-7002 (Case of 1,000), Medium</p><p> -16% 0FF </p><p>$32.82 ($0.03 / Count)</p><a href="https://www.amazon.com/dp/B087LXWY99?tag=eloabder-20&linkCode=osi&th=1&psc=1">View Product</a></div>
<div class="product"><a href="https://www.amazon.com/dp/B09P4DBZHY?tag=eloabder-20&linkCode=osi&th=1&psc=1"><img src="https://m.media-amazon.com/images/I/31YZa5T8JCL._SL500_.jpg" alt="Product Image"></a><p>3M Hard Hat SecureFit H-701SFR-UV, White, Non-Vented Cap Style Safety Helmet with Uvicator Sensor, 4-Point Pressure Diffusion Ratchet Suspension, ANSI Z87.1</p><p> -12% 0FF </p><p>$16.25</p><a href="https://www.amazon.com/dp/B09P4DBZHY?tag=eloabder-20&linkCode=osi&th=1&psc=1">View Product</a></div><div class="product"><a href="https://www.amazon.com/dp/B09VBV3T78?tag=eloabder-20&linkCode=osi&th=1&psc=1"><img src="https://m.media-amazon.com/images/I/31BEt7CIKkL._SL500_.jpg" alt="Product Image"></a><p>UNINOVA Vented Hard Hat with Visor OSHA Construction Safety Helmet 6 pt. Ratchet Suspension Cascos De Construccion ANSI Z89.1 Type I Class C Hardhats(S1 White Smoked)</p><p> -46% 0FF </p><p>$29.99</p><a href="https://www.amazon.com/dp/B09VBV3T78?tag=eloabder-20&linkCode=osi&th=1&psc=1">View Product</a></div>
<div class="product"><a href="https://www.amazon.com/dp/B08C7HDF1F?tag=eloabder-20&linkCode=osi&th=1&psc=1"><img src="https://m.media-amazon.com/images/I/51v5EoPjf3L._SL500_.jpg" alt="Product Image"></a><p>NNPCBT 100PCS 3 Ply Black Disposable Face Mask Filter Protection Face Masks</p><p> -33% 0FF </p><p>$9.98 ($0.10 / Count)</p><a href="https://www.amazon.com/dp/B08C7HDF1F?tag=eloabder-20&linkCode=osi&th=1&psc=1">View Product</a></div><div class="product"><a href="https://www.amazon.com/dp/B09GNXYWDQ?tag=eloabder-20&linkCode=osi&th=1&psc=1"><img src="https://m.media-amazon.com/images/I/41VrygLbB9L._SL500_.jpg" alt="Product Image"></a><p>Gleeporte [Pack Of 100] Black Disposable Face Mask, 3-Ply Adult Masks, Facial Cover with Elastic Earloops For Home, Office, School, and Outdoors</p><p> -22% 0FF </p><p>$6.99 ($0.07 / Count)</p><a href="https://www.amazon.com/dp/B09GNXYWDQ?tag=eloabder-20&linkCode=osi&th=1&psc=1">View Product</a></div><div class="product"><a href="https://www.amazon.com/dp/B08Y8NVW6Y?tag=eloabder-20&linkCode=osi&th=1&psc=1"><img src="https://m.media-amazon.com/images/I/51-zA01VM0L._SL500_.jpg" alt="Product Image"></a><p>LEMENT 50pcs KN95 Face Mask Black 5 Layer Cup Dust Safety Masks Filter Efficiency‚â•95% Breathable Elastic Ear Loops Black Masks</p><p> -33% 0FF </p><p>$19.99 ($0.40 / Count)</p><a href="https://www.amazon.com/dp/B08Y8NVW6Y?tag=eloabder-20&linkCode=osi&th=1&psc=1">View Product</a></div><div class="product"><a href="https://www.amazon.com/dp/B089TX3BPY?tag=eloabder-20&linkCode=osi&th=1&psc=1"><img src="https://m.media-amazon.com/images/I/41qr1sidczL._SL500_.jpg" alt="Product Image"></a><p>Hygenix 3ply Disposable Face Masks PFE 99% Filter Quality Tested by a US lab (Pack of 50 Pcs)</p><p> -13% 0FF </p><p>$12.99 ($0.26 / Count)</p><a href="https://www.amazon.com/dp/B089TX3BPY?tag=eloabder-20&linkCode=osi&th=1&psc=1">View Product</a></div><div class="product"><a href="https://www.amazon.com/dp/B09GLY1S79?tag=eloabder-20&linkCode=osi&th=1&psc=1"><img src="https://m.media-amazon.com/images/I/511vKreiG-L._SL500_.jpg" alt="Product Image"></a><p>Funight KN95 Face Masks 50 Pack 5-Ply Breathable Filter Disposable Face Masks Black</p><p> -50% 0FF </p><p>$19.99 ($0.40 / Count)</p><a href="https://www.amazon.com/dp/B09GLY1S79?tag=eloabder-20&linkCode=osi&th=1&psc=1">View Product</a></div>
<div class="product"><a href="https://www.amazon.com/dp/B07MNZ7C1M?tag=eloabder-20&linkCode=osi&th=1&psc=1"><img src="https://m.media-amazon.com/images/I/41qn5bUxuzL._SL500_.jpg" alt="Product Image"></a><p>ProCase Noise Reduction Ear Muffs, SNR 34dB Noise Cancelling Headphones for Adults Kids Autism, Adjustable Sound Proof Ear Protection for Shooting Mowing Construction -Red</p><p> -21% 0FF </p><p>$14.99</p><a href="https://www.amazon.com/dp/B07MNZ7C1M?tag=eloabder-20&linkCode=osi&th=1&psc=1">View Product</a></div><div class="product"><a href="https://www.amazon.com/dp/B0C5SMT3TX?tag=eloabder-20&linkCode=osi&th=1&psc=1"><img src="https://m.media-amazon.com/images/I/31TGEeMQNBL._SL500_.jpg" alt="Product Image"></a><p>ZOHAN 012 Hearing Protection Earmuffs for Noise Reduction - NRR 28dB Adjustable Safety Ear Muffs for Mowing, Autism, Sporting Events, Outdoor Work, Construction - Purple</p><p> -50% 0FF </p><p>$7.99</p><a href="https://www.amazon.com/dp/B0C5SMT3TX?tag=eloabder-20&linkCode=osi&th=1&psc=1">View Product</a></div><div class="product"><a href="https://www.amazon.com/dp/B01MXYJ2QP?tag=eloabder-20&linkCode=osi&th=1&psc=1"><img src="https://m.media-amazon.com/images/I/412QOjQpaKL._SL500_.jpg" alt="Product Image"></a><p>3M Pro-Grade Earmuff, Noise Reduction Rating (NRR) 30 dB, Lightweight & Adjustable Ear Muffs, Reduce Pressure Points For All-Day Comfort, Steel Wire Headband With Rubber Overmold Design (90565-4DC-PS)</p><p> -19% 0FF </p><p>$27.49</p><a href="https://www.amazon.com/dp/B01MXYJ2QP?tag=eloabder-20&linkCode=osi&th=1&psc=1">View Product</a></div><div class="product"><a href="https://www.amazon.com/dp/B01N7LMH5K?tag=eloabder-20&linkCode=osi&th=1&psc=1"><img src="https://m.media-amazon.com/images/I/516EUUjXKUL._SL500_.jpg" alt="Product Image"></a><p>10 Pair Corded Reusable Ear Plugs for Shooting Range Ear Protection for Gun Range - Hunting Ear Plugs for Construction Firearm Ear Protection Shooting Gun Hearing Protection Ear Plugs Corded</p><p> -13% 0FF </p><p>$6.95 ($0.70 / Count)</p><a href="https://www.amazon.com/dp/B01N7LMH5K?tag=eloabder-20&linkCode=osi&th=1&psc=1">View Product</a></div>
<div class="product"><a href="https://www.amazon.com/dp/B09G8FJNRT?tag=eloabder-20&linkCode=osi&th=1&psc=1"><img src="https://m.media-amazon.com/images/I/414WbTnlb1L._SL500_.jpg" alt="Product Image"></a><p>Aqulius 2 Pack Stylish Safety Glasses Goggles Anti Fog, Scratch Resistant, Safety Glasses for Women, Blue Light, Glasses for Nurses</p><p> -18% 0FF </p><p>$13.99</p><a href="https://www.amazon.com/dp/B09G8FJNRT?tag=eloabder-20&linkCode=osi&th=1&psc=1">View Product</a></div><div class="product"><a href="https://www.amazon.com/dp/B0833VW43J?tag=eloabder-20&linkCode=osi&th=1&psc=1"><img src="https://m.media-amazon.com/images/I/41iY6mE3j6L._SL500_.jpg" alt="Product Image"></a><p>amoolo Clear Safety Glasses Bulk of 24, Protective Eyewear for Men Women, ANSI Z87.1 Impact Resistant Eye Protection for Work, Lab, Construction</p><p> -18% 0FF </p><p>$24.69 ($1.03 / Count)</p><a href="https://www.amazon.com/dp/B0833VW43J?tag=eloabder-20&linkCode=osi&th=1&psc=1">View Product</a></div><div class="product"><a href="https://www.amazon.com/dp/B07YLVH342?tag=eloabder-20&linkCode=osi&th=1&psc=1"><img src="https://m.media-amazon.com/images/I/41bR3jQbKXL._SL500_.jpg" alt="Product Image"></a><p>SolidWork Safety Glasses Clear Lens with Side Shields, Anti Fog, Anti Scratch, Anti-Glare, Protective Eyewear for Men & Women</p><p> -11% 0FF </p><p>$9.99</p><a href="https://www.amazon.com/dp/B07YLVH342?tag=eloabder-20&linkCode=osi&th=1&psc=1">View Product</a></div>

<div class="product"><a href="https://www.amazon.com/dp/B078JGY2MJ?tag=eloabder-20&linkCode=osi&th=1&psc=1"><img src="https://m.media-amazon.com/images/I/41V4pUwXteL._SL500_.jpg" alt="Product Image"></a><p>Cherokee Scrubs for Men Workwear Professionals V-Neck Four-Pocket Scrub Top WW695, L, Navy</p><p> -23% 0FF </p><p>$24.99</p><a href="https://www.amazon.com/dp/B078JGY2MJ?tag=eloabder-20&linkCode=osi&th=1&psc=1">View Product</a></div><div class="product"><a href="https://www.amazon.com/dp/B0721NWRKT?tag=eloabder-20&linkCode=osi&th=1&psc=1"><img src="https://m.media-amazon.com/images/I/41Qw3a-DoWL._SL500_.jpg" alt="Product Image"></a><p>Cherokee Women's V-Neck Top, Navy, X-Large</p><p> -15% 0FF </p><p>$23.99</p><a href="https://www.amazon.com/dp/B0721NWRKT?tag=eloabder-20&linkCode=osi&th=1&psc=1">View Product</a></div><div class="product"><a href="https://www.amazon.com/dp/B012H3JOOK?tag=eloabder-20&linkCode=osi&th=1&psc=1"><img src="https://m.media-amazon.com/images/I/41GrV-dIDYL._SL500_.jpg" alt="Product Image"></a><p>Workwear Women Underscrubs Long Sleeve Knit Tee 4881, L, Caribbean Blue</p><p> -19% 0FF </p><p>$10.47</p><a href="https://www.amazon.com/dp/B012H3JOOK?tag=eloabder-20&linkCode=osi&th=1&psc=1">View Product</a></div>
<div class="product"><a href="https://www.amazon.com/dp/B010QWNDX2?tag=eloabder-20&linkCode=osi&th=1&psc=1"><img src="https://m.media-amazon.com/images/I/31V3r0a9C1L._SL500_.jpg" alt="Product Image"></a><p>Just Love Women's Scrub Sets Six Pocket Medical Scrubs (V-Neck With Cargo Pant), Navy, Medium</p><p> -16% 0FF </p><p>$19.99</p><a href="https://www.amazon.com/dp/B010QWNDX2?tag=eloabder-20&linkCode=osi&th=1&psc=1">View Product</a></div><div class="product"><a href="https://www.amazon.com/dp/B0985Y2RB4?tag=eloabder-20&linkCode=osi&th=1&psc=1"><img src="https://m.media-amazon.com/images/I/3176BjqvasS._SL500_.jpg" alt="Product Image"></a><p>Natural Uniforms Women's Cool Stretch V-Neck Top and Cargo Pant Set (True Navy Blue, Large)</p><p> -17% 0FF </p><p>$24.99</p><a href="https://www.amazon.com/dp/B0985Y2RB4?tag=eloabder-20&linkCode=osi&th=1&psc=1">View Product</a></div><div class="product"><a href="https://www.amazon.com/dp/B0CBNDXYJT?tag=eloabder-20&linkCode=osi&th=1&psc=1"><img src="https://m.media-amazon.com/images/I/31DhOD5-BwL._SL500_.jpg" alt="Product Image"></a><p>MONARCH UNIFORMS Stretchy Scrubs Women's Jogger Scrub Set In Regular and Petite Jogger Scrubs with Tuck-In Top for Women(Navy-L)</p><p> -6% 0FF </p><p>$46.95</p><a href="https://www.amazon.com/dp/B0CBNDXYJT?tag=eloabder-20&linkCode=osi&th=1&psc=1">View Product</a></div><div class="product"><a href="https://www.amazon.com/dp/B0D1TL84LR?tag=eloabder-20&linkCode=osi&th=1&psc=1"><img src="https://m.media-amazon.com/images/I/51iGPF-PnRL._SL500_.jpg" alt="Product Image"></a><p>Electric Warming Trays for Food and Hot Plates, Large and Uniform Surface Heating, Foldable, Durable, 3 Temperature Levels, Can Be On for 12 Hours, Silicone Food Warmer for Gatherings (Beige)</p><p> -8% 0FF </p><p>$36.99</p><a href="https://www.amazon.com/dp/B0D1TL84LR?tag=eloabder-20&linkCode=osi&th=1&psc=1">View Product</a></div><div class="product"><a href="https://www.amazon.com/dp/B09MM2LG84?tag=eloabder-20&linkCode=osi&th=1&psc=1"><img src="https://m.media-amazon.com/images/I/31B25JsiYTL._SL500_.jpg" alt="Product Image"></a><p>Scrubs Set for Women Joggers V-Neck Pocket Top Uniforms (Pink, L)</p><p> -10% 0FF </p><p>$25.99</p><a href="https://www.amazon.com/dp/B09MM2LG84?tag=eloabder-20&linkCode=osi&th=1&psc=1">View Product</a></div>
<div class="product"><a href="https://www.amazon.com/dp/B07K8M42Q5?tag=eloabder-20&linkCode=osi&th=1&psc=1"><img src="https://m.media-amazon.com/images/I/41UMPYXm6lS._SL500_.jpg" alt="Product Image"></a><p>Insulated Thermal Bib Overalls, High Visibility, Weather-Resistant, Large, Ergodyne GloWear 8928,Lime</p><p> -33% 0FF </p><p>$74.69</p><a href="https://www.amazon.com/dp/B07K8M42Q5?tag=eloabder-20&linkCode=osi&th=1&psc=1">View Product</a></div><div class="product"><a href="https://www.amazon.com/dp/B07SB2Z38J?tag=eloabder-20&linkCode=osi&th=1&psc=1"><img src="https://m.media-amazon.com/images/I/31gv4F1tgnL._SL500_.jpg" alt="Product Image"></a><p>Pioneer Hi Vis Ripstop Waterproof Bib Pants/Overalls for Men - Reflective Safety Work Rain Pants - High Visibility Yellow</p><p> -11% 0FF </p><p>$51.72</p><a href="https://www.amazon.com/dp/B07SB2Z38J?tag=eloabder-20&linkCode=osi&th=1&psc=1">View Product</a></div>
<div class="product"><a href="https://www.amazon.com/dp/B000BQRGFU?tag=eloabder-20&linkCode=osi&th=1&psc=1"><img src="https://m.media-amazon.com/images/I/51gnFiaxIAS._SL500_.jpg" alt="Product Image"></a><p>Trimaco SuperTuff Polypropylene Coverall, Medium</p><p> -51% 0FF </p><p>$4.90</p><a href="https://www.amazon.com/dp/B000BQRGFU?tag=eloabder-20&linkCode=osi&th=1&psc=1">View Product</a></div><div class="product"><a href="https://www.amazon.com/dp/B01JOWAOEG?tag=eloabder-20&linkCode=osi&th=1&psc=1"><img src="https://m.media-amazon.com/images/I/31jcH7zLurL._SL500_.jpg" alt="Product Image"></a><p>DuPont unisex-adult TY122S-XL-EACH Disposable Elastic Wrist, Bootie and Hood Tyvek Coverall Suit 1414, X-Large, White</p><p> -16% 0FF </p><p>$9.77</p><a href="https://www.amazon.com/dp/B01JOWAOEG?tag=eloabder-20&linkCode=osi&th=1&psc=1">View Product</a></div>
<div class="product"><a href="https://www.amazon.com/dp/B07D8G82G8?tag=eloabder-20&linkCode=osi&th=1&psc=1"><img src="https://m.media-amazon.com/images/I/317xFAdHZWL._SL500_.jpg" alt="Product Image"></a><p>VOGRYE Professional Lab Coat for Men Women Long Sleeve, White, Unisex</p><p> -12% 0FF </p><p>$14.99</p><a href="https://www.amazon.com/dp/B07D8G82G8?tag=eloabder-20&linkCode=osi&th=1&psc=1">View Product</a></div><div class="product"><a href="https://www.amazon.com/dp/B07HBL83B4?tag=eloabder-20&linkCode=osi&th=1&psc=1"><img src="https://m.media-amazon.com/images/I/31TG2roZU-L._SL500_.jpg" alt="Product Image"></a><p>VOGRYE Professional Lab Coat for Women Men Long Sleeve, White, Unisex (Small, White)</p><p> -32% 0FF </p><p>$16.99</p><a href="https://www.amazon.com/dp/B07HBL83B4?tag=eloabder-20&linkCode=osi&th=1&psc=1">View Product</a></div><div class="product"><a href="https://www.amazon.com/dp/B08VDZ6KCT?tag=eloabder-20&linkCode=osi&th=1&psc=1"><img src="https://m.media-amazon.com/images/I/31ERfg1k-nL._SL500_.jpg" alt="Product Image"></a><p>NY Threads Professional Lab Coat for Men Long Sleeve Poly Cotton Medical Coat 1 Pack, Medium, White</p><p> -11% 0FF </p><p>$16.99</p><a href="https://www.amazon.com/dp/B08VDZ6KCT?tag=eloabder-20&linkCode=osi&th=1&psc=1">View Product</a></div><div class="product"><a href="https://www.amazon.com/dp/B097NS2MHG?tag=eloabder-20&linkCode=osi&th=1&psc=1"><img src="https://m.media-amazon.com/images/I/31jtnrdiCcL._SL500_.jpg" alt="Product Image"></a><p>NY Threads Professional Lab Coat for Women, Long Sleeve Poly Cotton Medical Coat 1 Pack, Medium, White</p><p> -10% 0FF </p><p>$17.99</p><a href="https://www.amazon.com/dp/B097NS2MHG?tag=eloabder-20&linkCode=osi&th=1&psc=1">View Product</a></div>
<div class="product"><a href="https://www.amazon.com/dp/B08LSQFJCL?tag=eloabder-20&linkCode=osi&th=1&psc=1"><img src="https://m.media-amazon.com/images/I/410PoD7Tw+L._SL500_.jpg" alt="Product Image"></a><p>Walking Boot Fracture Boot for Broken Foot, Sprained Ankle-Medium</p><p> -25% 0FF </p><p>$39.85</p><a href="https://www.amazon.com/dp/B08LSQFJCL?tag=eloabder-20&linkCode=osi&th=1&psc=1">View Product</a></div><div class="product"><a href="https://www.amazon.com/dp/B09YPT42D5?tag=eloabder-20&linkCode=osi&th=1&psc=1"><img src="https://m.media-amazon.com/images/I/418-GYTrMOL._SL500_.jpg" alt="Product Image"></a><p>Jewlri Air Walking Boot Fracture Boot Short Walker Protective Boot Fits Left or Right Foot Ankle for Injuries Fractures Sprains Black M</p><p> -13% 0FF </p><p>$39.15</p><a href="https://www.amazon.com/dp/B09YPT42D5?tag=eloabder-20&linkCode=osi&th=1&psc=1">View Product</a></div><div class="product"><a href="https://www.amazon.com/dp/B019T9EHME?tag=eloabder-20&linkCode=osi&th=1&psc=1"><img src="https://m.media-amazon.com/images/I/41vMjfPsvUL._SL500_.jpg" alt="Product Image"></a><p>WOLVERINE Men's Floorhand Waterproof Steeltoe 6" Work Boot, Dark Brown, 9M</p><p> -23% 0FF </p><p>$92.90</p><a href="https://www.amazon.com/dp/B019T9EHME?tag=eloabder-20&linkCode=osi&th=1&psc=1">View Product</a></div>
<div class="product"><a href="https://www.amazon.com/dp/B073WH3WDR?tag=eloabder-20&linkCode=osi&th=1&psc=1"><img src="https://m.media-amazon.com/images/I/31s4J9BNC5L._SL500_.jpg" alt="Product Image"></a><p>Skechers Women's Squad SR Shoe, Black, 8.5</p><p> -63% 0FF </p><p>$25.00</p><a href="https://www.amazon.com/dp/B073WH3WDR?tag=eloabder-20&linkCode=osi&th=1&psc=1">View Product</a></div><div class="product"><a href="https://www.amazon.com/dp/B0C73MZF8M?tag=eloabder-20&linkCode=osi&th=1&psc=1"><img src="https://m.media-amazon.com/images/I/41yuAR+ADmL._SL500_.jpg" alt="Product Image"></a><p>LARNMERN Men Shoes Non Slip Work Sneakers Plantar Fasciitis Food Service Zapatos Trabajo Antideslizantes Orthopedic Walking Shoes Water Resistant Slip-on, Black 10.5</p><p> -15% 0FF </p><p>$42.42</p><a href="https://www.amazon.com/dp/B0C73MZF8M?tag=eloabder-20&linkCode=osi&th=1&psc=1">View Product</a></div><div class="product"><a href="https://www.amazon.com/dp/B0CJ8ZXF49?tag=eloabder-20&linkCode=osi&th=1&psc=1"><img src="https://m.media-amazon.com/images/I/41FQGDRzYhL._SL500_.jpg" alt="Product Image"></a><p>Bruno Marc Men's Non Slip Shoes, Lightweight Mens Work Shoes & Restaurant or Food Service Sneakers,Size 12,Black,SBWO2302M</p><p> -18% 0FF </p><p>$40.99</p><a href="https://www.amazon.com/dp/B0CJ8ZXF49?tag=eloabder-20&linkCode=osi&th=1&psc=1">View Product</a></div><div class="product"><a href="https://www.amazon.com/dp/B08XK8NZ82?tag=eloabder-20&linkCode=osi&th=1&psc=1"><img src="https://m.media-amazon.com/images/I/41VlYm6BhQL._SL500_.jpg" alt="Product Image"></a><p>Shoes for Crews Everlight Mens Non Slip Work Shoes - Men's Work & Safety Footwear, Lace-Up Breathable Work Shoes for Men, Zapato de Trabajo para Hombre, Size 10 Black</p><p> -14% 0FF </p><p>$59.98</p><a href="https://www.amazon.com/dp/B08XK8NZ82?tag=eloabder-20&linkCode=osi&th=1&psc=1">View Product</a></div><div class="product"><a href="https://www.amazon.com/dp/B01N2ZIDHO?tag=eloabder-20&linkCode=osi&th=1&psc=1"><img src="https://m.media-amazon.com/images/I/41TB3tRdI3L._SL500_.jpg" alt="Product Image"></a><p>Skechers Men's Flex Advantage Bendon Work Shoe, Black, 9.5 Wide</p><p> -25% 0FF </p><p>$63.73</p><a href="https://www.amazon.com/dp/B01N2ZIDHO?tag=eloabder-20&linkCode=osi&th=1&psc=1">View Product</a></div><div class="product"><a href="https://www.amazon.com/dp/B0D95RCCV4?tag=eloabder-20&linkCode=osi&th=1&psc=1"><img src="https://m.media-amazon.com/images/I/414THsyORKL._SL500_.jpg" alt="Product Image"></a><p>Bruno Marc Men's Hands Free Non Slip Work Shoes, Water Resistance Restaurant Slip on Food Service Sneakers,Size 11,Black,SNIC2410M</p><p> -15% 0FF </p><p>$33.14</p><a href="https://www.amazon.com/dp/B0D95RCCV4?tag=eloabder-20&linkCode=osi&th=1&psc=1">View Product</a></div><div class="product"><a href="https://www.amazon.com/dp/B08XLPHX2K?tag=eloabder-20&linkCode=osi&th=1&psc=1"><img src="https://m.media-amazon.com/images/I/41hIoqZEa+L._SL500_.jpg" alt="Product Image"></a><p>Shoes for Crews Everlight, Women's Slip Resistant Work Shoes, Water Resistant, Black, Size 9</p><p> -14% 0FF </p><p>$59.98</p><a href="https://www.amazon.com/dp/B08XLPHX2K?tag=eloabder-20&linkCode=osi&th=1&psc=1">View Product</a></div>

<div class="product"><a href="https://www.amazon.com/dp/B0CP3Q6CCG?tag=eloabder-20&linkCode=osi&th=1&psc=1"><img src="https://m.media-amazon.com/images/I/41sFYNo44HL._SL500_.jpg" alt="Product Image"></a><p>SAFETOE Welding Boots for Men Composite Toe Safety Boots Fire Resistant Welding Boot 300‚ÑÉHeat Resistant Welder Working Boots</p><p> -20% 0FF </p><p>$71.99</p><a href="https://www.amazon.com/dp/B0CP3Q6CCG?tag=eloabder-20&linkCode=osi&th=1&psc=1">View Product</a></div><div class="product"><a href="https://www.amazon.com/dp/B08L6HJJ7C?tag=eloabder-20&linkCode=osi&th=1&psc=1"><img src="https://m.media-amazon.com/images/I/41RzvjdVq0S._SL500_.jpg" alt="Product Image"></a><p>TOSAFZXY Work Safety Boots for Men Durable Crazy-Horse Leather Indestructible Steel Toe Waterproof and Non-Slip Better Warmth Men Work Shoes Black 13</p><p> -21% 0FF </p><p>$76.99</p><a href="https://www.amazon.com/dp/B08L6HJJ7C?tag=eloabder-20&linkCode=osi&th=1&psc=1">View Product</a></div><div class="product"><a href="https://www.amazon.com/dp/B01E7T2S7M?tag=eloabder-20&linkCode=osi&th=1&psc=1"><img src="https://m.media-amazon.com/images/I/41h2ZazEbDL._SL500_.jpg" alt="Product Image"></a><p>Timberland PRO Men's Powertrain Sport Alloy Safety Toe Industrial Athletic Work Shoe AL, Black/Grey, 11</p><p> -15% 0FF </p><p>$93.45</p><a href="https://www.amazon.com/dp/B01E7T2S7M?tag=eloabder-20&linkCode=osi&th=1&psc=1">View Product</a></div>

<div class="product"><a href="https://www.amazon.com/dp/B08G5DNWPH?tag=eloabder-20&linkCode=osi&th=1&psc=1"><img src="https://m.media-amazon.com/images/I/51z+-4Ne7OS._SL500_.jpg" alt="Product Image"></a><p>Palmer Safety Safety Harness w/Detachable 6 ft Lanyard I Single Leg Lanyard w/Internal Shock Absorbing & Snap Hook I OSHA/ANSI Fall Arrest Kit</p><p> -19% 0FF </p><p>$41.80</p><a href="https://www.amazon.com/dp/B08G5DNWPH?tag=eloabder-20&linkCode=osi&th=1&psc=1">View Product</a></div>
<div class="product"><a href="https://www.amazon.com/dp/B07MPC2DL1?tag=eloabder-20&linkCode=osi&th=1&psc=1"><img src="https://m.media-amazon.com/images/I/414lPL-+oSL._SL500_.jpg" alt="Product Image"></a><p>SHINKODA Black Glasses Strap, Sports Sunglasses & Eyeglasses Holder Straps for Men Women, String Holder, Neck Lanyard Cord, Adjustable Rope Eyewear Keeper Strap, Pack of 6</p><p> -30% 0FF </p><p>$6.99</p><a href="https://www.amazon.com/dp/B07MPC2DL1?tag=eloabder-20&linkCode=osi&th=1&psc=1">View Product</a></div>

<div class="product"><a href="https://www.amazon.com/dp/B07N42HH5R?tag=eloabder-20&linkCode=osi&th=1&psc=1"><img src="https://m.media-amazon.com/images/I/41ckLVLEd2L._SL500_.jpg" alt="Product Image"></a><p>X MONSTER HMPE Synthetic Winch Rope 3/8" x 90' Off Road for UTV/ATV Winch Line Cable Rope with Black Protecting Sleeve 18,000 lbs, Orange</p><p> -50% 0FF </p><p>$39.99 ($0.44 / Foot)</p><a href="https://www.amazon.com/dp/B07N42HH5R?tag=eloabder-20&linkCode=osi&th=1&psc=1">View Product</a></div><div class="product"><a href="https://www.amazon.com/dp/B08GC5NMY2?tag=eloabder-20&linkCode=osi&th=1&psc=1"><img src="https://m.media-amazon.com/images/I/41DLu2HOubL._SL500_.jpg" alt="Product Image"></a><p>AuInn Pack of 2 Velvet Stanchion Ropes, 4.9 Feet Stanchion Queue Barrier Rope Velvet Rope, Crowd Control Rope Barrier, with Mirror Polished Hooks (Red)</p><p> -50% 0FF </p><p>$8.24</p><a href="https://www.amazon.com/dp/B08GC5NMY2?tag=eloabder-20&linkCode=osi&th=1&psc=1">View Product</a></div><div class="product"><a href="https://www.amazon.com/dp/B004XAD2IU?tag=eloabder-20&linkCode=osi&th=1&psc=1"><img src="https://m.media-amazon.com/images/I/41OMk7JUdRL._SL500_.jpg" alt="Product Image"></a><p>SeaSense Rope Cutting Gun for Fishing, Boating & Camping ‚Äì 4‚Äô Cord, 1.5 Lbs, 120 V, 100 W & 1.5 A ‚Äì Lightweight Electric Cutter Tool for Synthetic Rope or Line</p><p> -17% 0FF </p><p>$34.49</p><a href="https://www.amazon.com/dp/B004XAD2IU?tag=eloabder-20&linkCode=osi&th=1&psc=1">View Product</a></div><div class="product"><a href="https://www.amazon.com/dp/B000KA4NZI?tag=eloabder-20&linkCode=osi&th=1&psc=1"><img src="https://m.media-amazon.com/images/I/41dG6S68MnL._SL500_.jpg" alt="Product Image"></a><p>Champion Sports DD Series Double Dutch Licorice Jump Ropes - Pink, 16-Feet (Set)</p><p> -37% 0FF </p><p>$10.10</p><a href="https://www.amazon.com/dp/B000KA4NZI?tag=eloabder-20&linkCode=osi&th=1&psc=1">View Product</a></div><div class="product"><a href="https://www.amazon.com/dp/B0BMVK163Z?tag=eloabder-20&linkCode=osi&th=1&psc=1"><img src="https://m.media-amazon.com/images/I/41lSc76CkEL._SL500_.jpg" alt="Product Image"></a><p>FVIEXE 6 Pack Red Velvet Stanchion Rope, 5 Feet Crowd Control Velvet Ropes with Gold Clasps, Foam Core Red Rope Queue Safety Sarriers Stanchion Post Rope for Party Event and Red Carpet</p><p> -6% 0FF </p><p>$32.99</p><a href="https://www.amazon.com/dp/B0BMVK163Z?tag=eloabder-20&linkCode=osi&th=1&psc=1">View Product</a></div>


<div class="product"><a href="https://www.amazon.com/dp/B06X9CYNJF?tag=eloabder-20&linkCode=osi&th=1&psc=1"><img src="https://m.media-amazon.com/images/I/51ZZNuuD3RL._SL500_.jpg" alt="Product Image"></a><p>VIVOHOME Motorcycle Lift Scissor Jack Steel Wide Deck Hoist Crank Center Stand 1100 LBS Capacity for Motorcycles, ATVs, Dirt Bikes Red</p><p> -20% 0FF </p><p>$79.99</p><a href="https://www.amazon.com/dp/B06X9CYNJF?tag=eloabder-20&linkCode=osi&th=1&psc=1">View Product</a></div><div class="product"><a href="https://www.amazon.com/dp/B0B19LHQG9?tag=eloabder-20&linkCode=osi&th=1&psc=1"><img src="https://m.media-amazon.com/images/I/41KGf+arU0L._SL500_.jpg" alt="Product Image"></a><p>EnryKuo Labor Saving Arm Jack 2 Pack,15.5 Inch Multifunctional Furniture Lifter Jacks for Installing Cabinets and Wall Tile Height Adjuster Handheld Tool</p><p> -42% 0FF </p><p>$28.99</p><a href="https://www.amazon.com/dp/B0B19LHQG9?tag=eloabder-20&linkCode=osi&th=1&psc=1">View Product</a></div><div class="product"><a href="https://www.amazon.com/dp/B002671WFC?tag=eloabder-20&linkCode=osi&th=1&psc=1"><img src="https://m.media-amazon.com/images/I/41SUknvQFBL._SL500_.jpg" alt="Product Image"></a><p>Lumex Stand Assist Patient Lift - Safely Sit, Stand, Transfer & Transport - LF1600</p><p> -11% 0FF </p><p>$648.29</p><a href="https://www.amazon.com/dp/B002671WFC?tag=eloabder-20&linkCode=osi&th=1&psc=1">View Product</a></div><div class="product"><a href="https://www.amazon.com/dp/B00022749Q?tag=eloabder-20&linkCode=osi&th=1&psc=1"><img src="https://m.media-amazon.com/images/I/41yCiXKQqmL._SL500_.jpg" alt="Product Image"></a><p>Shoulder Dolly Moving Straps - Lifting Strap for 2 Movers - Move, Lift, Carry, And Secure Furniture, Appliances, Heavy, Bulky Objects Safely, Efficiently, More Easily Like The Pros - LD1000</p><p> -11% 0FF </p><p>$39.99</p><a href="https://www.amazon.com/dp/B00022749Q?tag=eloabder-20&linkCode=osi&th=1&psc=1">View Product</a></div>
<div class="product"><a href="https://www.amazon.com/dp/B01MT1C80C?tag=eloabder-20&linkCode=osi&th=1&psc=1"><img src="https://m.media-amazon.com/images/I/41lL1b8gXCL._SL500_.jpg" alt="Product Image"></a><p>Happybuy Belt Conveyor 59 x 7.8 inch Conveyor Table Heavy Duty Stainless Steel Motorized Belt Conveyor for Inkjet Coding Applications Powered Rubber PVC Belt Anti Static (One Guardrail)</p><p> -30% 0FF </p><p>$249.99</p><a href="https://www.amazon.com/dp/B01MT1C80C?tag=eloabder-20&linkCode=osi&th=1&psc=1">View Product</a></div><div class="product"><a href="https://www.amazon.com/dp/B0C1PBQT7R?tag=eloabder-20&linkCode=osi&th=1&psc=1"><img src="https://m.media-amazon.com/images/I/41qlOkZESjL._SL500_.jpg" alt="Product Image"></a><p>Winco ECT-300 Commercial Conveyor Toaster, 300 Slices/Hour</p><p> -6% 0FF </p><p>$387.41</p><a href="https://www.amazon.com/dp/B0C1PBQT7R?tag=eloabder-20&linkCode=osi&th=1&psc=1">View Product</a></div>

<div class="product"><a href="https://www.amazon.com/dp/B018ANYYJG?tag=eloabder-20&linkCode=osi&th=1&psc=1"><img src="https://m.media-amazon.com/images/I/416JDvu6ogL._SL500_.jpg" alt="Product Image"></a><p>Global Industrial Pallet Jack Truck, 6600 Lb. Capacity, 27 x 48</p><p> -9% 0FF </p><p>$569.73</p><a href="https://www.amazon.com/dp/B018ANYYJG?tag=eloabder-20&linkCode=osi&th=1&psc=1">View Product</a></div>
<div class="product"><a href="https://www.amazon.com/dp/B0D6FZH97Y?tag=eloabder-20&linkCode=osi&th=1&psc=1"><img src="https://m.media-amazon.com/images/I/31pz8LhlttL._SL500_.jpg" alt="Product Image"></a><p>Golpart 6 Tier Adjustable Storage Shelves,Narrow Mesh Gaps Metal Utility Shelf,Wire Shelving Unit Organizer Rack for Home,Kitchen,Office,Bathroom,Pantry Room,10" D x 16" W x 60" H,Black</p><p> -28% 0FF </p><p>$42.99</p><a href="https://www.amazon.com/dp/B0D6FZH97Y?tag=eloabder-20&linkCode=osi&th=1&psc=1">View Product</a></div>

<div class="product"><a href="https://www.amazon.com/dp/B0CC5GTNPG?tag=eloabder-20&linkCode=osi&th=1&psc=1"><img src="https://m.media-amazon.com/images/I/51I6UsNZ7CL._SL500_.jpg" alt="Product Image"></a><p>VEVOR TF23 Hydraulic Lift Table Cart, 500lbs Capacity 28.5" with 4 Wheels and Non-Slip Pad, for Material Handling and Transportation, Red</p><p> -30% 0FF </p><p>$211.49</p><a href="https://www.amazon.com/dp/B0CC5GTNPG?tag=eloabder-20&linkCode=osi&th=1&psc=1">View Product</a></div><div class="product"><a href="https://www.amazon.com/dp/B0CH33RLV1?tag=eloabder-20&linkCode=osi&th=1&psc=1"><img src="https://m.media-amazon.com/images/I/51wMAvcoyJL._SL500_.jpg" alt="Product Image"></a><p>Kolvoii Labor Saving Arm Jack, 2 Pack Stainless Steel Furniture Jack Lifter, Versatile and Easy to Use Arm Jack Improved Quality Lifting Device</p><p> -31% 0FF </p><p>$45.51</p><a href="https://www.amazon.com/dp/B0CH33RLV1?tag=eloabder-20&linkCode=osi&th=1&psc=1">View Product</a></div>
<div class="product"><a href="https://www.amazon.com/dp/B07KCL992V?tag=eloabder-20&linkCode=osi&th=1&psc=1"><img src="https://m.media-amazon.com/images/I/41ebYUzCm3L._SL500_.jpg" alt="Product Image"></a><p>Really Good Stuff Rainbow Organizing Bins, Premium Plastic Book Holders With Name Labels, Vertical Storage & Organization for Classroom & Home, Color Code Files, Books, Binders, Supplies, 12 pk</p><p> -10% 0FF </p><p>$62.09</p><a href="https://www.amazon.com/dp/B07KCL992V?tag=eloabder-20&linkCode=osi&th=1&psc=1">View Product</a></div><div class="product"><a href="https://www.amazon.com/dp/B0768DC8G6?tag=eloabder-20&linkCode=osi&th=1&psc=1"><img src="https://m.media-amazon.com/images/I/51BKAcmJ9qL._SL500_.jpg" alt="Product Image"></a><p>HORUSDY Wall Mounted Storage Bins Parts Rack 30PC Organizer Garage Plastic Shop Tool for Men's Gift, Blue,Orange,Red</p><p> -40% 0FF </p><p>$29.99</p><a href="https://www.amazon.com/dp/B0768DC8G6?tag=eloabder-20&linkCode=osi&th=1&psc=1">View Product</a></div><div class="product"><a href="https://www.amazon.com/dp/B002VK7D5C?tag=eloabder-20&linkCode=osi&th=1&psc=1"><img src="https://m.media-amazon.com/images/I/31Z-XvLCdRL._SL500_.jpg" alt="Product Image"></a><p>Akro-Mils 30210 AkroBins Plastic Hanging Stackable Storage Organizer Bin, 5-Inch x 4-Inch x 3-Inch, Clear, 24-Pack</p><p> -16% 0FF </p><p>$45.97</p><a href="https://www.amazon.com/dp/B002VK7D5C?tag=eloabder-20&linkCode=osi&th=1&psc=1">View Product</a></div>
<div class="product"><a href="https://www.amazon.com/dp/B0BTHQ64ZY?tag=eloabder-20&linkCode=osi&th=1&psc=1"><img src="https://m.media-amazon.com/images/I/310KexriEhL._SL500_.jpg" alt="Product Image"></a><p>PEUKC Display Cabinet with Glass Doors, Curio Cabinets with 4 Adjustable Shelves, Locking Glass Cabinet Display Case for Home, Office, Clinic, Pantry, Assemble Required, Black</p><p> -7% 0FF </p><p>$124.98</p><a href="https://www.amazon.com/dp/B0BTHQ64ZY?tag=eloabder-20&linkCode=osi&th=1&psc=1">View Product</a></div><div class="product"><a href="https://www.amazon.com/dp/B0CRDQFRXC?tag=eloabder-20&linkCode=osi&th=1&psc=1"><img src="https://m.media-amazon.com/images/I/41kJKgAwQTL._SL500_.jpg" alt="Product Image"></a><p>YDTOP Double Tilt Out Trash Cabinet 20 Gallon, Dual Kitchen Wood Trash Can Cabinet with Hideaway Drawers, Freestanding Hidden Garbage Recycling Cabinet Pet Proof, Black</p><p> -29% 0FF </p><p>$119.99</p><a href="https://www.amazon.com/dp/B0CRDQFRXC?tag=eloabder-20&linkCode=osi&th=1&psc=1">View Product</a></div><div class="product"><a href="https://www.amazon.com/dp/B0CPPKWZT1?tag=eloabder-20&linkCode=osi&th=1&psc=1"><img src="https://m.media-amazon.com/images/I/41NLwoLkXbL._SL500_.jpg" alt="Product Image"></a><p>Insputer Pull Out Trash Can Under Cabinet with Soft-Close Slides, Heavy Duty Under Sink Trash Can Kit for Kitchen, Garbage Can Not Included, Requires Minimum Cabinets Opening 12" W X 18" D</p><p> -13% 0FF </p><p>$69.99</p><a href="https://www.amazon.com/dp/B0CPPKWZT1?tag=eloabder-20&linkCode=osi&th=1&psc=1">View Product</a></div><div class="product"><a href="https://www.amazon.com/dp/B0CVQVXN4R?tag=eloabder-20&linkCode=osi&th=1&psc=1"><img src="https://m.media-amazon.com/images/I/41zO0HSzOsL._SL500_.jpg" alt="Product Image"></a><p>HOLDN‚Äô STORAGE Pull Out Trash Can Under Cabinet - Trash Can Not Included - Dedicated Space for Disposable Trash Bags, Requires a 11‚Äù Cabinet Opening, Adjustable, Heavy Duty, Anti Rust Chrome Finish</p><p> -50% 0FF </p><p>$14.99</p><a href="https://www.amazon.com/dp/B0CVQVXN4R?tag=eloabder-20&linkCode=osi&th=1&psc=1">View Product</a></div><div class="product"><a href="https://www.amazon.com/dp/B01N74P0QB?tag=eloabder-20&linkCode=osi&th=1&psc=1"><img src="https://m.media-amazon.com/images/I/41nGX9ZrByL._SL500_.jpg" alt="Product Image"></a><p>Scotch Clear Adhesive Bumper Pads 40 PCS, Self-Stick Rubber Pads 1/2" round, Cabinet Door Rubber Bumpers, Designed to Protect Cabinets and Drawers, Sound Dampening, Transparent (SP951-NA)</p><p> -26% 0FF </p><p>$5.17 ($0.13 / Count)</p><a href="https://www.amazon.com/dp/B01N74P0QB?tag=eloabder-20&linkCode=osi&th=1&psc=1">View Product</a></div><div class="product"><a href="https://www.amazon.com/dp/B0B3WSZ3QP?tag=eloabder-20&linkCode=osi&th=1&psc=1"><img src="https://m.media-amazon.com/images/I/414o0TQt26L._SL500_.jpg" alt="Product Image"></a><p>Set of 4, 10 Inch Non-Skid Lazy Susan Organizers - Turntable Rack for Cabinet, Pantry Organization and Storage, Kitchen, Fridge, Bathroom Makeup Vanity Countertop, Under Sink Organizing, Spice Rack</p><p> -14% 0FF </p><p>$24.96 ($6.24 / Count)</p><a href="https://www.amazon.com/dp/B0B3WSZ3QP?tag=eloabder-20&linkCode=osi&th=1&psc=1">View Product</a></div>
<div class="product"><a href="https://www.amazon.com/dp/B07QSTF4YW?tag=eloabder-20&linkCode=osi&th=1&psc=1"><img src="https://m.media-amazon.com/images/I/41lmEyfx8mL._SL500_.jpg" alt="Product Image"></a><p>Fayleeko Combination Lock, 4 Digit Padlock for School Gym Sports Locker, Fence, Toolbox, Case, Hasp Cabinet Storage (2 Pack, Black)</p><p> -42% 0FF </p><p>$7.48 ($3.74 / Count)</p><a href="https://www.amazon.com/dp/B07QSTF4YW?tag=eloabder-20&linkCode=osi&th=1&psc=1">View Product</a></div><div class="product"><a href="https://www.amazon.com/dp/B0039XQUMM?tag=eloabder-20&linkCode=osi&th=1&psc=1"><img src="https://m.media-amazon.com/images/I/41I1akF19UL._SL500_.jpg" alt="Product Image"></a><p>Master Lock 1561DLTBLU Locker Lock Combination Padlock, 1 Pack, Light Blue</p><p> -11% 0FF </p><p>$11.26</p><a href="https://www.amazon.com/dp/B0039XQUMM?tag=eloabder-20&linkCode=osi&th=1&psc=1">View Product</a></div><div class="product"><a href="https://www.amazon.com/dp/B07RJ9VLTX?tag=eloabder-20&linkCode=osi&th=1&psc=1"><img src="https://m.media-amazon.com/images/I/31SBHrrChGL._SL500_.jpg" alt="Product Image"></a><p>Zarker XD35 Combination Lock, 3-Digit Padlock for School Gym Sports LockerLock, Fence, Toolbox, Case, Hasp Storage (1-Pack, Emerald)</p><p> -29% 0FF </p><p>$8.39</p><a href="https://www.amazon.com/dp/B07RJ9VLTX?tag=eloabder-20&linkCode=osi&th=1&psc=1">View Product</a></div><div class="product"><a href="https://www.amazon.com/dp/B075DFPR2W?tag=eloabder-20&linkCode=osi&th=1&psc=1"><img src="https://m.media-amazon.com/images/I/41RIUm3PW9L._SL500_.jpg" alt="Product Image"></a><p>Puroma 2 Pack Combination Lock 4 Digit Locker Lock Outdoor Waterproof Padlock for School Gym Locker, Sports Locker, Fence, Toolbox, Gate, Case, Hasp Storage (Black)</p><p> -23% 0FF </p><p>$9.99 ($5.00 / Count)</p><a href="https://www.amazon.com/dp/B075DFPR2W?tag=eloabder-20&linkCode=osi&th=1&psc=1">View Product</a></div>
<div class="product"><a href="https://www.amazon.com/dp/B0BD6B5K4Y?tag=eloabder-20&linkCode=osi&th=1&psc=1"><img src="https://m.media-amazon.com/images/I/31yLOibS4VL._SL500_.jpg" alt="Product Image"></a><p>Upgraded Foldable Push Cart Dolly | 330 lbs. Capacity Moving Platform Hand Truck | Heavy Duty Space Saving Collapsible | Swivel Push Handle Flat Bed Wagon - Blue</p><p> -42% 0FF </p><p>$46.25</p><a href="https://www.amazon.com/dp/B0BD6B5K4Y?tag=eloabder-20&linkCode=osi&th=1&psc=1">View Product</a></div><div class="product"><a href="https://www.amazon.com/dp/B00NIXNULM?tag=eloabder-20&linkCode=osi&th=1&psc=1"><img src="https://m.media-amazon.com/images/I/31BEpG+nf1L._SL500_.jpg" alt="Product Image"></a><p>dbest products Trolley Dolly Black Foldable Shopping cart for Groceries with Wheels and Removable Bag and Rolling Personal Handtruck Standard</p><p> -35% 0FF </p><p>$49.99</p><a href="https://www.amazon.com/dp/B00NIXNULM?tag=eloabder-20&linkCode=osi&th=1&psc=1">View Product</a></div><div class="product"><a href="https://www.amazon.com/dp/B09WKC9RCF?tag=eloabder-20&linkCode=osi&th=1&psc=1"><img src="https://m.media-amazon.com/images/I/41jd9gO9acL._SL500_.jpg" alt="Product Image"></a><p>Folding Hand Truck Iron Tube Pull Rod Folding Cart Foldable Trolley Dolly with Wheels Utility Lightweight Expandable Large Chassis Foldable into Backpack,Portable Luggage Cart for Airport Travel</p><p> -16% 0FF </p><p>$25.99</p><a href="https://www.amazon.com/dp/B09WKC9RCF?tag=eloabder-20&linkCode=osi&th=1&psc=1">View Product</a></div><div class="product"><a href="https://www.amazon.com/dp/B09LS718PL?tag=eloabder-20&linkCode=osi&th=1&psc=1"><img src="https://m.media-amazon.com/images/I/41L7uGB-X9L._SL500_.jpg" alt="Product Image"></a><p>GtIiFmTe Folding Hand Truck, Lightweight Hand Truck Dolly Foldable,Luggage cart with 4 Rotate Wheels, Utility Cart with Adjustable Handle,Collapsible Dolly for Moving Travel Shopping Airport Office</p><p> -8% 0FF </p><p>$34.99</p><a href="https://www.amazon.com/dp/B09LS718PL?tag=eloabder-20&linkCode=osi&th=1&psc=1">View Product</a></div><div class="product"><a href="https://www.amazon.com/dp/B097PJC4LW?tag=eloabder-20&linkCode=osi&th=1&psc=1"><img src="https://m.media-amazon.com/images/I/41blpdzW8mL._SL500_.jpg" alt="Product Image"></a><p>SOLEJAZZ Folding Hand Truck Portable Dolly for Moving, 500LB Luggage Cart Dolly with 6 Wheels & 2 Bungee Cords for Travel, Moving, Shopping Use, Black</p><p> -37% 0FF </p><p>$37.98</p><a href="https://www.amazon.com/dp/B097PJC4LW?tag=eloabder-20&linkCode=osi&th=1&psc=1">View Product</a></div><div class="product"><a href="https://www.amazon.com/dp/B091B4769L?tag=eloabder-20&linkCode=osi&th=1&psc=1"><img src="https://m.media-amazon.com/images/I/41sHihEAqdL._SL500_.jpg" alt="Product Image"></a><p>CLAX¬Æ The Original | Made in Germany | Multi use Functional Collapsible carts | Mobile Folding Trolley | Shopping cart with Storage Crate | Platform Truck (Green)</p><p> -23% 0FF </p><p>$231.19</p><a href="https://www.amazon.com/dp/B091B4769L?tag=eloabder-20&linkCode=osi&th=1&psc=1">View Product</a></div>
<div class="product"><a href="https://www.amazon.com/dp/B00H1V4EB2?tag=eloabder-20&linkCode=osi&th=1&psc=1"><img src="https://m.media-amazon.com/images/I/41uauvGKiQL._SL500_.jpg" alt="Product Image"></a><p>WEN Service Utility Cart, 500-Pound Capacity, 40 x 17-Inch</p><p> -22% 0FF </p><p>$81.39</p><a href="https://www.amazon.com/dp/B00H1V4EB2?tag=eloabder-20&linkCode=osi&th=1&psc=1">View Product</a></div><div class="product"><a href="https://www.amazon.com/dp/B07BF1LM98?tag=eloabder-20&linkCode=osi&th=1&psc=1"><img src="https://m.media-amazon.com/images/I/41paG6ShZVL._SL500_.jpg" alt="Product Image"></a><p>MaxWorks 80774 3-Shelf Utility Plastic Cart with Wheels-225 Lbs Maximum Capacity , Black</p><p> -13% 0FF </p><p>$69.99</p><a href="https://www.amazon.com/dp/B07BF1LM98?tag=eloabder-20&linkCode=osi&th=1&psc=1">View Product</a></div><div class="product"><a href="https://www.amazon.com/dp/B00FZ318KS?tag=eloabder-20&linkCode=osi&th=1&psc=1"><img src="https://m.media-amazon.com/images/I/41GsMzOPlpL._SL500_.jpg" alt="Product Image"></a><p>Rubbermaid Commercial Products 2-Shelf Utility/Service Cart, Medium, Black, Lipped Shelves, Ergonomic Handle, 500 lbs. Capacity, Suitable for for Warehouse/Garage/Cleaning/Manufacturing</p><p> -48% 0FF </p><p>$188.00</p><a href="https://www.amazon.com/dp/B00FZ318KS?tag=eloabder-20&linkCode=osi&th=1&psc=1">View Product</a></div><div class="product"><a href="https://www.amazon.com/dp/B00FJUZY8Y?tag=eloabder-20&linkCode=osi&th=1&psc=1"><img src="https://m.media-amazon.com/images/I/41KmJWNUVdL._SL500_.jpg" alt="Product Image"></a><p>LUXOR EC111-B Tub Storage Cart 3 Shelves - Black,32" x 18"</p><p> -19% 0FF </p><p>$89.96</p><a href="https://www.amazon.com/dp/B00FJUZY8Y?tag=eloabder-20&linkCode=osi&th=1&psc=1">View Product</a></div>

<div class="product"><a href="https://www.amazon.com/dp/B0000AXNO5?tag=eloabder-20&linkCode=osi&th=1&psc=1"><img src="https://m.media-amazon.com/images/I/411lu8hpsTL._SL500_.jpg" alt="Product Image"></a><p>SIMPLE GREEN ndustrial Cleaner and Degreaser, 1 US GALLON</p><p> -49% 0FF </p><p>$12.79 ($0.10 / Fl Oz)</p><a href="https://www.amazon.com/dp/B0000AXNO5?tag=eloabder-20&linkCode=osi&th=1&psc=1">View Product</a></div><div class="product"><a href="https://www.amazon.com/dp/B0B6HNYPD1?tag=eloabder-20&linkCode=osi&th=1&psc=1"><img src="https://m.media-amazon.com/images/I/51EInWKBX1L._SL500_.jpg" alt="Product Image"></a><p>String Mop for Floor Cleaning - Heavy Duty Industrial Commercial Mop with Extra Replacement Mop Head , 59inch Mop Handle, Wet Mop for Home,Garage,Office, Workshop, Warehouse Floor Cleaning</p><p> -22% 0FF </p><p>$28.98</p><a href="https://www.amazon.com/dp/B0B6HNYPD1?tag=eloabder-20&linkCode=osi&th=1&psc=1">View Product</a></div><div class="product"><a href="https://www.amazon.com/dp/B09V5FV7H8?tag=eloabder-20&linkCode=osi&th=1&psc=1"><img src="https://m.media-amazon.com/images/I/41GFVuDbcUL._SL500_.jpg" alt="Product Image"></a><p>VELCRO Brand Industrial Strength Fasteners | Extreme Outdoor Weather Conditions | Heavy Duty Strength Holds up to 15 lbs | 4 x 2 inch Strips, 3 Sets, Black (VEL-30758-USA)</p><p> -30% 0FF </p><p>$5.27</p><a href="https://www.amazon.com/dp/B09V5FV7H8?tag=eloabder-20&linkCode=osi&th=1&psc=1">View Product</a></div><div class="product"><a href="https://www.amazon.com/dp/B00006RSP1?tag=eloabder-20&linkCode=osi&th=1&psc=1"><img src="https://m.media-amazon.com/images/I/41oE--c0W-L._SL500_.jpg" alt="Product Image"></a><p>VELCRO Brand Heavy Duty Tape with Adhesive | 15 Ft x 2 In | Holds 10 lbs, Black | Industrial Strength Roll, Cut Strips to Length | Strong Hold for Indoor or Outdoor Use, 15ft x 2in</p><p> -50% 0FF </p><p>$20.24</p><a href="https://www.amazon.com/dp/B00006RSP1?tag=eloabder-20&linkCode=osi&th=1&psc=1">View Product</a></div><div class="product"><a href="https://www.amazon.com/dp/B0BDLFSZR4?tag=eloabder-20&linkCode=osi&th=1&psc=1"><img src="https://m.media-amazon.com/images/I/41tLbo5s0BL._SL500_.jpg" alt="Product Image"></a><p>KeFanta Commercial Mop Heavy Duty Industrial Mop with Long Handle,60" Looped-End String Wet Cotton Mops for Floor Cleaning,Home,Kitchen,Office,Garage and Concrete/Tile Floor</p><p> -5% 0FF </p><p>$19.97</p><a href="https://www.amazon.com/dp/B0BDLFSZR4?tag=eloabder-20&linkCode=osi&th=1&psc=1">View Product</a></div>
<div class="product"><a href="https://www.amazon.com/dp/B0CTJ4Y52T?tag=eloabder-20&linkCode=osi&th=1&psc=1"><img src="https://m.media-amazon.com/images/I/410DrBVMpwL._SL500_.jpg" alt="Product Image"></a><p>Ernst Manufacturing Wrench Pro Wrench Storage for 20 Wrenches - Hi-Viz</p><p> -5% 0FF </p><p>$16.10</p><a href="https://www.amazon.com/dp/B0CTJ4Y52T?tag=eloabder-20&linkCode=osi&th=1&psc=1">View Product</a></div><div class="product"><a href="https://www.amazon.com/dp/B011BDWS5Y?tag=eloabder-20&linkCode=osi&th=1&psc=1"><img src="https://m.media-amazon.com/images/I/31vzNsRYhkL._SL500_.jpg" alt="Product Image"></a><p>Tower Manufacturing 30434009 Auto-Reset 15 AMP Right Angle GFCI Plug, Black</p><p> -6% 0FF </p><p>$16.96</p><a href="https://www.amazon.com/dp/B011BDWS5Y?tag=eloabder-20&linkCode=osi&th=1&psc=1">View Product</a></div><div class="product"><a href="https://www.amazon.com/dp/B0CTJ78V81?tag=eloabder-20&linkCode=osi&th=1&psc=1"><img src="https://m.media-amazon.com/images/I/41NufwoDLiL._SL500_.jpg" alt="Product Image"></a><p>Ernst Manufacturing Wrench Pro - Modular Wrench Organizer for 40 Tools with Magnetic Base (Hi-Viz) - Made in the USA</p><p> -5% 0FF </p><p>$37.95</p><a href="https://www.amazon.com/dp/B0CTJ78V81?tag=eloabder-20&linkCode=osi&th=1&psc=1">View Product</a></div><div class="product"><a href="https://www.amazon.com/dp/B075XZPMHX?tag=eloabder-20&linkCode=osi&th=1&psc=1"><img src="https://m.media-amazon.com/images/I/41YihmHjGFL._SL500_.jpg" alt="Product Image"></a><p>PURELL Brand CLEAN RELEASE Technology (CRT) HEALTHY SOAP Naturally Clean Foam, Fragrance Free, 1200 mL Refill for PURELL ES6 Automatic Soap Dispenser (Pack of 2) - 6470-02-Manufactured by GOJO, Inc.</p><p> -14% 0FF </p><p>$51.86 ($1.28 / Fl Oz)</p><a href="https://www.amazon.com/dp/B075XZPMHX?tag=eloabder-20&linkCode=osi&th=1&psc=1">View Product</a></div><div class="product"><a href="https://www.amazon.com/dp/B012IMWAXW?tag=eloabder-20&linkCode=osi&th=1&psc=1"><img src="https://m.media-amazon.com/images/I/41jdAol8VML._SL500_.jpg" alt="Product Image"></a><p>Schaeffer Manufacturing Co. 0191-012S Micron Moly Racing Engine Oil 20W-50, 1-Quart Bottle</p><p> -8% 0FF </p><p>$10.48</p><a href="https://www.amazon.com/dp/B012IMWAXW?tag=eloabder-20&linkCode=osi&th=1&psc=1">View Product</a></div><div class="product"><a href="https://www.amazon.com/dp/B09F8CM69J?tag=eloabder-20&linkCode=osi&th=1&psc=1"><img src="https://m.media-amazon.com/images/I/41Ok3l4S+nL._SL500_.jpg" alt="Product Image"></a><p>Boka Fluoride Free Toothpaste- Nano Hydroxyapatite, Remineralizing, Sensitive Teeth, Whitening - Dentist Recommended for Adult, Kids Oral Care- Lemon Lavender Flavor, 4 Fl Oz 1Pk US Manufactured</p><p> -19% 0FF </p><p>$12.99 ($3.25 / Ounce)</p><a href="https://www.amazon.com/dp/B09F8CM69J?tag=eloabder-20&linkCode=osi&th=1&psc=1">View Product</a></div><div class="product"><a href="https://www.amazon.com/dp/B0060BFYHM?tag=eloabder-20&linkCode=osi&th=1&psc=1"><img src="https://m.media-amazon.com/images/I/41oFKMzBXIL._SL500_.jpg" alt="Product Image"></a><p>Ernst Manufacturing 3/8-Inch Dura-Pro Twist Lock Socket Clips, 15-Pack, Black - 8441</p><p> -25% 0FF </p><p>$7.99</p><a href="https://www.amazon.com/dp/B0060BFYHM?tag=eloabder-20&linkCode=osi&th=1&psc=1">View Product</a></div>
<div class="product"><a href="https://www.amazon.com/dp/B0094KPK70?tag=eloabder-20&linkCode=osi&th=1&psc=1"><img src="https://m.media-amazon.com/images/I/31gFDiqADHL._SL500_.jpg" alt="Product Image"></a><p>Miss Jessie's Pillow Soft Curls Unisex Lotion 8.5 oz</p><p> -11% 0FF </p><p>$21.97 ($2.58 / Fl Oz)</p><a href="https://www.amazon.com/dp/B0094KPK70?tag=eloabder-20&linkCode=osi&th=1&psc=1">View Product</a></div><div class="product"><a href="https://www.amazon.com/dp/B000052YCL?tag=eloabder-20&linkCode=osi&th=1&psc=1"><img src="https://m.media-amazon.com/images/I/41LCxmzicBL._SL500_.jpg" alt="Product Image"></a><p>biot√®ne Oral Rinse Mouthwash for Dry Mouth, Breath Freshener and Dry Mouth Treatment, Fresh Mint, 16 fl oz</p><p> -15% 0FF </p><p>$6.79 ($0.42 / Fl Oz)</p><a href="https://www.amazon.com/dp/B000052YCL?tag=eloabder-20&linkCode=osi&th=1&psc=1">View Product</a></div><div class="product"><a href="https://www.amazon.com/dp/B006ZUW070?tag=eloabder-20&linkCode=osi&th=1&psc=1"><img src="https://m.media-amazon.com/images/I/311iQ7u1zvS._SL500_.jpg" alt="Product Image"></a><p>Method Antibacterial Toilet Bowl Cleaner, Spearmint, Kills 99.9% of Household Germs, 24 Fl Oz</p><p> -58% 0FF </p><p>$4.39 ($0.18 / Fl Oz)</p><a href="https://www.amazon.com/dp/B006ZUW070?tag=eloabder-20&linkCode=osi&th=1&psc=1">View Product</a></div><div class="product"><a href="https://www.amazon.com/dp/B002KAOAZ4?tag=eloabder-20&linkCode=osi&th=1&psc=1"><img src="https://m.media-amazon.com/images/I/41MXc4FkUXL._SL500_.jpg" alt="Product Image"></a><p>biot√®ne Oral Rinse Mouthwash for Dry Mouth, Breath Freshener and Dry Mouth Treatment, Fresh Mint - 33.8 fl oz</p><p> -22% 0FF </p><p>$10.98 ($0.32 / Fl Oz)</p><a href="https://www.amazon.com/dp/B002KAOAZ4?tag=eloabder-20&linkCode=osi&th=1&psc=1">View Product</a></div><div class="product"><a href="https://www.amazon.com/dp/B002L13EK4?tag=eloabder-20&linkCode=osi&th=1&psc=1"><img src="https://m.media-amazon.com/images/I/41WL7dl9L-L._SL500_.jpg" alt="Product Image"></a><p>Core Products Soft Comfort CorPak, No Frost Hot and Cold Therapy Pack - 10" x 13", Made in The USA</p><p> -17% 0FF </p><p>$14.98 ($14.98 / Count)</p><a href="https://www.amazon.com/dp/B002L13EK4?tag=eloabder-20&linkCode=osi&th=1&psc=1">View Product</a></div>
<div class="product"><a href="https://www.amazon.com/dp/B0CRNSYY12?tag=eloabder-20&linkCode=osi&th=1&psc=1"><img src="https://m.media-amazon.com/images/I/41CCImE12+L._SL500_.jpg" alt="Product Image"></a><p>Pvilub UFO LED High Bay Light 200W 2 Pack, 5000K Dimmable High Bay LED Light Fixture with US Plug 5' Cable, 28000LM IP65 Waterproof High Bay Lights for Workshop Factory Barn Warehouse</p><p> -50% 0FF </p><p>$44.99 ($22.50 / Count)</p><a href="https://www.amazon.com/dp/B0CRNSYY12?tag=eloabder-20&linkCode=osi&th=1&psc=1">View Product</a></div><div class="product"><a href="https://www.amazon.com/dp/B0CXX9R85C?tag=eloabder-20&linkCode=osi&th=1&psc=1"><img src="https://m.media-amazon.com/images/I/415nSzRaRzL._SL500_.jpg" alt="Product Image"></a><p>Sud Factory Dissolve X2 Upgraded Paint Hard Water Spot & Stain Remover for Cars, Trucks, Boats, Motorcycle, RVs, Homes & More - 16oz</p><p> -5% 0FF </p><p>$31.32 ($1.96 / Fl Oz)</p><a href="https://www.amazon.com/dp/B0CXX9R85C?tag=eloabder-20&linkCode=osi&th=1&psc=1">View Product</a></div><div class="product"><a href="https://www.amazon.com/dp/B0CYQ6YG8V?tag=eloabder-20&linkCode=osi&th=1&psc=1"><img src="https://m.media-amazon.com/images/I/415R2W7EePL._SL500_.jpg" alt="Product Image"></a><p>4-Pack UFO LED High Bay Light 200W, High Bay LED Shop Lights 6500K 30000LM Daylight UL Listed with US Plug 5' Cable, Hanging Hook, LED UFO High Bay Lights for Warehouse Workshop Garage Factory Barn</p><p> -32% 0FF </p><p>$129.99</p><a href="https://www.amazon.com/dp/B0CYQ6YG8V?tag=eloabder-20&linkCode=osi&th=1&psc=1">View Product</a></div><div class="product"><a href="https://www.amazon.com/dp/B00T3Z6VG0?tag=eloabder-20&linkCode=osi&th=1&psc=1"><img src="https://m.media-amazon.com/images/I/41HMtL8drLL._SL500_.jpg" alt="Product Image"></a><p>Lifefactory 20-Ounce Indoor/Outdoor Protective Silicone Sleeve Beverage Glass, 4 Count (Pack of 1), Orange, Grass Green, Cobalt, Huckleberry</p><p> -20% 0FF </p><p>$39.99 ($10.00 / Count)</p><a href="https://www.amazon.com/dp/B00T3Z6VG0?tag=eloabder-20&linkCode=osi&th=1&psc=1">View Product</a></div><div class="product"><a href="https://www.amazon.com/dp/B0CYQ2W7YR?tag=eloabder-20&linkCode=osi&th=1&psc=1"><img src="https://m.media-amazon.com/images/I/41zMwlG6vaL._SL500_.jpg" alt="Product Image"></a><p>6 Packs UFO LED High Bay Light - 200W High Bay LED Shop Lights, 6500K 30000LM UFO Lights with US Plug 5ft Cable, Hanging Hook, Commercial Bay Lighting Daylight for Warehouse Factory Shop - UL Listed</p><p> -36% 0FF </p><p>$179.99 ($30.00 / Count)</p><a href="https://www.amazon.com/dp/B0CYQ2W7YR?tag=eloabder-20&linkCode=osi&th=1&psc=1">View Product</a></div><div class="product"><a href="https://www.amazon.com/dp/B08Y2J4C4C?tag=eloabder-20&linkCode=osi&th=1&psc=1"><img src="https://m.media-amazon.com/images/I/41T83Y3drrL._SL500_.jpg" alt="Product Image"></a><p>Factory Direct Partners 10368-BK 16" School Stack Chair, Stacking Student Seat with Chromed Steel Legs and Nylon Swivel Glides for in-Home Learning or Classroom - Black (6-Pack)</p><p> -21% 0FF </p><p>$240.05 ($40.01 / Count)</p><a href="https://www.amazon.com/dp/B08Y2J4C4C?tag=eloabder-20&linkCode=osi&th=1&psc=1">View Product</a></div><div class="product"><a href="https://www.amazon.com/dp/B0D6X64LWH?tag=eloabder-20&linkCode=osi&th=1&psc=1"><img src="https://m.media-amazon.com/images/I/41MQiiwVEsL._SL500_.jpg" alt="Product Image"></a><p>White Knight M12x1.25 Lug Nuts for Select Nissan and Infiniti, Factory Style Chrome Med Mag with Washer - 5306-20AM (20 Pack)</p><p> -16% 0FF </p><p>$20.88</p><a href="https://www.amazon.com/dp/B0D6X64LWH?tag=eloabder-20&linkCode=osi&th=1&psc=1">View Product</a></div>
<div class="product"><a href="https://www.amazon.com/dp/B0CKWZTJTL?tag=eloabder-20&linkCode=osi&th=1&psc=1"><img src="https://m.media-amazon.com/images/I/51x2qwWd-3L._SL500_.jpg" alt="Product Image"></a><p>VEVOR 4pcs Machinery Mover, 8T Machinery Skate Dolly, 17637lbs Machinery Moving Skate, Machinery Mover Skate w/ 360¬∞ Rotation Cap and 4 Rollers, Heavy Duty Industrial Moving Equipment, Yellow</p><p> -5% 0FF </p><p>$142.49</p><a href="https://www.amazon.com/dp/B0CKWZTJTL?tag=eloabder-20&linkCode=osi&th=1&psc=1">View Product</a></div><div class="product"><a href="https://www.amazon.com/dp/B0CB8VNTLN?tag=eloabder-20&linkCode=osi&th=1&psc=1"><img src="https://m.media-amazon.com/images/I/41PG7e4nerL._SL500_.jpg" alt="Product Image"></a><p>VEVOR Machinery Skate Dolly, 13,200 LBS/6T Industrial Machinery Mover, Heavy Duty Carbon Steel Machinery Moving Skate with 4 PU Wheels and 360¬∞ Rotation Non-Slip Cap for Warehouse, Workshop, Factory</p><p> -26% 0FF </p><p>$29.69</p><a href="https://www.amazon.com/dp/B0CB8VNTLN?tag=eloabder-20&linkCode=osi&th=1&psc=1">View Product</a></div><div class="product"><a href="https://www.amazon.com/dp/B0BG5HT6VK?tag=eloabder-20&linkCode=osi&th=1&psc=1"><img src="https://m.media-amazon.com/images/I/419hHIpihrL._SL500_.jpg" alt="Product Image"></a><p>VEVOR Machinery Skate Dolly, 6614 LBS/3T Industrial Machinery Mover with Handle, Carbon Steel Machinery Moving Skate with 3 360¬∞ Swivel PU Wheels, 360¬∞ Rotation Non-Slip Cap for Warehouse, Workshop</p><p> -9% 0FF </p><p>$99.99</p><a href="https://www.amazon.com/dp/B0BG5HT6VK?tag=eloabder-20&linkCode=osi&th=1&psc=1">View Product</a></div>
<div class="product"><a href="https://www.amazon.com/dp/B07R71PYPH?tag=eloabder-20&linkCode=osi&th=1&psc=1"><img src="https://m.media-amazon.com/images/I/51xY0A0dj6L._SL500_.jpg" alt="Product Image"></a><p>NEENCA Professional Knee Brace for Pain Relief, Medical Knee Support with Patella Pad & Side Stabilizers, Compression Knee Sleeve for Meniscus Tear, ACL, Joint Pain, Runner, Workout - FSA/HSA Eligible</p><p> -15% 0FF </p><p>$22.07</p><a href="https://www.amazon.com/dp/B07R71PYPH?tag=eloabder-20&linkCode=osi&th=1&psc=1">View Product</a></div><div class="product"><a href="https://www.amazon.com/dp/B0D8KQ4349?tag=eloabder-20&linkCode=osi&th=1&psc=1"><img src="https://m.media-amazon.com/images/I/41E0E-DrOiL._SL500_.jpg" alt="Product Image"></a><p>Rechargeable EMF Meter, 5 Level LED Portable Handheld Magnetic Field Detector for Ghost Hunting and Inspections in Home, Electromagnetic Paranormal Equipment Tester Up to 20 + MG</p><p> -17% 0FF </p><p>$14.99</p><a href="https://www.amazon.com/dp/B0D8KQ4349?tag=eloabder-20&linkCode=osi&th=1&psc=1">View Product</a></div><div class="product"><a href="https://www.amazon.com/dp/B08R6XRYVD?tag=eloabder-20&linkCode=osi&th=1&psc=1"><img src="https://m.media-amazon.com/images/I/31Oss0Gr+fL._SL500_.jpg" alt="Product Image"></a><p>99.9% Copper Dowsing Rods - 2PCS Divining Rods - for Ghost Hunting Tools, Divining Water, Treasure, Buried Items Etc</p><p> -30% 0FF </p><p>$13.99</p><a href="https://www.amazon.com/dp/B08R6XRYVD?tag=eloabder-20&linkCode=osi&th=1&psc=1">View Product</a></div>
<div class="product"><a href="https://www.amazon.com/dp/B0723914V1?tag=eloabder-20&linkCode=osi&th=1&psc=1"><img src="https://m.media-amazon.com/images/I/51A+d87r2aL._SL500_.jpg" alt="Product Image"></a><p>DEKOPRO 228 Piece Socket Wrench Auto Repair Tool Combination Package Mixed Tool Set Hand Tool Kit with Plastic Toolbox Storage Case</p><p> -20% 0FF </p><p>$79.99</p><a href="https://www.amazon.com/dp/B0723914V1?tag=eloabder-20&linkCode=osi&th=1&psc=1">View Product</a></div><div class="product"><a href="https://www.amazon.com/dp/B0105SSMRO?tag=eloabder-20&linkCode=osi&th=1&psc=1"><img src="https://m.media-amazon.com/images/I/313ovohBnZL._SL500_.jpg" alt="Product Image"></a><p>7-piece Workpro Pliers Set with Groove Joint, Long Nose, Slip Joint, Linesman, and Diagonal Pliers for DIY & Home Use</p><p> -20% 0FF </p><p>$19.99</p><a href="https://www.amazon.com/dp/B0105SSMRO?tag=eloabder-20&linkCode=osi&th=1&psc=1">View Product</a></div><div class="product"><a href="https://www.amazon.com/dp/B0BR8B8XKJ?tag=eloabder-20&linkCode=osi&th=1&psc=1"><img src="https://m.media-amazon.com/images/I/41fSDIgwWCL._SL500_.jpg" alt="Product Image"></a><p>2Pcs Heavy Duty Automatic Center Punch, 5'' Premium Steel Spring Loaded Center Hole Punch, Adjustable Spring Impact Center Marker Scriber Tool for Metel, Plastics, Wood, Glass by karmiero</p><p> -20% 0FF </p><p>$3.99</p><a href="https://www.amazon.com/dp/B0BR8B8XKJ?tag=eloabder-20&linkCode=osi&th=1&psc=1">View Product</a></div><div class="product"><a href="https://www.amazon.com/dp/B08YRLZCPJ?tag=eloabder-20&linkCode=osi&th=1&psc=1"><img src="https://m.media-amazon.com/images/I/51LIpo1iBZS._SL500_.jpg" alt="Product Image"></a><p>Egofine 46 Pieces 1/4 inch Drive Socket Ratchet Wrench Set, with Bit Socket Set Metric and Extension Bar for Auto Repairing and Household, with Storage Case</p><p> -23% 0FF </p><p>$19.87</p><a href="https://www.amazon.com/dp/B08YRLZCPJ?tag=eloabder-20&linkCode=osi&th=1&psc=1">View Product</a></div><div class="product"><a href="https://www.amazon.com/dp/B07WP4165D?tag=eloabder-20&linkCode=osi&th=1&psc=1"><img src="https://m.media-amazon.com/images/I/51TA+8eP4zL._SL500_.jpg" alt="Product Image"></a><p>Laser Level Line Tool, Multipurpose Laser Level Kit Standard Cross Line Laser leveler Beam Tool with Metric Rulers 8ft/2.5M for Picture Hanging cabinets Tile Walls by AikTryee.</p><p> -48% 0FF </p><p>$9.95</p><a href="https://www.amazon.com/dp/B07WP4165D?tag=eloabder-20&linkCode=osi&th=1&psc=1">View Product</a></div><div class="product"><a href="https://www.amazon.com/dp/B09TB7M842?tag=eloabder-20&linkCode=osi&th=1&psc=1"><img src="https://m.media-amazon.com/images/I/412U9M3sOcL._SL500_.jpg" alt="Product Image"></a><p>DEWALT 20V MAX XR Cut Off Tool, Brushless and Compact, Bare Tool Only (DCS438B)</p><p> -37% 0FF </p><p>$125.90</p><a href="https://www.amazon.com/dp/B09TB7M842?tag=eloabder-20&linkCode=osi&th=1&psc=1">View Product</a></div><div class="product"><a href="https://www.amazon.com/dp/B0BRPVRC77?tag=eloabder-20&linkCode=osi&th=1&psc=1"><img src="https://m.media-amazon.com/images/I/51DFLa11vEL._SL500_.jpg" alt="Product Image"></a><p>HORUSDY 16-Piece Punch and Chisel Set, Including Taper Punch, Cold Chisels, Pin Punch, Center Punch</p><p> -22% 0FF </p><p>$20.99</p><a href="https://www.amazon.com/dp/B0BRPVRC77?tag=eloabder-20&linkCode=osi&th=1&psc=1">View Product</a></div>
<div class="product"><a href="https://www.amazon.com/dp/B088M48Z3G?tag=eloabder-20&linkCode=osi&th=1&psc=1"><img src="https://m.media-amazon.com/images/I/51MV5+juS8L._SL500_.jpg" alt="Product Image"></a><p>anezus Self Healing Sewing Mat, 12inch x 18inch Rotary Cutting Mat Double Sided 5-Ply Craft Cutting Board for Sewing Crafts Hobby Fabric Precision Scrapbooking Project</p><p> -44% 0FF </p><p>$8.99</p><a href="https://www.amazon.com/dp/B088M48Z3G?tag=eloabder-20&linkCode=osi&th=1&psc=1">View Product</a></div><div class="product"><a href="https://www.amazon.com/dp/B0BX2BN5KQ?tag=eloabder-20&linkCode=osi&th=1&psc=1"><img src="https://m.media-amazon.com/images/I/31VTaTFWBXL._SL500_.jpg" alt="Product Image"></a><p>12 * 12 inch Packing Paper for Moving 100 Sheets Protecting Fragile China and Glasses,Small Wrapping Paper for Shipping and Moving Box Filler</p><p> -20% 0FF </p><p>$6.99 ($0.07 / Count)</p><a href="https://www.amazon.com/dp/B0BX2BN5KQ?tag=eloabder-20&linkCode=osi&th=1&psc=1">View Product</a></div>
<div class="product"><a href="https://www.amazon.com/dp/B0CMZZGXPX?tag=eloabder-20&linkCode=osi&th=1&psc=1"><img src="https://m.media-amazon.com/images/I/31YMA2qw31L._SL500_.jpg" alt="Product Image"></a><p>CREGEAR ABS Plastic Sheet 1/8 Inch Thick - 12" x 12", Black Plastic Sheet Rigid Thermoplastic Sheet, ABS Plastic Board for Sign, Craft, DIY Project, 2 Different Surfaces - Texture & Smooth, 1 Pack</p><p> -11% 0FF </p><p>$7.97</p><a href="https://www.amazon.com/dp/B0CMZZGXPX?tag=eloabder-20&linkCode=osi&th=1&psc=1">View Product</a></div>
<div class="product"><a href="https://www.amazon.com/dp/B0B293QNWQ?tag=eloabder-20&linkCode=osi&th=1&psc=1"><img src="https://m.media-amazon.com/images/I/41+feq08GCL._SL500_.jpg" alt="Product Image"></a><p>Metal Ice Scoop 6 OzÔºåKitchen Ice Scooper for Ice Maker, Small Food Scoops for Bar Party Wedding Pet Dog Food, Stainless Steel Silver</p><p> -30% 0FF </p><p>$6.99</p><a href="https://www.amazon.com/dp/B0B293QNWQ?tag=eloabder-20&linkCode=osi&th=1&psc=1">View Product</a></div><div class="product"><a href="https://www.amazon.com/dp/B07PXLJ9MP?tag=eloabder-20&linkCode=osi&th=1&psc=1"><img src="https://m.media-amazon.com/images/I/41YOR10YvIL._SL500_.jpg" alt="Product Image"></a><p>Fayleeko Wire Coat Hangers 40 Pack Strong Heavy Duty Stainless Steel Metal Ultra Thin Space Saving Clothes Hangers 16.5 Inch</p><p> -38% 0FF </p><p>$24.88 ($0.62 / Count)</p><a href="https://www.amazon.com/dp/B07PXLJ9MP?tag=eloabder-20&linkCode=osi&th=1&psc=1">View Product</a></div><div class="product"><a href="https://www.amazon.com/dp/B000H5W3PI?tag=eloabder-20&linkCode=osi&th=1&psc=1"><img src="https://m.media-amazon.com/images/I/21FCToLy5VL._SL500_.jpg" alt="Product Image"></a><p>K&S Sheet Metal Stock, Made in The USA,Stainless Steel/Silver</p><p> -14% 0FF </p><p>$6.47</p><a href="https://www.amazon.com/dp/B000H5W3PI?tag=eloabder-20&linkCode=osi&th=1&psc=1">View Product</a></div><div class="product"><a href="https://www.amazon.com/dp/B07GDDF5JB?tag=eloabder-20&linkCode=osi&th=1&psc=1"><img src="https://m.media-amazon.com/images/I/31dFxe1Df0L._SL500_.jpg" alt="Product Image"></a><p>HURRICANE 10 Inch Aviation Tin Snips, Heavy Duty Metal Cutter Shears for Cutting Sheet Metal, Straight Cut, Chrome Vanadium Steel</p><p> -30% 0FF </p><p>$13.99</p><a href="https://www.amazon.com/dp/B07GDDF5JB?tag=eloabder-20&linkCode=osi&th=1&psc=1">View Product</a></div>
<div class="product"><a href="https://www.amazon.com/dp/B0D95L6W5J?tag=eloabder-20&linkCode=osi&th=1&psc=1"><img src="https://m.media-amazon.com/images/I/41tbedSgDfL._SL500_.jpg" alt="Product Image"></a><p>Tandefio 40 Sticks Brazing Rods Bcup-5 Solder Phos Copper Brazing Alloys Flat Welding Rods Industry 0.050"x1/8"x10" for Air Conditioning Refrigerator Cold Storage HVAC Units (Phosphor Copper)</p><p> -5% 0FF </p><p>$20.99</p><a href="https://www.amazon.com/dp/B0D95L6W5J?tag=eloabder-20&linkCode=osi&th=1&psc=1">View Product</a></div>
<div class="product"><a href="https://www.amazon.com/dp/B0053KMAMI?tag=eloabder-20&linkCode=osi&th=1&psc=1"><img src="https://m.media-amazon.com/images/I/41f4ot2fnZL._SL500_.jpg" alt="Product Image"></a><p>Party Dimensions Plastic 300 Count Cutlery Combo Box, Clear, Combo Box, Clear 300 Count</p><p> -25% 0FF </p><p>$14.99</p><a href="https://www.amazon.com/dp/B0053KMAMI?tag=eloabder-20&linkCode=osi&th=1&psc=1">View Product</a></div><div class="product"><a href="https://www.amazon.com/dp/B0CCMNPWGW?tag=eloabder-20&linkCode=osi&th=1&psc=1"><img src="https://m.media-amazon.com/images/I/41k5QSXXF8L._SL500_.jpg" alt="Product Image"></a><p>6 Pack Black Plastic Sheets 8x12x0.04 in Flexible High Tensile Plastic Sheets,Plastic Sheet Hard Plastic Sheet Black Plastic Panel for DIY Materials Handicrafts Home Decoration</p><p> -22% 0FF </p><p>$6.99</p><a href="https://www.amazon.com/dp/B0CCMNPWGW?tag=eloabder-20&linkCode=osi&th=1&psc=1">View Product</a></div><div class="product"><a href="https://www.amazon.com/dp/B085T6685R?tag=eloabder-20&linkCode=osi&th=1&psc=1"><img src="https://m.media-amazon.com/images/I/41RbX0YJ2PL._SL500_.jpg" alt="Product Image"></a><p>POSATE Heavy Weight Plastic Forks, Clear Disposable, 100 Count</p><p> -47% 0FF </p><p>$13.80</p><a href="https://www.amazon.com/dp/B085T6685R?tag=eloabder-20&linkCode=osi&th=1&psc=1">View Product</a></div><div class="product"><a href="https://www.amazon.com/dp/B0C1JMKHL4?tag=eloabder-20&linkCode=osi&th=1&psc=1"><img src="https://m.media-amazon.com/images/I/51vGnsuo0GL._SL500_.jpg" alt="Product Image"></a><p>MOACOCK 200 Count Plastic Silverware, Heavy Weight Plastic Forks Spoons Disposable Utensils Cutlery Set for Wedding Party Supplies Everyday Use</p><p> -7% 0FF </p><p>$12.99</p><a href="https://www.amazon.com/dp/B0C1JMKHL4?tag=eloabder-20&linkCode=osi&th=1&psc=1">View Product</a></div><div class="product"><a href="https://www.amazon.com/dp/B0CZHZ4VYY?tag=eloabder-20&linkCode=osi&th=1&psc=1"><img src="https://m.media-amazon.com/images/I/41NCRYSzzPL._SL500_.jpg" alt="Product Image"></a><p>Dealusy 100 Count Extra Heavy Duty Clear Plastic Knives Disposable, BPA-Free, Heat Resistant, Solid and Durable Disposable Knives Bulk, Premium Plastic Knives heavy duty for Party Supply</p><p> -31% 0FF </p><p>$8.99</p><a href="https://www.amazon.com/dp/B0CZHZ4VYY?tag=eloabder-20&linkCode=osi&th=1&psc=1">View Product</a></div><div class="product"><a href="https://www.amazon.com/dp/B00I9J3ACY?tag=eloabder-20&linkCode=osi&th=1&psc=1"><img src="https://m.media-amazon.com/images/I/51W96ohIwyL._SL500_.jpg" alt="Product Image"></a><p>Hefty Party On Disposable Plastic Cups, Red, 18 Ounce, 50 Count</p><p> -27% 0FF </p><p>$5.84 ($0.12 / Count)</p><a href="https://www.amazon.com/dp/B00I9J3ACY?tag=eloabder-20&linkCode=osi&th=1&psc=1">View Product</a></div>
<div class="product"><a href="https://www.amazon.com/dp/B08ZX4PNGL?tag=eloabder-20&linkCode=osi&th=1&psc=1"><img src="https://m.media-amazon.com/images/I/41qtw-wXhWL._SL500_.jpg" alt="Product Image"></a><p>Soil Moist SAP Water Storing Crystals Polymer Small Granular_20-100 mesh (1), White</p><p> -18% 0FF </p><p>$12.99 ($0.81 / Ounce)</p><a href="https://www.amazon.com/dp/B08ZX4PNGL?tag=eloabder-20&linkCode=osi&th=1&psc=1">View Product</a></div><div class="product"><a href="https://www.amazon.com/dp/B099KS2PDW?tag=eloabder-20&linkCode=osi&th=1&psc=1"><img src="https://m.media-amazon.com/images/I/51JgOs5PnML._SL500_.jpg" alt="Product Image"></a><p>Polymaker PLA PRO Filament 1.75mm, Tough & High Rigidity Black PLA Filament 1.75mm 1kg Cardboard Spool - PolyLite PLA PRO 3D Printer Filament 1.75mm, Print with Most 3D Printers Using 3D Filament</p><p> -14% 0FF </p><p>$24.99 ($0.71 / Ounce)</p><a href="https://www.amazon.com/dp/B099KS2PDW?tag=eloabder-20&linkCode=osi&th=1&psc=1">View Product</a></div><div class="product"><a href="https://www.amazon.com/dp/B0CK9D7FYJ?tag=eloabder-20&linkCode=osi&th=1&psc=1"><img src="https://m.media-amazon.com/images/I/51lrOOPPi4L._SL500_.jpg" alt="Product Image"></a><p>Scrub Daddy Color Sponge - Scratch-Free Multipurpose Dish Sponge Color Variety Pack - BPA Free & Made with Polymer Foam - Stain & Odor Resistant Kitchen Sponge (3 Count, 2 Pack)</p><p> -12% 0FF </p><p>$19.30 ($3.22 / Count)</p><a href="https://www.amazon.com/dp/B0CK9D7FYJ?tag=eloabder-20&linkCode=osi&th=1&psc=1">View Product</a></div><div class="product"><a href="https://www.amazon.com/dp/B00XXOFV2M?tag=eloabder-20&linkCode=osi&th=1&psc=1"><img src="https://m.media-amazon.com/images/I/31DpBHBqqxL._SL500_.jpg" alt="Product Image"></a><p>Intertape Polymer Group K2525P293 Central 260 Medium Duty Reinforced Water Activated Tape, 3" Width, 450' Length, FRAGILE, Pack of 10</p><p> -12% 0FF </p><p>$89.16 ($8.92 / Count)</p><a href="https://www.amazon.com/dp/B00XXOFV2M?tag=eloabder-20&linkCode=osi&th=1&psc=1">View Product</a></div><div class="product"><a href="https://www.amazon.com/dp/B0C6DNQF1H?tag=eloabder-20&linkCode=osi&th=1&psc=1"><img src="https://m.media-amazon.com/images/I/51lbJOfwjFL._SL500_.jpg" alt="Product Image"></a><p>DIYMAG Ceramic Round Magnets for Crafts 35 Packs with Adhesive Backing. 0.98Inch (25mm) Small Magnets Perfect for Fridge, DIY, Building, Scientific, Craft, and Office.Ôºà0.98 * 0.2Inch-35pÔºâ</p><p> -13% 0FF </p><p>$6.99 ($0.20 / Count)</p><a href="https://www.amazon.com/dp/B0C6DNQF1H?tag=eloabder-20&linkCode=osi&th=1&psc=1">View Product</a></div>
<div class="product"><a href="https://www.amazon.com/dp/B001TK0DSY?tag=eloabder-20&linkCode=osi&th=1&psc=1"><img src="https://m.media-amazon.com/images/I/41sY5CJF40L._SL500_.jpg" alt="Product Image"></a><p>Chemical Guys CWS_301_16 Citrus Wash & Gloss Foaming Car Wash Soap (Works with Foam Cannons, Foam Guns or Bucket Washes) Safe for Cars, Trucks, Motorcycles, RVs & More, 16 fl oz, Citrus Scent</p><p> -17% 0FF </p><p>$9.97 ($0.62 / Fl Oz)</p><a href="https://www.amazon.com/dp/B001TK0DSY?tag=eloabder-20&linkCode=osi&th=1&psc=1">View Product</a></div><div class="product"><a href="https://www.amazon.com/dp/B00HK95ZZY?tag=eloabder-20&linkCode=osi&th=1&psc=1"><img src="https://m.media-amazon.com/images/I/41ztWGvZpCL._SL500_.jpg" alt="Product Image"></a><p>SmartSign - U9-1214-NA_7x10 "Danger - Chemical Storage Area, Authorized Personnel Only" Sign | 7" x 10" Aluminum Black/Red on White</p><p> -16% 0FF </p><p>$10.93</p><a href="https://www.amazon.com/dp/B00HK95ZZY?tag=eloabder-20&linkCode=osi&th=1&psc=1">View Product</a></div>
<div class="product"><a href="https://www.amazon.com/dp/B0916KZ598?tag=eloabder-20&linkCode=osi&th=1&psc=1"><img src="https://m.media-amazon.com/images/I/510bNE6qm3L._SL500_.jpg" alt="Product Image"></a><p>Gorilla Max Strength Clear Construction Adhesive, 2.5 Ounce Squeeze Tube, Clear, (Pack of 1)</p><p> -11% 0FF </p><p>$7.97 ($3.19 / Fl Oz)</p><a href="https://www.amazon.com/dp/B0916KZ598?tag=eloabder-20&linkCode=osi&th=1&psc=1">View Product</a></div><div class="product"><a href="https://www.amazon.com/dp/B0BM27YSBB?tag=eloabder-20&linkCode=osi&th=1&psc=1"><img src="https://m.media-amazon.com/images/I/41j2z0sRK8L._SL500_.jpg" alt="Product Image"></a><p>Gorilla Heavy Duty Construction Adhesive, 7 Ounce Squeeze Tube, White, (Pack of 1)</p><p> -5% 0FF </p><p>$9.47 ($1.35 / Fl Oz)</p><a href="https://www.amazon.com/dp/B0BM27YSBB?tag=eloabder-20&linkCode=osi&th=1&psc=1">View Product</a></div><div class="product"><a href="https://www.amazon.com/dp/B07VNSXY31?tag=eloabder-20&linkCode=osi&th=1&psc=1"><img src="https://m.media-amazon.com/images/I/31AwF4uloCL._SL500_.jpg" alt="Product Image"></a><p>EZlifego Double Sided Tape Heavy Duty, Extra Large Nano Double Sided Adhesive Tape, Clear Mounting Tape Picture Hanging Adhesive Strips,Removable Wall Tape Sticky Poster Tape Decor Carpet Tape(9.85FT)</p><p> -20% 0FF </p><p>$11.99</p><a href="https://www.amazon.com/dp/B07VNSXY31?tag=eloabder-20&linkCode=osi&th=1&psc=1">View Product</a></div><div class="product"><a href="https://www.amazon.com/dp/B0006HUJCQ?tag=eloabder-20&linkCode=osi&th=1&psc=1"><img src="https://m.media-amazon.com/images/I/511pTqChTCL._SL500_.jpg" alt="Product Image"></a><p>Loctite 1364076 Super Glue Easy Squeeze Gel, .14 oz, Super Glue Liquid</p><p> -45% 0FF </p><p>$3.64 ($26.00 / Fl Oz)</p><a href="https://www.amazon.com/dp/B0006HUJCQ?tag=eloabder-20&linkCode=osi&th=1&psc=1">View Product</a></div><div class="product"><a href="https://www.amazon.com/dp/B000BQYHSY?tag=eloabder-20&linkCode=osi&th=1&psc=1"><img src="https://m.media-amazon.com/images/I/41jVQXZlyKL._SL500_.jpg" alt="Product Image"></a><p>Liquid Nails LN-700 4-Ounce Small Projects and Repairs Adhesive</p><p> -22% 0FF </p><p>$3.98 ($1.00 / Fl Oz)</p><a href="https://www.amazon.com/dp/B000BQYHSY?tag=eloabder-20&linkCode=osi&th=1&psc=1">View Product</a></div>
<div class="product"><a href="https://www.amazon.com/dp/B0002UEPVI?tag=eloabder-20&linkCode=osi&th=1&psc=1"><img src="https://m.media-amazon.com/images/I/41VgMnT8V8L._SL500_.jpg" alt="Product Image"></a><p>Permatex 80050 Clear RTV Silicone Adhesive Sealant, 3 oz</p><p> -28% 0FF </p><p>$5.04 ($1.68 / Ounce)</p><a href="https://www.amazon.com/dp/B0002UEPVI?tag=eloabder-20&linkCode=osi&th=1&psc=1">View Product</a></div><div class="product"><a href="https://www.amazon.com/dp/B01NCSN5AS?tag=eloabder-20&linkCode=osi&th=1&psc=1"><img src="https://m.media-amazon.com/images/I/41u1Bk8aMML._SL500_.jpg" alt="Product Image"></a><p>Gorilla Waterproof Caulk & Seal 100% Silicone Sealant, White, 10oz Cartridge (Pack of 1)</p><p> -10% 0FF </p><p>$9.84 ($0.98 / Ounce)</p><a href="https://www.amazon.com/dp/B01NCSN5AS?tag=eloabder-20&linkCode=osi&th=1&psc=1">View Product</a></div><div class="product"><a href="https://www.amazon.com/dp/B0B8QPH3RW?tag=eloabder-20&linkCode=osi&th=1&psc=1"><img src="https://m.media-amazon.com/images/I/31FmC2PDnsL._SL500_.jpg" alt="Product Image"></a><p>GE All Purpose Silicone Caulk - 100% Waterproof Silicone Sealant, Stronger Adhesion, Freeze & Sun Proof - 10 oz Cartridge, Clear, Pack of 1</p><p> -22% 0FF </p><p>$6.98</p><a href="https://www.amazon.com/dp/B0B8QPH3RW?tag=eloabder-20&linkCode=osi&th=1&psc=1">View Product</a></div><div class="product"><a href="https://www.amazon.com/dp/B000XBDJWC?tag=eloabder-20&linkCode=osi&th=1&psc=1"><img src="https://m.media-amazon.com/images/I/31O8FwTY5WL._SL500_.jpg" alt="Product Image"></a><p>3M Marine Adhesive Sealant 4000 UV, PN06580, White, 295 mL Cartridge, 10 Fl Oz (Pack of 1)</p><p> -15% 0FF </p><p>$18.75 ($1.88 / Fl Oz)</p><a href="https://www.amazon.com/dp/B000XBDJWC?tag=eloabder-20&linkCode=osi&th=1&psc=1">View Product</a></div><div class="product"><a href="https://www.amazon.com/dp/B01MQW8AEM?tag=eloabder-20&linkCode=osi&th=1&psc=1"><img src="https://m.media-amazon.com/images/I/31gdoMW-i8L._SL500_.jpg" alt="Product Image"></a><p>Gorilla 8050002 Clear Silicone Sealant, 1-Pack</p><p> -10% 0FF </p><p>$9.84 ($0.98 / Fl Oz)</p><a href="https://www.amazon.com/dp/B01MQW8AEM?tag=eloabder-20&linkCode=osi&th=1&psc=1">View Product</a></div>

<div class="product"><a href="https://www.amazon.com/dp/B004UICH5O?tag=eloabder-20&linkCode=osi&th=1&psc=1"><img src="https://m.media-amazon.com/images/I/5123T4CVtTL._SL500_.jpg" alt="Product Image"></a><p>Dynarex DynaLube Lubricating Jelly, Water Soluble and Sterile Lubricant Jelly, Used for Body Orifices, Hinged Instruments and Medical Devices, 1 Box of 144 DynaLube Packets, 2.7g</p><p> -5% 0FF </p><p>$12.49 ($0.09 / Count)</p><a href="https://www.amazon.com/dp/B004UICH5O?tag=eloabder-20&linkCode=osi&th=1&psc=1">View Product</a></div><div class="product"><a href="https://www.amazon.com/dp/B087ZHPVRW?tag=eloabder-20&linkCode=osi&th=1&psc=1"><img src="https://m.media-amazon.com/images/I/51My23RlqsL._SL500_.jpg" alt="Product Image"></a><p>3-IN-ONE Professional Garage Door Lubricant with Smart Straw Sprays 2 Ways, 11 OZ Twin Pack, 100584, Clear</p><p> -20% 0FF </p><p>$15.96 ($7.98 / Count)</p><a href="https://www.amazon.com/dp/B087ZHPVRW?tag=eloabder-20&linkCode=osi&th=1&psc=1">View Product</a></div><div class="product"><a href="https://www.amazon.com/dp/B07K323XYQ?tag=eloabder-20&linkCode=osi&th=1&psc=1"><img src="https://m.media-amazon.com/images/I/41Stkw4geDL._SL500_.jpg" alt="Product Image"></a><p>McKesson Lubricating Jelly Sterile 4 oz. Tube 1 Each 16-8919</p><p> -63% 0FF </p><p>$5.48 ($0.11 / Ounce)</p><a href="https://www.amazon.com/dp/B07K323XYQ?tag=eloabder-20&linkCode=osi&th=1&psc=1">View Product</a></div><div class="product"><a href="https://www.amazon.com/dp/B00AF0ODGM?tag=eloabder-20&linkCode=osi&th=1&psc=1"><img src="https://m.media-amazon.com/images/I/418phnGj-VL._SL500_.jpg" alt="Product Image"></a><p>WD-40 Specialist Dry Lube with SMART STRAW SPRAYS 2 WAYS, 10 OZ</p><p> -6% 0FF </p><p>$7.98 ($0.80 / Ounce)</p><a href="https://www.amazon.com/dp/B00AF0ODGM?tag=eloabder-20&linkCode=osi&th=1&psc=1">View Product</a></div><div class="product"><a href="https://www.amazon.com/dp/B0081JE0OO?tag=eloabder-20&linkCode=osi&th=1&psc=1"><img src="https://m.media-amazon.com/images/I/31YRFZU58NL._SL500_.jpg" alt="Product Image"></a><p>Super Lube 92003 Silicone Lubricating Grease with PTFE, 3 oz Tube, Translucent White</p><p> -34% 0FF </p><p>$11.80 ($3.93 / Ounce)</p><a href="https://www.amazon.com/dp/B0081JE0OO?tag=eloabder-20&linkCode=osi&th=1&psc=1">View Product</a></div><div class="product"><a href="https://www.amazon.com/dp/B000UKUHXK?tag=eloabder-20&linkCode=osi&th=1&psc=1"><img src="https://m.media-amazon.com/images/I/31PHNtI4eWL._SL500_.jpg" alt="Product Image"></a><p>Super Lube 51004 Synthetic Oil with PTFE, High Viscosity, 4 oz Bottle,Translucent white(Packaging may vary)</p><p> -27% 0FF </p><p>$7.82 ($1.96 / Fl Oz)</p><a href="https://www.amazon.com/dp/B000UKUHXK?tag=eloabder-20&linkCode=osi&th=1&psc=1">View Product</a></div>

<div class="product"><a href="https://www.amazon.com/dp/B0BRPQW3G9?tag=eloabder-20&linkCode=osi&th=1&psc=1"><img src="https://m.media-amazon.com/images/I/51TpMRJpWeL._SL500_.jpg" alt="Product Image"></a><p>JEGONFRI High Hardness Wood Screws Assortment Kit, 209 pcs, Phillips Drive Flat Head, Wood Screws, Screws, Drywall Screws, Assorted Screws, Screws Set, 6 Sizes (2‚Äù,1-1/2‚Äù,1-1/4‚Äù,1‚Äù,3/4‚Äù,1/2‚Äù)</p><p> -20% 0FF </p><p>$7.96</p><a href="https://www.amazon.com/dp/B0BRPQW3G9?tag=eloabder-20&linkCode=osi&th=1&psc=1">View Product</a></div><div class="product"><a href="https://www.amazon.com/dp/B0BHNK23GJ?tag=eloabder-20&linkCode=osi&th=1&psc=1"><img src="https://m.media-amazon.com/images/I/51ZAmhP99TL._SL500_.jpg" alt="Product Image"></a><p>KURUI Drywall Screws Assortment Kit, #6 Black Wood Screws for Drywall,165pcs Coarse Thread Sheetrock Screws Set, Phillips Drive Self Tapping Dry Wall Screws 4 Sizes 1",1-1/4",1-5/8",2"</p><p> -24% 0FF </p><p>$7.59 ($0.05 / Count)</p><a href="https://www.amazon.com/dp/B0BHNK23GJ?tag=eloabder-20&linkCode=osi&th=1&psc=1">View Product</a></div><div class="product"><a href="https://www.amazon.com/dp/B0D3HVHPXW?tag=eloabder-20&linkCode=osi&th=1&psc=1"><img src="https://m.media-amazon.com/images/I/51boObkp+HL._SL500_.jpg" alt="Product Image"></a><p>GVAKMM Drywall Screws Assortment Kit,#7 Black Wood Screws Set,160pcsÔºå5 Sizes(3'',2'',1-3/8'',1'',5/8''),Coarse Thread Phillips Drive Bugle Head Sharp Point,Ideal for Wood,Sheetrock and More</p><p> -13% 0FF </p><p>$6.99 ($0.58 / Ounce)</p><a href="https://www.amazon.com/dp/B0D3HVHPXW?tag=eloabder-20&linkCode=osi&th=1&psc=1">View Product</a></div>
<div class="product"><a href="https://www.amazon.com/dp/B09KS23KQ6?tag=eloabder-20&linkCode=osi&th=1&psc=1"><img src="https://m.media-amazon.com/images/I/41ZHEcuqY-L._SL500_.jpg" alt="Product Image"></a><p>Mr. Pen- Bolts, Nuts, and Washer Assortment Kit, 113 pcs, Nuts and Bolts Assortment Kit, Assorted Nuts and Bolts, Nut Bolt and Washer Assortment, Bolt and Nut Assortment</p><p> -24% 0FF </p><p>$6.85</p><a href="https://www.amazon.com/dp/B09KS23KQ6?tag=eloabder-20&linkCode=osi&th=1&psc=1">View Product</a></div><div class="product"><a href="https://www.amazon.com/dp/B076CVQZWG?tag=eloabder-20&linkCode=osi&th=1&psc=1"><img src="https://m.media-amazon.com/images/I/51LutRS-fXL._SL500_.jpg" alt="Product Image"></a><p>Jackson Palmer 2201 Piece Hardware Assortment Kit with Screws, Nuts, Bolts & Washers (3 Trays)‚Ä¶</p><p> -24% 0FF </p><p>$37.99</p><a href="https://www.amazon.com/dp/B076CVQZWG?tag=eloabder-20&linkCode=osi&th=1&psc=1">View Product</a></div><div class="product"><a href="https://www.amazon.com/dp/B0BC24J6SS?tag=eloabder-20&linkCode=osi&th=1&psc=1"><img src="https://m.media-amazon.com/images/I/517eaNxBNaL._SL500_.jpg" alt="Product Image"></a><p>720 Pcs Nuts and Bolts Assortment Kit, M3 M4 M5 Carbon Steel Screws Bolts and Nuts and Washers Assortment Set, Assorted Cross Pan Head Machine Screws Nuts and Bolts, with Storage Case</p><p> -10% 0FF </p><p>$8.98</p><a href="https://www.amazon.com/dp/B0BC24J6SS?tag=eloabder-20&linkCode=osi&th=1&psc=1">View Product</a></div><div class="product"><a href="https://www.amazon.com/dp/B0CF8NNVKQ?tag=eloabder-20&linkCode=osi&th=1&psc=1"><img src="https://m.media-amazon.com/images/I/61oepk6Ti8L._SL500_.jpg" alt="Product Image"></a><p>FOLIV 907pcs Grade 8.8 Metric Bolt Assortment, M4 M5 M6 M8 Heavy Duty Bolts and Nuts Kit, Yellow Zinc Plated, Length from 12-30mm</p><p> -20% 0FF </p><p>$35.19</p><a href="https://www.amazon.com/dp/B0CF8NNVKQ?tag=eloabder-20&linkCode=osi&th=1&psc=1">View Product</a></div>
<div class="product"><a href="https://www.amazon.com/dp/B0CP7D6KP4?tag=eloabder-20&linkCode=osi&th=1&psc=1"><img src="https://m.media-amazon.com/images/I/51R0Yv5C8aL._SL500_.jpg" alt="Product Image"></a><p>Dianrui 187PCS Metric Hex Nuts Assortment Kit, 9 Size 304 Stainless Steel Hex Nut M2 M2.5 M3 M4 M5 M6 M10 M12 Hexnut Set Hardware Nuts</p><p> -22% 0FF </p><p>$6.99</p><a href="https://www.amazon.com/dp/B0CP7D6KP4?tag=eloabder-20&linkCode=osi&th=1&psc=1">View Product</a></div><div class="product"><a href="https://www.amazon.com/dp/B002SA36AG?tag=eloabder-20&linkCode=osi&th=1&psc=1"><img src="https://m.media-amazon.com/images/I/51cZlQGUFRL._SL500_.jpg" alt="Product Image"></a><p>Dorman 6110761 Lug Nut (M12 x 1.25 Thread Size)</p><p> -45% 0FF </p><p>$3.49</p><a href="https://www.amazon.com/dp/B002SA36AG?tag=eloabder-20&linkCode=osi&th=1&psc=1">View Product</a></div><div class="product"><a href="https://www.amazon.com/dp/B07WCSW7HR?tag=eloabder-20&linkCode=osi&th=1&psc=1"><img src="https://m.media-amazon.com/images/I/51uxWdeYcjL._SL500_.jpg" alt="Product Image"></a><p>ECCPP 20 Pieces Wheel Lug Nuts M12x1.25 12mmx1.25 Wheel Lug Bolts Shank Length 28mm fits for 2015-2022 for Renegade |2018-2022 for Compass |2014-2022 for Cherokee</p><p> -28% 0FF </p><p>$14.47</p><a href="https://www.amazon.com/dp/B07WCSW7HR?tag=eloabder-20&linkCode=osi&th=1&psc=1">View Product</a></div><div class="product"><a href="https://www.amazon.com/dp/B0D1Y5PQ4K?tag=eloabder-20&linkCode=osi&th=1&psc=1"><img src="https://m.media-amazon.com/images/I/51SyHC67C5L._SL500_.jpg" alt="Product Image"></a><p>Quacc 20pcs M8 Nyloc Steel Nuts, Nylon Locknuts for Fastener, Nylon Inserted Hex Lock Nuts, Silver 304 Stainless Steel Self Locking Nuts for Bolts</p><p> -19% 0FF </p><p>$3.79 ($0.19 / Ounce)</p><a href="https://www.amazon.com/dp/B0D1Y5PQ4K?tag=eloabder-20&linkCode=osi&th=1&psc=1">View Product</a></div>
<div class="product"><a href="https://www.amazon.com/dp/B0BZYSSWY8?tag=eloabder-20&linkCode=osi&th=1&psc=1"><img src="https://m.media-amazon.com/images/I/419sIfP-AJL._SL500_.jpg" alt="Product Image"></a><p>1/4" x 1" Stainless Fender Washer,18-8 (304) Stainless Steel Flat Washer,1/4" ID x 1" OD x 0.078" Thick(40Pcs)</p><p> -31% 0FF </p><p>$6.19</p><a href="https://www.amazon.com/dp/B0BZYSSWY8?tag=eloabder-20&linkCode=osi&th=1&psc=1">View Product</a></div><div class="product"><a href="https://www.amazon.com/dp/B0BFJMK5QW?tag=eloabder-20&linkCode=osi&th=1&psc=1"><img src="https://m.media-amazon.com/images/I/51D9Ij56zKL._SL500_.jpg" alt="Product Image"></a><p>Fender Washers for Screws ‚Äî 225Pcs Washers Assortment, Washers for Bolts in 15 Different Sizes (M2 M2.5 M3 M4 M5 M6 M8 M10 M12)‚ÄîStainless Steel Washers for Home & Industrial Usage</p><p> -9% 0FF </p><p>$20.87 ($0.09 / Count)</p><a href="https://www.amazon.com/dp/B0BFJMK5QW?tag=eloabder-20&linkCode=osi&th=1&psc=1">View Product</a></div><div class="product"><a href="https://www.amazon.com/dp/B07K8W71N1?tag=eloabder-20&linkCode=osi&th=1&psc=1"><img src="https://m.media-amazon.com/images/I/412HYFMiQBL._SL500_.jpg" alt="Product Image"></a><p>100 Qty #8 Stainless Steel Countersunk Finish Washers | 304 SS Finishing Cup (BCP574)</p><p> -30% 0FF </p><p>$7.49 ($0.07 / Count)</p><a href="https://www.amazon.com/dp/B07K8W71N1?tag=eloabder-20&linkCode=osi&th=1&psc=1">View Product</a></div>
<div class="product"><a href="https://www.amazon.com/dp/B09V32CKNJ?tag=eloabder-20&linkCode=osi&th=1&psc=1"><img src="https://m.media-amazon.com/images/I/41MtaPf4TNL._SL500_.jpg" alt="Product Image"></a><p>KURUI 28Pcs Heavy Duty Hollow Wall Anchors for Drywall Ceiling, Toggle Bolts and Wing Nut Kit, Metal Drywall Anchors and Screws Assortment Set, 3 Sizes Butterfly Anchors (1/8in, 3/16in, 1/4in)</p><p> -23% 0FF </p><p>$9.99</p><a href="https://www.amazon.com/dp/B09V32CKNJ?tag=eloabder-20&linkCode=osi&th=1&psc=1">View Product</a></div><div class="product"><a href="https://www.amazon.com/dp/B07VS5QKBC?tag=eloabder-20&linkCode=osi&th=1&psc=1"><img src="https://m.media-amazon.com/images/I/41MIrlAQ6nL._SL500_.jpg" alt="Product Image"></a><p>HongWay 370pcs Plastic Drywall Wall Anchors Kit with Screws, Includes 5 Different Assorted Size Anchors and Screws</p><p> -17% 0FF </p><p>$14.99</p><a href="https://www.amazon.com/dp/B07VS5QKBC?tag=eloabder-20&linkCode=osi&th=1&psc=1">View Product</a></div>
<div class="product"><a href="https://www.amazon.com/dp/B0CY2YK7ZG?tag=eloabder-20&linkCode=osi&th=1&psc=1"><img src="https://m.media-amazon.com/images/I/51kBI181CNL._SL500_.jpg" alt="Product Image"></a><p>Linkup 600pcs 15 Sizes Pop Rivets Assortment Kit,Aluminum Rivets, Silver pop rivet set including 3/32" 1/8" 5/32" 3/16" 1/4" blind rivets for metal Dome Head rivet kit</p><p> -31% 0FF </p><p>$21.99</p><a href="https://www.amazon.com/dp/B0CY2YK7ZG?tag=eloabder-20&linkCode=osi&th=1&psc=1">View Product</a></div><div class="product"><a href="https://www.amazon.com/dp/B08J2NZK4D?tag=eloabder-20&linkCode=osi&th=1&psc=1"><img src="https://m.media-amazon.com/images/I/51iH27ON2BL._SL500_.jpg" alt="Product Image"></a><p>ISPINNER 385pcs 8 Sizes Aluminum Blind Rivets, Pop Rivets Assortment Kit (Silver)</p><p> -21% 0FF </p><p>$13.59</p><a href="https://www.amazon.com/dp/B08J2NZK4D?tag=eloabder-20&linkCode=osi&th=1&psc=1">View Product</a></div><div class="product"><a href="https://www.amazon.com/dp/B0BZ7WKC3V?tag=eloabder-20&linkCode=osi&th=1&psc=1"><img src="https://m.media-amazon.com/images/I/51fSy2j6lSL._SL500_.jpg" alt="Product Image"></a><p>SATANTECH 200PCS Black Rivets Pop Rivets Assortment Kit, Large flange Aluminum Rivets(1/8" 3/16" 1/4") Assorted Blind Rivets with Case</p><p> -16% 0FF </p><p>$21.77</p><a href="https://www.amazon.com/dp/B0BZ7WKC3V?tag=eloabder-20&linkCode=osi&th=1&psc=1">View Product</a></div><div class="product"><a href="https://www.amazon.com/dp/B0CWR7K9P2?tag=eloabder-20&linkCode=osi&th=1&psc=1"><img src="https://m.media-amazon.com/images/I/512Gp89+ScL._SL500_.jpg" alt="Product Image"></a><p>Zuorery 500pcs Pop Rivets Assortment Kit, 14 Sizes Aluminum Blind Rivets (3/32" 1/8" 5/32" 3/16") Assorted Blind Rivets</p><p> -6% 0FF </p><p>$12.99</p><a href="https://www.amazon.com/dp/B0CWR7K9P2?tag=eloabder-20&linkCode=osi&th=1&psc=1">View Product</a></div>
<div class="product"><a href="https://www.amazon.com/dp/B0CNC3WJ58?tag=eloabder-20&linkCode=osi&th=1&psc=1"><img src="https://m.media-amazon.com/images/I/41MDnQ+2C5L._SL500_.jpg" alt="Product Image"></a><p>Eujqo Nails for Hanging Pictures Small Nails Picture Hanging Nails 700Pcs Finishing Nails Hardware Nails for Wall Wood Nails</p><p> -50% 0FF </p><p>$3.99</p><a href="https://www.amazon.com/dp/B0CNC3WJ58?tag=eloabder-20&linkCode=osi&th=1&psc=1">View Product</a></div><div class="product"><a href="https://www.amazon.com/dp/B08BJC6MJC?tag=eloabder-20&linkCode=osi&th=1&psc=1"><img src="https://m.media-amazon.com/images/I/414ssEUuJRL._SL500_.jpg" alt="Product Image"></a><p>Mr. Pen- Nail Assortment Kit, 600 Pcs, 4 Sizes, Silver, Small Nails for Hanging Pictures, Finishing Nails, Gold Wall Nails for Hanging, Pin Nails, Hardware Nails, Assorted Nails, Galvanized Nails</p><p> -54% 0FF </p><p>$5.99</p><a href="https://www.amazon.com/dp/B08BJC6MJC?tag=eloabder-20&linkCode=osi&th=1&psc=1">View Product</a></div><div class="product"><a href="https://www.amazon.com/dp/B0BSH3P97Y?tag=eloabder-20&linkCode=osi&th=1&psc=1"><img src="https://m.media-amazon.com/images/I/515eMwXqY0L._SL500_.jpg" alt="Product Image"></a><p>KURUI 700pcs Hardware Nails for Hanging Pictures Assorted Kit, Up to 2"-Long Picture Hanging Nails for Wall Drywall Wood, Finish Nails Assortment Kit, 640 Frame Nails and 60 Small Finishing Nails</p><p> -36% 0FF </p><p>$6.38</p><a href="https://www.amazon.com/dp/B0BSH3P97Y?tag=eloabder-20&linkCode=osi&th=1&psc=1">View Product</a></div><div class="product"><a href="https://www.amazon.com/dp/B089FLMFPB?tag=eloabder-20&linkCode=osi&th=1&psc=1"><img src="https://m.media-amazon.com/images/I/51p5T9Cef4L._SL500_.jpg" alt="Product Image"></a><p>376pcs Premium Hardware Nails Assortment Kit, Maximum Length 2 Inches Galvanized Nails, Picture Hanging Nails, Wood Nails, Wall Nails with Storage Box | 6 Sizes</p><p> -30% 0FF </p><p>$6.99</p><a href="https://www.amazon.com/dp/B089FLMFPB?tag=eloabder-20&linkCode=osi&th=1&psc=1">View Product</a></div><div class="product"><a href="https://www.amazon.com/dp/B0B3CFCZGW?tag=eloabder-20&linkCode=osi&th=1&psc=1"><img src="https://m.media-amazon.com/images/I/51rr+Y77q0L._SL500_.jpg" alt="Product Image"></a><p>6 Sizes Gold Hardware Nails Assortment Kit, 358pcs, Brass Plated, Nails for Hanging Pictures, Finishing Nails, Wood Nails, Wall Nails for Hanging (3‚Äù, 2‚Äù, 1-1/2‚Äù, 1-1/4", 1‚Äù, 3/4")</p><p> -25% 0FF </p><p>$8.98</p><a href="https://www.amazon.com/dp/B0B3CFCZGW?tag=eloabder-20&linkCode=osi&th=1&psc=1">View Product</a></div>
<div class="product"><a href="https://www.amazon.com/dp/B0BDBJJQJR?tag=eloabder-20&linkCode=osi&th=1&psc=1"><img src="https://m.media-amazon.com/images/I/41iMq4y4RWL._SL500_.jpg" alt="Product Image"></a><p>Standard Chisel Point Staples, 0.25" Leg, 0.5" Crown, Steel, 5,000/Box, 5 Boxes/Pack, 25,000/Pack</p><p> -18% 0FF </p><p>$11.80</p><a href="https://www.amazon.com/dp/B0BDBJJQJR?tag=eloabder-20&linkCode=osi&th=1&psc=1">View Product</a></div><div class="product"><a href="https://www.amazon.com/dp/B0052ECDD6?tag=eloabder-20&linkCode=osi&th=1&psc=1"><img src="https://m.media-amazon.com/images/I/41miIfkguxL._SL500_.jpg" alt="Product Image"></a><p>BOSTITCH BTA706-5C Heavy Duty Construction Staples, 3/8 x 2/5-Inch, 5000-Pack</p><p> -21% 0FF </p><p>$10.48 ($0.00 / Count)</p><a href="https://www.amazon.com/dp/B0052ECDD6?tag=eloabder-20&linkCode=osi&th=1&psc=1">View Product</a></div><div class="product"><a href="https://www.amazon.com/dp/B00004Z2HC?tag=eloabder-20&linkCode=osi&th=1&psc=1"><img src="https://m.media-amazon.com/images/I/51vaslx65UL._SL500_.jpg" alt="Product Image"></a><p>Arrow 215 JT21 Thin Wire Staples for Staple Guns and Staplers, Use for Upholstery, Crafts, General Repairs, 5/16-Inch Leg Length, 7/16-Inch Crown Width, 1000-Pack</p><p> -35% 0FF </p><p>$4.97</p><a href="https://www.amazon.com/dp/B00004Z2HC?tag=eloabder-20&linkCode=osi&th=1&psc=1">View Product</a></div><div class="product"><a href="https://www.amazon.com/dp/B09VP4YTPQ?tag=eloabder-20&linkCode=osi&th=1&psc=1"><img src="https://m.media-amazon.com/images/I/41WvD-VnynL._SL500_.jpg" alt="Product Image"></a><p>OMOTOOL Steel Wire Fencing Staples (200 pcs), Galvanized U-shaped fasteners Nails for Wire Mesh and Woven Fencing</p><p> -30% 0FF </p><p>$6.98</p><a href="https://www.amazon.com/dp/B09VP4YTPQ?tag=eloabder-20&linkCode=osi&th=1&psc=1">View Product</a></div>
<div class="product"><a href="https://www.amazon.com/dp/B08N6DYNKQ?tag=eloabder-20&linkCode=osi&th=1&psc=1"><img src="https://m.media-amazon.com/images/I/51oGt2PvPLL._SL500_.jpg" alt="Product Image"></a><p>Mixiflor 20 Pcs 5 Sizes 60/80/120/240 Grits Abrasive Flap Wheel Sander, 1/4 Inch Shank Flap Wheels for Drill, Die Grinder Flap Wheel,Flap Wheel Sander for Drill</p><p> -15% 0FF </p><p>$22.99</p><a href="https://www.amazon.com/dp/B08N6DYNKQ?tag=eloabder-20&linkCode=osi&th=1&psc=1">View Product</a></div>
<div class="product"><a href="https://www.amazon.com/dp/B0B5GHT937?tag=eloabder-20&linkCode=osi&th=1&psc=1"><img src="https://m.media-amazon.com/images/I/51LBYzTtFqL._SL500_.jpg" alt="Product Image"></a><p>SALI 25 Pack 4-1/2 Inch Grinding Wheels for General Purpose Metal & Stainless Steel, Aluminum Oxide Grinding Disc for Angle Grinder, Depressed Center 4.5" * 1/4" * 7/8"(115 * 6.0 * 22.2 mm)</p><p> -9% 0FF </p><p>$26.49</p><a href="https://www.amazon.com/dp/B0B5GHT937?tag=eloabder-20&linkCode=osi&th=1&psc=1">View Product</a></div><div class="product"><a href="https://www.amazon.com/dp/B00002246K?tag=eloabder-20&linkCode=osi&th=1&psc=1"><img src="https://m.media-amazon.com/images/I/51cqvp+fIGL._SL500_.jpg" alt="Product Image"></a><p>DEWALT DW4514 1/4" Thick Grinding Wheel with 4-1/2" Diameter and 7/8" Arbor</p><p> -46% 0FF </p><p>$1.65</p><a href="https://www.amazon.com/dp/B00002246K?tag=eloabder-20&linkCode=osi&th=1&psc=1">View Product</a></div><div class="product"><a href="https://www.amazon.com/dp/B07SQP8JGR?tag=eloabder-20&linkCode=osi&th=1&psc=1"><img src="https://m.media-amazon.com/images/I/51M3TdMS3OL._SL500_.jpg" alt="Product Image"></a><p>KSEIBI 651006 Grinding Wheels 25-Pack, Aluminum Oxide Discs for Metal & Stainless Steel, 4-1/2" x 1/4" x 7/8", Aggressive Grinding for Angle Grinders, Depressed Center Design</p><p> -6% 0FF </p><p>$26.99</p><a href="https://www.amazon.com/dp/B07SQP8JGR?tag=eloabder-20&linkCode=osi&th=1&psc=1">View Product</a></div><div class="product"><a href="https://www.amazon.com/dp/B00004RH8I?tag=eloabder-20&linkCode=osi&th=1&psc=1"><img src="https://m.media-amazon.com/images/I/6113QduJyJL._SL500_.jpg" alt="Product Image"></a><p>DEWALT Grinding Wheel, General Purpose for Metal, 4-1/2-Inch x 1/4-Inch x 5/8-Inch (DW4523)</p><p> -40% 0FF </p><p>$2.92</p><a href="https://www.amazon.com/dp/B00004RH8I?tag=eloabder-20&linkCode=osi&th=1&psc=1">View Product</a></div><div class="product"><a href="https://www.amazon.com/dp/B0791MGN72?tag=eloabder-20&linkCode=osi&th=1&psc=1"><img src="https://m.media-amazon.com/images/I/51LQaKOgppL._SL500_.jpg" alt="Product Image"></a><p>BHA Depressed Center Metal Grinding Wheels for Angle Grinders, 4.5‚Äù x 1/4‚Äù x 7/8‚Äù - 5 Pack</p><p> -15% 0FF </p><p>$16.99</p><a href="https://www.amazon.com/dp/B0791MGN72?tag=eloabder-20&linkCode=osi&th=1&psc=1">View Product</a></div><div class="product"><a href="https://www.amazon.com/dp/B09TSV5SP9?tag=eloabder-20&linkCode=osi&th=1&psc=1"><img src="https://m.media-amazon.com/images/I/61w4UIIWQdL._SL500_.jpg" alt="Product Image"></a><p>PRETEC 26 Packs Angle Grinder Cutting Flap Grinding Disc Wheel 4 1/2in Inches - 20 Packs 4.5"x1/4"x7/8" Cut off Wheels,3 Packs 4.5"x7/8" 60 Grit Flap Discs, 3 Packs 4.5"x1/25"x7/8" Grinding Wheels</p><p> -8% 0FF </p><p>$22.99</p><a href="https://www.amazon.com/dp/B09TSV5SP9?tag=eloabder-20&linkCode=osi&th=1&psc=1">View Product</a></div><div class="product"><a href="https://www.amazon.com/dp/B07FT71TLC?tag=eloabder-20&linkCode=osi&th=1&psc=1"><img src="https://m.media-amazon.com/images/I/51-wpozOUIL._SL500_.jpg" alt="Product Image"></a><p>NEIKO 11142A 10 Pack Zirconia Flap Discs 4-1/2 for Angle Grinder, 40 Grit Flapper Wheel, Angled T29 Grinding Wheel 4.5 Inch Flap Disc, 7/8" Arbor Grinding Disc, Flap Wheel for Wood & Metal Sanding</p><p> -19% 0FF </p><p>$17.07</p><a href="https://www.amazon.com/dp/B07FT71TLC?tag=eloabder-20&linkCode=osi&th=1&psc=1">View Product</a></div>
<div class="product"><a href="https://www.amazon.com/dp/B0956S39GC?tag=eloabder-20&linkCode=osi&th=1&psc=1"><img src="https://m.media-amazon.com/images/I/51mP1FW0pIL._SL500_.jpg" alt="Product Image"></a><p>Truswe Cut Off Wheels 52 Pack,4 1/2 Inch,0.45 USD/Pack,Metal and Stainless Steel Cutting Wheel for Angle Grinder,Ultra Thin Cut-Off Wheel Cutting Disc (52 PCS 4-1/2 x .045 x 7/8 inch Cut Off Wheels)</p><p> -26% 0FF </p><p>$24.29</p><a href="https://www.amazon.com/dp/B0956S39GC?tag=eloabder-20&linkCode=osi&th=1&psc=1">View Product</a></div><div class="product"><a href="https://www.amazon.com/dp/B07WGSK4V7?tag=eloabder-20&linkCode=osi&th=1&psc=1"><img src="https://m.media-amazon.com/images/I/510MTzQR9sL._SL500_.jpg" alt="Product Image"></a><p>WORKPRO 20-Pack Cut-Off Wheels, 4-1/2 x 7/8-inch Metal&Stainless Steel Cutting Wheel, Thin Metal Cutting Disc for Angle Grinder</p><p> -6% 0FF </p><p>$15.99</p><a href="https://www.amazon.com/dp/B07WGSK4V7?tag=eloabder-20&linkCode=osi&th=1&psc=1">View Product</a></div><div class="product"><a href="https://www.amazon.com/dp/B08C7F9CVS?tag=eloabder-20&linkCode=osi&th=1&psc=1"><img src="https://m.media-amazon.com/images/I/51KoNeHcHyL._SL500_.jpg" alt="Product Image"></a><p>EZARC Diamond Cutting Wheel 4 1/2 x 7/8 Inch for Metal, Cut Off Wheel with 5000+ Cuts on Rebar, Steel, Iron and INOX</p><p> -11% 0FF </p><p>$16.97</p><a href="https://www.amazon.com/dp/B08C7F9CVS?tag=eloabder-20&linkCode=osi&th=1&psc=1">View Product</a></div><div class="product"><a href="https://www.amazon.com/dp/B08FR63K33?tag=eloabder-20&linkCode=osi&th=1&psc=1"><img src="https://m.media-amazon.com/images/I/51Js3m5R8aL._SL500_.jpg" alt="Product Image"></a><p>50 Pack Cut Off Wheels 4 1/2 inch Thin Metal & Stainless Steel Cutting Wheel, Professional Fast Cutting Disc for Angle Grinder</p><p> -20% 0FF </p><p>$26.49</p><a href="https://www.amazon.com/dp/B08FR63K33?tag=eloabder-20&linkCode=osi&th=1&psc=1">View Product</a></div>
<div class="product"><a href="https://www.amazon.com/dp/B01K22Q9R8?tag=eloabder-20&linkCode=osi&th=1&psc=1"><img src="https://m.media-amazon.com/images/I/41VcU0uPlLL._SL500_.jpg" alt="Product Image"></a><p>42 Pcs Wet Dry Sandpaper 120 to 3000 Grit Assortment 9 * 3.6 Inches Abrasive Paper Sheets for Automotive Sanding Wood Furniture Finishing</p><p> -11% 0FF </p><p>$7.99 ($0.19 / Count)</p><a href="https://www.amazon.com/dp/B01K22Q9R8?tag=eloabder-20&linkCode=osi&th=1&psc=1">View Product</a></div><div class="product"><a href="https://www.amazon.com/dp/B0894N7QT2?tag=eloabder-20&linkCode=osi&th=1&psc=1"><img src="https://m.media-amazon.com/images/I/51Rfp3gQTWL._SL500_.jpg" alt="Product Image"></a><p>100PCS 5 Inch 8 Holes Sanding Discs 60 120 240 400 600 800 1000 1200 1500 2000 Grit Sandpaper Sander Round Sand Paper (100pcs 60-2000 grit)</p><p> -24% 0FF </p><p>$12.99</p><a href="https://www.amazon.com/dp/B0894N7QT2?tag=eloabder-20&linkCode=osi&th=1&psc=1">View Product</a></div><div class="product"><a href="https://www.amazon.com/dp/B07HHY6MKY?tag=eloabder-20&linkCode=osi&th=1&psc=1"><img src="https://m.media-amazon.com/images/I/41QDuvYCQlL._SL500_.jpg" alt="Product Image"></a><p>WORKPRO 150-piece Sanding Discs Set - 5-Inch 8-Hole Sandpaper 10 Grades Include 60, 80, 100, 120, 150,180, 240, 320, 400, 600 Grits for Random Orbital Sander(Not for Oscillating Tools or Mouse Sander)</p><p> -20% 0FF </p><p>$19.99 ($0.13 / Count)</p><a href="https://www.amazon.com/dp/B07HHY6MKY?tag=eloabder-20&linkCode=osi&th=1&psc=1">View Product</a></div><div class="product"><a href="https://www.amazon.com/dp/B09X6DY6RW?tag=eloabder-20&linkCode=osi&th=1&psc=1"><img src="https://m.media-amazon.com/images/I/41rifda9wbL._SL500_.jpg" alt="Product Image"></a><p>Afruxy 4 Pack Extra Fine Sanding Block, Washable and Reusable Sanding Sponge for Wood Drywall Metal Glasses Coarse/Medium/Fine/Superfine in 60/80/120/220 Grit Sandpaper Block Sand Paper Brick</p><p> -25% 0FF </p><p>$8.99 ($2.25 / Count)</p><a href="https://www.amazon.com/dp/B09X6DY6RW?tag=eloabder-20&linkCode=osi&th=1&psc=1">View Product</a></div>
<div class="product"><a href="https://www.amazon.com/dp/B07CH6QNCV?tag=eloabder-20&linkCode=osi&th=1&psc=1"><img src="https://m.media-amazon.com/images/I/413Vmyc4FPL._SL500_.jpg" alt="Product Image"></a><p>VASTOOLS Welding Chipping Hammer with Coil Spring Handle,10.5",Cone and Vertical Chisel/ 10" Wire Brush(Free), Black</p><p> -18% 0FF </p><p>$13.99</p><a href="https://www.amazon.com/dp/B07CH6QNCV?tag=eloabder-20&linkCode=osi&th=1&psc=1">View Product</a></div><div class="product"><a href="https://www.amazon.com/dp/B0D6QRJJ4R?tag=eloabder-20&linkCode=osi&th=1&psc=1"><img src="https://m.media-amazon.com/images/I/41KF4m4nNfL._SL500_.jpg" alt="Product Image"></a><p>120A MIG Welding Machine, 110V/220V Flux Core Welder/Lift TIG/Stick Welder 3 in 1, Portable Gasless Welder with IGBT Inverter, Welding Gun & Welding Wire, Weld Kit for Aluminum, Metal</p><p> -56% 0FF </p><p>$69.99</p><a href="https://www.amazon.com/dp/B0D6QRJJ4R?tag=eloabder-20&linkCode=osi&th=1&psc=1">View Product</a></div>
<div class="product"><a href="https://www.amazon.com/dp/B09YGXKZC1?tag=eloabder-20&linkCode=osi&th=1&psc=1"><img src="https://m.media-amazon.com/images/I/417vPDmhw0L._SL500_.jpg" alt="Product Image"></a><p>ARCCAPTAIN Stick Welder, [Large LED Display] 200A ARC/Lift TIG Welding Machine with Synergic Control, IGBT Inverter 110V/220V Portable MMA Welder Machine with Hot Start, Arc force and Anti-Stick</p><p> -31% 0FF </p><p>$116.63</p><a href="https://www.amazon.com/dp/B09YGXKZC1?tag=eloabder-20&linkCode=osi&th=1&psc=1">View Product</a></div><div class="product"><a href="https://www.amazon.com/dp/B0D9LDRJV7?tag=eloabder-20&linkCode=osi&th=1&psc=1"><img src="https://m.media-amazon.com/images/I/51o3VwWmuzL._SL500_.jpg" alt="Product Image"></a><p>AwxryoX Portable Handheld Welding Machine, 110V 140Amp Upgraded Maquina de Soldar with IGBT Inverter 6 Variable Current, Soldadora Welding Tool Set with 3/32"-1/8" Welding Rod & Protective Gloves</p><p> -25% 0FF </p><p>$89.99</p><a href="https://www.amazon.com/dp/B0D9LDRJV7?tag=eloabder-20&linkCode=osi&th=1&psc=1">View Product</a></div><div class="product"><a href="https://www.amazon.com/dp/B09WDGL3GQ?tag=eloabder-20&linkCode=osi&th=1&psc=1"><img src="https://m.media-amazon.com/images/I/518jYZZcNhL._SL500_.jpg" alt="Product Image"></a><p>Welding Machine, Upgraded MMA-250A 110V Welder Machine,Portable Stick Welder IGBT Digital Display LCD,Home DIY Arc Welder,Hot Start Arc Force Anti-stick Mini Welder</p><p> -14% 0FF </p><p>$67.79</p><a href="https://www.amazon.com/dp/B09WDGL3GQ?tag=eloabder-20&linkCode=osi&th=1&psc=1">View Product</a></div><div class="product"><a href="https://www.amazon.com/dp/B0BR8TS34Y?tag=eloabder-20&linkCode=osi&th=1&psc=1"><img src="https://m.media-amazon.com/images/I/51NzsbTpmyL._SL500_.jpg" alt="Product Image"></a><p>Welding machine handheld | 110V IGBT Digital Stick WelderÔºåPortable welder machine with Complete Accessory Set & Carrying Case</p><p> -50% 0FF </p><p>$49.99</p><a href="https://www.amazon.com/dp/B0BR8TS34Y?tag=eloabder-20&linkCode=osi&th=1&psc=1">View Product</a></div><div class="product"><a href="https://www.amazon.com/dp/B0BN81636G?tag=eloabder-20&linkCode=osi&th=1&psc=1"><img src="https://m.media-amazon.com/images/I/41q0oXAoP1L._SL500_.jpg" alt="Product Image"></a><p>AZZUNO MIG Welder,Flux Core Welder Machine 110V 130Amp, Gasless MIG Welding Machine IGBT Inverter Welder Portable Wire Feed Welder (110V)</p><p> -21% 0FF </p><p>$85.99</p><a href="https://www.amazon.com/dp/B0BN81636G?tag=eloabder-20&linkCode=osi&th=1&psc=1">View Product</a></div>
<div class="product"><a href="https://www.amazon.com/dp/B07MKRYWMD?tag=eloabder-20&linkCode=osi&th=1&psc=1"><img src="https://m.media-amazon.com/images/I/31nmFb6CayL._SL500_.jpg" alt="Product Image"></a><p>Hobart 770890 Auto-Darkening Welding Helmet, Large, Black</p><p> -10% 0FF </p><p>$98.99</p><a href="https://www.amazon.com/dp/B07MKRYWMD?tag=eloabder-20&linkCode=osi&th=1&psc=1">View Product</a></div><div class="product"><a href="https://www.amazon.com/dp/B07V9G94NK?tag=eloabder-20&linkCode=osi&th=1&psc=1"><img src="https://m.media-amazon.com/images/I/31SAUhqpDZL._SL500_.jpg" alt="Product Image"></a><p>Lincoln Electric K3034-4 VIKING 3350 Auto Darkening Welding Helmet with 4C Lens Technology, Matte Black, extra large</p><p> -29% 0FF </p><p>$357.99</p><a href="https://www.amazon.com/dp/B07V9G94NK?tag=eloabder-20&linkCode=osi&th=1&psc=1">View Product</a></div><div class="product"><a href="https://www.amazon.com/dp/B0BYXPR9F3?tag=eloabder-20&linkCode=osi&th=1&psc=1"><img src="https://m.media-amazon.com/images/I/51ggHp1dC3L._SL500_.jpg" alt="Product Image"></a><p>TOOLIOM Welding Helmet Solar Power Auto Darkening Welding Helmet Adjustable Shade Range for MIG TIG Stick Welder Mask Blue Eagle</p><p> -13% 0FF </p><p>$27.99</p><a href="https://www.amazon.com/dp/B0BYXPR9F3?tag=eloabder-20&linkCode=osi&th=1&psc=1">View Product</a></div><div class="product"><a href="https://www.amazon.com/dp/B0BV6RYWV9?tag=eloabder-20&linkCode=osi&th=1&psc=1"><img src="https://m.media-amazon.com/images/I/41HBwMbwbaL._SL500_.jpg" alt="Product Image"></a><p>ARCCAPTAIN Welding Helmet Auto Darkening, 3.94"X3.66" Large Viewing Screen True Color Welding Hood with 4 Arc Sensor Solar Powered, Wide Shade 4-5/5-9/9-13 for ARC TIG MIG Welding Helmets for Men</p><p> -17% 0FF </p><p>$59.99</p><a href="https://www.amazon.com/dp/B0BV6RYWV9?tag=eloabder-20&linkCode=osi&th=1&psc=1">View Product</a></div>
<div class="product"><a href="https://www.amazon.com/dp/B07RX7TNBY?tag=eloabder-20&linkCode=osi&th=1&psc=1"><img src="https://m.media-amazon.com/images/I/417ep0UH1cL._SL500_.jpg" alt="Product Image"></a><p>WZQH 16 Inches,932‚Ñâ,Leather Forge Welding Gloves, Heat/Fire Resistant,Mitts for BBQ,Oven,Grill,Fireplace,Tig,Mig,Baking,Furnace,Stove,Pot Holder,Animal Handling Glove.Black-gray</p><p> -32% 0FF </p><p>$19.74 ($19.74 / Count)</p><a href="https://www.amazon.com/dp/B07RX7TNBY?tag=eloabder-20&linkCode=osi&th=1&psc=1">View Product</a></div><div class="product"><a href="https://www.amazon.com/dp/B00IYX04YC?tag=eloabder-20&linkCode=osi&th=1&psc=1"><img src="https://m.media-amazon.com/images/I/51vjm0ZOsgL._SL500_.jpg" alt="Product Image"></a><p>Lincoln Electric Leather Welding Gloves KH641, Premium Hand Protection from Welder and Cutting Torch Heat, Commercial Quality, Cotton Lined, Gauntlet Cuff, Unisex, Grey, One Size</p><p> -5% 0FF </p><p>$18.98</p><a href="https://www.amazon.com/dp/B00IYX04YC?tag=eloabder-20&linkCode=osi&th=1&psc=1">View Product</a></div><div class="product"><a href="https://www.amazon.com/dp/B078FMLJSW?tag=eloabder-20&linkCode=osi&th=1&psc=1"><img src="https://m.media-amazon.com/images/I/41cO-Y-5sjL._SL500_.jpg" alt="Product Image"></a><p>Revco GM1611 Top Grain Leather Cowhide MIG Welding Gloves with Reinforced Palm & Thumb & Index Finger, Seamless Forefinger, 5" Cuff for Extra Protection (Medium)</p><p> -7% 0FF </p><p>$27.99</p><a href="https://www.amazon.com/dp/B078FMLJSW?tag=eloabder-20&linkCode=osi&th=1&psc=1">View Product</a></div>
<div class="product"><a href="https://www.amazon.com/dp/B07W41G6P3?tag=eloabder-20&linkCode=osi&th=1&psc=1"><img src="https://m.media-amazon.com/images/I/51FnU0Vr4ZL._SL500_.jpg" alt="Product Image"></a><p>YESWELDER Flux Core Gasless Mig Wire, Mild Steel E71TGS .030-Diameter, 2-Pound Strong ABS Plastic Spool</p><p> -30% 0FF </p><p>$15.99</p><a href="https://www.amazon.com/dp/B07W41G6P3?tag=eloabder-20&linkCode=osi&th=1&psc=1">View Product</a></div><div class="product"><a href="https://www.amazon.com/dp/B0BRCT2NLM?tag=eloabder-20&linkCode=osi&th=1&psc=1"><img src="https://m.media-amazon.com/images/I/412YtbTwWWL._SL500_.jpg" alt="Product Image"></a><p>0.035 flux core welding wire, 3 Spools E71T-GS Low Splatter gasless Carbon Steel Mig Welding Wire Compatible With HF Fourney Harbor Welder(3 PACK)</p><p> -9% 0FF </p><p>$29.99</p><a href="https://www.amazon.com/dp/B0BRCT2NLM?tag=eloabder-20&linkCode=osi&th=1&psc=1">View Product</a></div><div class="product"><a href="https://www.amazon.com/dp/B003XKH71O?tag=eloabder-20&linkCode=osi&th=1&psc=1"><img src="https://m.media-amazon.com/images/I/51aO46a0SrL._SL500_.jpg" alt="Product Image"></a><p>INEFIL ER70S-6 .030-Inch on 10-Pound Spool Carbon Steel Mig Solid Welding Wire</p><p> -24% 0FF </p><p>$25.05 ($0.16 / Ounce)</p><a href="https://www.amazon.com/dp/B003XKH71O?tag=eloabder-20&linkCode=osi&th=1&psc=1">View Product</a></div><div class="product"><a href="https://www.amazon.com/dp/B00F429SZM?tag=eloabder-20&linkCode=osi&th=1&psc=1"><img src="https://m.media-amazon.com/images/I/41BHKwqBRIL._SL500_.jpg" alt="Product Image"></a><p>Blue Demon E71TGS X .035‚Äù X 2 LB MIG/GMAW Gasless Flux Core Carbon Steel Welding Wire, All Position, Easy Slag Removal, Formulated To Provide Porosity-Free, X-Ray Quality Welds</p><p> -30% 0FF </p><p>$11.91</p><a href="https://www.amazon.com/dp/B00F429SZM?tag=eloabder-20&linkCode=osi&th=1&psc=1">View Product</a></div><div class="product"><a href="https://www.amazon.com/dp/B01I82OSC2?tag=eloabder-20&linkCode=osi&th=1&psc=1"><img src="https://m.media-amazon.com/images/I/41QrzqdrCEL._SL500_.jpg" alt="Product Image"></a><p>Lincoln Electric MIG Welding Wire, NR-211-MP, .035, Spool, Model: ED030584 (Pack of 3)</p><p> -6% 0FF </p><p>$46.99 ($15.66 / Count)</p><a href="https://www.amazon.com/dp/B01I82OSC2?tag=eloabder-20&linkCode=osi&th=1&psc=1">View Product</a></div><div class="product"><a href="https://www.amazon.com/dp/B09YYCRKR2?tag=eloabder-20&linkCode=osi&th=1&psc=1"><img src="https://m.media-amazon.com/images/I/51DpQ1PI8pL._SL500_.jpg" alt="Product Image"></a><p>ARCCAPTAIN Flux Core Welding Wire .030, E71T-GS Mig Welding Wire 2-Pound Spool Gasless Mild Carbon Steel Compatible With Lincoln Miller Forney Harbor Welder</p><p> -8% 0FF </p><p>$16.99</p><a href="https://www.amazon.com/dp/B09YYCRKR2?tag=eloabder-20&linkCode=osi&th=1&psc=1">View Product</a></div><div class="product"><a href="https://www.amazon.com/dp/B09DYCK78H?tag=eloabder-20&linkCode=osi&th=1&psc=1"><img src="https://m.media-amazon.com/images/I/41umOmMUkzL._SL500_.jpg" alt="Product Image"></a><p>TOOLIOM ER70S-6 .030"(0.8 mm) Mild Steel Mig Solid Welding Wire on 10-Pound Spool for TL-200M TL-250M Pro</p><p> -7% 0FF </p><p>$27.99</p><a href="https://www.amazon.com/dp/B09DYCK78H?tag=eloabder-20&linkCode=osi&th=1&psc=1">View Product</a></div>
<div class="product"><a href="https://www.amazon.com/dp/B0B3D96MN6?tag=eloabder-20&linkCode=osi&th=1&psc=1"><img src="https://m.media-amazon.com/images/I/51k0bP+5e6L._SL500_.jpg" alt="Product Image"></a><p>Soldering Iron Premium Kit, 60W Soldering Gun with Ceramic Heater, 12-in-1 Soldering Tool, Adjustable Temperature 200 to 450¬∞C, Includes Soldering Iron Tip, Solder Wire, Pump and Paste</p><p> -20% 0FF </p><p>$23.99</p><a href="https://www.amazon.com/dp/B0B3D96MN6?tag=eloabder-20&linkCode=osi&th=1&psc=1">View Product</a></div><div class="product"><a href="https://www.amazon.com/dp/B087767KNW?tag=eloabder-20&linkCode=osi&th=1&psc=1"><img src="https://m.media-amazon.com/images/I/41rapiHruXL._SL500_.jpg" alt="Product Image"></a><p>Soldering Iron Kit, 60W Soldering Iron with Interchangeable Iron Tips, 10-in-1 Adjustable Temperature Soldering Welding Iron Kit for any Hobby Enthusiast 110V US Plug</p><p> -13% 0FF </p><p>$12.99</p><a href="https://www.amazon.com/dp/B087767KNW?tag=eloabder-20&linkCode=osi&th=1&psc=1">View Product</a></div><div class="product"><a href="https://www.amazon.com/dp/B082F1WKP9?tag=eloabder-20&linkCode=osi&th=1&psc=1"><img src="https://m.media-amazon.com/images/I/518z061SWZL._SL500_.jpg" alt="Product Image"></a><p>YIHUA 926 III 60W Digital Display Soldering Iron Station Kit w 2 Helping Hands, 6 Extra Iron Tips, Lead-Free Solder, Solder Sucker, S/S Tweezers, ¬∞C/¬∫F Conversion, Auto Sleep & Calibration Support</p><p> -17% 0FF </p><p>$49.99</p><a href="https://www.amazon.com/dp/B082F1WKP9?tag=eloabder-20&linkCode=osi&th=1&psc=1">View Product</a></div><div class="product"><a href="https://www.amazon.com/dp/B002PIA6Z4?tag=eloabder-20&linkCode=osi&th=1&psc=1"><img src="https://m.media-amazon.com/images/I/41hE8aKpakL._SL500_.jpg" alt="Product Image"></a><p>Pro'sKit 900-015 Helping Hands Soldering Aid</p><p> -35% 0FF </p><p>$7.59</p><a href="https://www.amazon.com/dp/B002PIA6Z4?tag=eloabder-20&linkCode=osi&th=1&psc=1">View Product</a></div><div class="product"><a href="https://www.amazon.com/dp/B094GZ6CPZ?tag=eloabder-20&linkCode=osi&th=1&psc=1"><img src="https://m.media-amazon.com/images/I/510vFCSfPqL._SL500_.jpg" alt="Product Image"></a><p>Lesnow solder wick braid 10ft Length Desoldering Wick Braid Remover Tool Solder Sucker 1 piece No-Clean soldering Wick Wire Roll and Disassemble Electrical Components</p><p> -20% 0FF </p><p>$7.99</p><a href="https://www.amazon.com/dp/B094GZ6CPZ?tag=eloabder-20&linkCode=osi&th=1&psc=1">View Product</a></div><div class="product"><a href="https://www.amazon.com/dp/B0CZ9KB3PS?tag=eloabder-20&linkCode=osi&th=1&psc=1"><img src="https://m.media-amazon.com/images/I/41i90xEV7CL._SL500_.jpg" alt="Product Image"></a><p>60W Digital Soldering Station Fast Heating Precision Temperature Control Soldering Iron Station with Stable Base Auto Sleep 10 Soldering Iron Tips Soldering Station Kit for Beginners DIY hobbyist</p><p> -15% 0FF </p><p>$39.88</p><a href="https://www.amazon.com/dp/B0CZ9KB3PS?tag=eloabder-20&linkCode=osi&th=1&psc=1">View Product</a></div><div class="product"><a href="https://www.amazon.com/dp/B00NS4J6BY?tag=eloabder-20&linkCode=osi&th=1&psc=1"><img src="https://m.media-amazon.com/images/I/51zuuNWwBjL._SL500_.jpg" alt="Product Image"></a><p>Thermaltronics TMT-TC-2 Tip Tinner (20g) in 0.8oz Container</p><p> -21% 0FF </p><p>$6.35 ($7.94 / Ounce)</p><a href="https://www.amazon.com/dp/B00NS4J6BY?tag=eloabder-20&linkCode=osi&th=1&psc=1">View Product</a></div>
<div class="product"><a href="https://www.amazon.com/dp/B097T8CG94?tag=eloabder-20&linkCode=osi&th=1&psc=1"><img src="https://m.media-amazon.com/images/I/51ciNJ1DuTL._SL500_.jpg" alt="Product Image"></a><p>Soldering Iron Kit,Electric 60W Soldering Gun Welding Tools with ON/OFF Swicth,5 Soldering Iron Tips,Tweezers,solder wire,for soldering Kit and Repairing,DIY</p><p> -50% 0FF </p><p>$5.99</p><a href="https://www.amazon.com/dp/B097T8CG94?tag=eloabder-20&linkCode=osi&th=1&psc=1">View Product</a></div><div class="product"><a href="https://www.amazon.com/dp/B08R3515SF?tag=eloabder-20&linkCode=osi&th=1&psc=1"><img src="https://m.media-amazon.com/images/I/41-UwHjbdpL._SL500_.jpg" alt="Product Image"></a><p>Soldering Iron Kit, 80W 110V LCD Digital Soldering Welding Iron Kit with Ceramic Heater, Portable Soldering Kit with 5pcs Tips, Stand, Solder Tube, Sponge, Solder Paste,for Metal,Electric, DIY</p><p> -23% 0FF </p><p>$9.95</p><a href="https://www.amazon.com/dp/B08R3515SF?tag=eloabder-20&linkCode=osi&th=1&psc=1">View Product</a></div><div class="product"><a href="https://www.amazon.com/dp/B0BW4HMXJ3?tag=eloabder-20&linkCode=osi&th=1&psc=1"><img src="https://m.media-amazon.com/images/I/516tKeqajpL._SL500_.jpg" alt="Product Image"></a><p>Soldering Iron Kit 80W LCD Adjustable Temperature 180-520‚ÑÉ Solder Kit Electronics 13 in 1 Welding Tools with ON/OFF Switch, Solder Wire, Flux, 5 Soldering Tips, Desoldering Pump, Stand, Tweezers</p><p> -27% 0FF </p><p>$18.98</p><a href="https://www.amazon.com/dp/B0BW4HMXJ3?tag=eloabder-20&linkCode=osi&th=1&psc=1">View Product</a></div>
<div class="product"><a href="https://www.amazon.com/dp/B077JDGY1J?tag=eloabder-20&linkCode=osi&th=1&psc=1"><img src="https://m.media-amazon.com/images/I/41yRK+nzODL._SL500_.jpg" alt="Product Image"></a><p>Weller 70 Watt Digital Soldering Station | WE1010NA</p><p> -25% 0FF </p><p>$115.00</p><a href="https://www.amazon.com/dp/B077JDGY1J?tag=eloabder-20&linkCode=osi&th=1&psc=1">View Product</a></div><div class="product"><a href="https://www.amazon.com/dp/B09TXP1KDV?tag=eloabder-20&linkCode=osi&th=1&psc=1"><img src="https://m.media-amazon.com/images/I/51-97nkYLSL._SL500_.jpg" alt="Product Image"></a><p>WEP 927-IV Soldering Station Kit High-Power 110W with 3 Preset Channels, Sleep Mode, LED Magnifier, 5 Extra Iron Tips, Tip Cleaner, 2 Helping Hands, Tip Storage Slots, Lead-free Solder Wire, Tweezers</p><p> -25% 0FF </p><p>$59.99</p><a href="https://www.amazon.com/dp/B09TXP1KDV?tag=eloabder-20&linkCode=osi&th=1&psc=1">View Product</a></div><div class="product"><a href="https://www.amazon.com/dp/B07RVMZNYR?tag=eloabder-20&linkCode=osi&th=1&psc=1"><img src="https://m.media-amazon.com/images/I/51MK9AVKTeL._SL500_.jpg" alt="Product Image"></a><p>YIHUA 939D+ Digital Soldering Station, 75W Equivalent with Precision Heat Control (392¬∞F to 896¬∞F) and Built-in Transformer. ESD Safe, Lead Free with ¬∞C/¬∞F display (Black)</p><p> -17% 0FF </p><p>$59.99</p><a href="https://www.amazon.com/dp/B07RVMZNYR?tag=eloabder-20&linkCode=osi&th=1&psc=1">View Product</a></div><div class="product"><a href="https://www.amazon.com/dp/B0BX5KXBPD?tag=eloabder-20&linkCode=osi&th=1&psc=1"><img src="https://m.media-amazon.com/images/I/51kzeXwC0sL._SL500_.jpg" alt="Product Image"></a><p>WEP 882D Soldering Iron Station 2-IN-1 SMD Hot Air Rework Station with 2 Spools of Solder Wire, 5 Soldering Tips, 3 Hot Air Nozzles, Brass Wool Tip Cleaner, Tweezers, Desoldering pump</p><p> -12% 0FF </p><p>$48.44</p><a href="https://www.amazon.com/dp/B0BX5KXBPD?tag=eloabder-20&linkCode=osi&th=1&psc=1">View Product</a></div><div class="product"><a href="https://www.amazon.com/dp/B07S4GPM66?tag=eloabder-20&linkCode=osi&th=1&psc=1"><img src="https://m.media-amazon.com/images/I/51Z2ti7tGQL._SL500_.jpg" alt="Product Image"></a><p>YIHUA 853D 2A USB SMD Hot Air Rework Soldering Iron Station, DC Power Supply 0-15V 0-2A with 5V USB Charging Port and 35 Volt DC Voltage Test Meter</p><p> -12% 0FF </p><p>$149.99</p><a href="https://www.amazon.com/dp/B07S4GPM66?tag=eloabder-20&linkCode=osi&th=1&psc=1">View Product</a></div><div class="product"><a href="https://www.amazon.com/dp/B07RY5XWVG?tag=eloabder-20&linkCode=osi&th=1&psc=1"><img src="https://m.media-amazon.com/images/I/51C2g+FzzUL._SL500_.jpg" alt="Product Image"></a><p>YIHUA 862BD+ SMD ESD Safe 2 in 1 Soldering Iron Hot Air Rework Station ¬∞F /¬∞C with Multiple Functions</p><p> -27% 0FF </p><p>$101.95</p><a href="https://www.amazon.com/dp/B07RY5XWVG?tag=eloabder-20&linkCode=osi&th=1&psc=1">View Product</a></div>
<div class="product"><a href="https://www.amazon.com/dp/B008ZIV85A?tag=eloabder-20&linkCode=osi&th=1&psc=1"><img src="https://m.media-amazon.com/images/I/41CWW+v4uOL._SL500_.jpg" alt="Product Image"></a><p>SRA Solder 135 Rosin Paste Soldering Flux For Electronics, No Clean Flux Made for Lead and Lead-Free Solder Circuit Boards and Copper Electrical Wire - Safe Clean Residues with No Goopy Mess (2oz Jar)</p><p> -23% 0FF </p><p>$8.49</p><a href="https://www.amazon.com/dp/B008ZIV85A?tag=eloabder-20&linkCode=osi&th=1&psc=1">View Product</a></div><div class="product"><a href="https://www.amazon.com/dp/B08MVXW4RY?tag=eloabder-20&linkCode=osi&th=1&psc=1"><img src="https://m.media-amazon.com/images/I/51ACPA4yj1L._SL500_.jpg" alt="Product Image"></a><p>2 Jar Solder Flux, Flux for Soldering, Rosin Soldering Flux Paste for Lead-Free Electronics Soldering and Soldering DIY (1.2oz/35g in a Jar)</p><p> -30% 0FF </p><p>$6.98</p><a href="https://www.amazon.com/dp/B08MVXW4RY?tag=eloabder-20&linkCode=osi&th=1&psc=1">View Product</a></div>
<div class="product"><a href="https://www.amazon.com/dp/B07PX44JQM?tag=eloabder-20&linkCode=osi&th=1&psc=1"><img src="https://m.media-amazon.com/images/I/41MRmHNswpL._SL500_.jpg" alt="Product Image"></a><p>Metabo HPT Compound Miter Saw, 10" Miter Saw with Large Table Saw for woodworking, Power saw with 15-Amp Motor, Accurate Miter Angles, 0-45¬∞ Bevel, 24T TCT Miter Saw Blade, Positive Stops, C10FCGS</p><p> -25% 0FF </p><p>$119.00</p><a href="https://www.amazon.com/dp/B07PX44JQM?tag=eloabder-20&linkCode=osi&th=1&psc=1">View Product</a></div><div class="product"><a href="https://www.amazon.com/dp/B0CCNY7798?tag=eloabder-20&linkCode=osi&th=1&psc=1"><img src="https://m.media-amazon.com/images/I/51Wb7rA81NL._SL500_.jpg" alt="Product Image"></a><p>DEKOPRO Drill Set: Tool Set with 8V Blue Cordless Drill, Home Tool Kit with Drill, Hand Tool Kits for Women 126 Piece</p><p> -33% 0FF </p><p>$59.99</p><a href="https://www.amazon.com/dp/B0CCNY7798?tag=eloabder-20&linkCode=osi&th=1&psc=1">View Product</a></div><div class="product"><a href="https://www.amazon.com/dp/B07JPFHQKG?tag=eloabder-20&linkCode=osi&th=1&psc=1"><img src="https://m.media-amazon.com/images/I/413RBSqCVzL._SL500_.jpg" alt="Product Image"></a><p>DEWALT 20V MAX XR Jig Saw, 3,200 Blade Speed, Cordless, Brushless Motor, LED Light, Bare Tool Only (DCS334B)</p><p> -46% 0FF </p><p>$129.00</p><a href="https://www.amazon.com/dp/B07JPFHQKG?tag=eloabder-20&linkCode=osi&th=1&psc=1">View Product</a></div><div class="product"><a href="https://www.amazon.com/dp/B01IR1SXVQ?tag=eloabder-20&linkCode=osi&th=1&psc=1"><img src="https://m.media-amazon.com/images/I/41ryU1i4DeL._SL500_.jpg" alt="Product Image"></a><p>BLACK+DECKER 20V MAX Power Tool Combo Kit, 4-Tool Cordless Power Tool Set with 2 Batteries and Charger (BD4KITCDCRL)</p><p> -29% 0FF </p><p>$141.83</p><a href="https://www.amazon.com/dp/B01IR1SXVQ?tag=eloabder-20&linkCode=osi&th=1&psc=1">View Product</a></div>
<div class="product"><a href="https://www.amazon.com/dp/B0C4L88ZFW?tag=eloabder-20&linkCode=osi&th=1&psc=1"><img src="https://m.media-amazon.com/images/I/51SJoHf6mJL._SL500_.jpg" alt="Product Image"></a><p>FADAKWALT Cordless Drill Set,12V Power Drill Set with Battery and Charger, Electric Driver/Drill Bits, 3/8'' Keyless Chuck,21+1 Torque Setting, 180 inch-lbs, with LED Electric Drill Set (Green)</p><p> -20% 0FF </p><p>$23.98</p><a href="https://www.amazon.com/dp/B0C4L88ZFW?tag=eloabder-20&linkCode=osi&th=1&psc=1">View Product</a></div><div class="product"><a href="https://www.amazon.com/dp/B07CR1GPBQ?tag=eloabder-20&linkCode=osi&th=1&psc=1"><img src="https://m.media-amazon.com/images/I/51Py58xkv6L._SL500_.jpg" alt="Product Image"></a><p>AVID POWER 20V MAX Lithium lon Cordless Drill Set, Power Drill Kit with Battery and Charger, 3/8-Inch Keyless Chuck, Variable Speed, 16 Position and 22pcs Drill Bits (Red)</p><p> -12% 0FF </p><p>$43.99</p><a href="https://www.amazon.com/dp/B07CR1GPBQ?tag=eloabder-20&linkCode=osi&th=1&psc=1">View Product</a></div><div class="product"><a href="https://www.amazon.com/dp/B09Y8BWFZB?tag=eloabder-20&linkCode=osi&th=1&psc=1"><img src="https://m.media-amazon.com/images/I/51Ixq-DjI3L._SL500_.jpg" alt="Product Image"></a><p>DEKOPRO 8V Cordless Drill, Drill Set with 3/8"Keyless Chuck, 42pcs Acessories, Built-in LED, Type-C Charge Cable, Pink Power Drill for Drilling and Tightening/Loosening Screws</p><p> -17% 0FF </p><p>$29.99</p><a href="https://www.amazon.com/dp/B09Y8BWFZB?tag=eloabder-20&linkCode=osi&th=1&psc=1">View Product</a></div>
<div class="product"><a href="https://www.amazon.com/dp/B01KJJQ1MC?tag=eloabder-20&linkCode=osi&th=1&psc=1"><img src="https://m.media-amazon.com/images/I/51zT9DcQquL._SL500_.jpg" alt="Product Image"></a><p>Skil 5080-01 13-Amp 7-1/4" Circular Saw, Red</p><p> -33% 0FF </p><p>$39.99</p><a href="https://www.amazon.com/dp/B01KJJQ1MC?tag=eloabder-20&linkCode=osi&th=1&psc=1">View Product</a></div><div class="product"><a href="https://www.amazon.com/dp/B076HPKK19?tag=eloabder-20&linkCode=osi&th=1&psc=1"><img src="https://m.media-amazon.com/images/I/41b2h45bkSS._SL500_.jpg" alt="Product Image"></a><p>BLACK+DECKER 20V MAX* Cordless Reciprocating Saw Kit (BDCR20C)</p><p> -21% 0FF </p><p>$54.99</p><a href="https://www.amazon.com/dp/B076HPKK19?tag=eloabder-20&linkCode=osi&th=1&psc=1">View Product</a></div><div class="product"><a href="https://www.amazon.com/dp/B07WP376TG?tag=eloabder-20&linkCode=osi&th=1&psc=1"><img src="https://m.media-amazon.com/images/I/51PemucX5WL._SL500_.jpg" alt="Product Image"></a><p>GALAX PRO Circular Saw and Reciprocating Saw Combo Kit with 1pcs 4.0Ah Lithium Battery and One Charger, 7 Saw Blades and Tool Bag</p><p> -21% 0FF </p><p>$109.99</p><a href="https://www.amazon.com/dp/B07WP376TG?tag=eloabder-20&linkCode=osi&th=1&psc=1">View Product</a></div><div class="product"><a href="https://www.amazon.com/dp/B00F2CGXGG?tag=eloabder-20&linkCode=osi&th=1&psc=1"><img src="https://m.media-amazon.com/images/I/41gldz3g2lS._SL500_.jpg" alt="Product Image"></a><p>DEWALT (DWE7491RS) 10-Inch Table Saw, 32-1/2-Inch Rip Capacity, Yellow/Black/Silver</p><p> -18% 0FF </p><p>$549.00</p><a href="https://www.amazon.com/dp/B00F2CGXGG?tag=eloabder-20&linkCode=osi&th=1&psc=1">View Product</a></div><div class="product"><a href="https://www.amazon.com/dp/B086SRQVVM?tag=eloabder-20&linkCode=osi&th=1&psc=1"><img src="https://m.media-amazon.com/images/I/41dsapo-W7L._SL500_.jpg" alt="Product Image"></a><p>Electric Circular Saw, HYCHIKA 6.2A Mini Circular Saw with 3 Blades(4-1/2‚Äù), Compact Hand Saw Max Cutting Depth 1-7/8'' (90¬∞), Rubber Handle, 10 Feet Cord, Fit for Wood Soft Metal Plastic Cuts</p><p> -22% 0FF </p><p>$54.38</p><a href="https://www.amazon.com/dp/B086SRQVVM?tag=eloabder-20&linkCode=osi&th=1&psc=1">View Product</a></div>
<div class="product"><a href="https://www.amazon.com/dp/B00RVZ7DNO?tag=eloabder-20&linkCode=osi&th=1&psc=1"><img src="https://m.media-amazon.com/images/I/41WHxI6Z+bL._SL500_.jpg" alt="Product Image"></a><p>DEWALT Angle Grinder, 4.5 Inch, 11 Amp, With Paddle Switch (DWE402)</p><p> -19% 0FF </p><p>$88.82</p><a href="https://www.amazon.com/dp/B00RVZ7DNO?tag=eloabder-20&linkCode=osi&th=1&psc=1">View Product</a></div><div class="product"><a href="https://www.amazon.com/dp/B07L21GNHL?tag=eloabder-20&linkCode=osi&th=1&psc=1"><img src="https://m.media-amazon.com/images/I/5199mmz0eBS._SL500_.jpg" alt="Product Image"></a><p>Metabo HPT 4-1/2-Inch Angle Grinder, Includes 5 Grinding Wheels & Hard Case, 6.2-Amp Motor, Compact & Lightweight, G12SR4</p><p> -20% 0FF </p><p>$39.00</p><a href="https://www.amazon.com/dp/B07L21GNHL?tag=eloabder-20&linkCode=osi&th=1&psc=1">View Product</a></div><div class="product"><a href="https://www.amazon.com/dp/B009ELXH1K?tag=eloabder-20&linkCode=osi&th=1&psc=1"><img src="https://m.media-amazon.com/images/I/41xbd2K1xkL._SL500_.jpg" alt="Product Image"></a><p>DEWALT Angle Grinder, One-Touch Guard, 4-1/2 -Inch (DWE4011)</p><p> -11% 0FF </p><p>$79.00</p><a href="https://www.amazon.com/dp/B009ELXH1K?tag=eloabder-20&linkCode=osi&th=1&psc=1">View Product</a></div><div class="product"><a href="https://www.amazon.com/dp/B06WW85XHR?tag=eloabder-20&linkCode=osi&th=1&psc=1"><img src="https://m.media-amazon.com/images/I/41IyxzFrgQL._SL500_.jpg" alt="Product Image"></a><p>DEWALT Angle Grinder Tool, 4-1/2-Inch to 5-Inch, Trigger Switch (DWE43116)</p><p> -20% 0FF </p><p>$134.93</p><a href="https://www.amazon.com/dp/B06WW85XHR?tag=eloabder-20&linkCode=osi&th=1&psc=1">View Product</a></div><div class="product"><a href="https://www.amazon.com/dp/B0002SRK6M?tag=eloabder-20&linkCode=osi&th=1&psc=1"><img src="https://m.media-amazon.com/images/I/31rUdEYHfiL._SL500_.jpg" alt="Product Image"></a><p>DEWALT Angle Grinder, 7-Inch, 13-Amp, 8,000 RPM, With Dust Ejection System, Corded (DW840)</p><p> -18% 0FF </p><p>$122.13</p><a href="https://www.amazon.com/dp/B0002SRK6M?tag=eloabder-20&linkCode=osi&th=1&psc=1">View Product</a></div><div class="product"><a href="https://www.amazon.com/dp/B01HD4EH4A?tag=eloabder-20&linkCode=osi&th=1&psc=1"><img src="https://m.media-amazon.com/images/I/31bCbZzbjxL._SL500_.jpg" alt="Product Image"></a><p>BOSCH GWS8-45 4-1/2 Inch 7.5 Amp Angle Grinder</p><p> -15% 0FF </p><p>$58.98</p><a href="https://www.amazon.com/dp/B01HD4EH4A?tag=eloabder-20&linkCode=osi&th=1&psc=1">View Product</a></div><div class="product"><a href="https://www.amazon.com/dp/B09MCMN9SJ?tag=eloabder-20&linkCode=osi&th=1&psc=1"><img src="https://m.media-amazon.com/images/I/51bilvYEN5L._SL500_.jpg" alt="Product Image"></a><p>7.5Amp 4-1/2 Inch 12000 RPM Angle Grinder with 2 Guards, 3 Cutting Wheels, 3 Discs, Non-Slip Handle and Carbon Brush for Metal and Wood</p><p> -13% 0FF </p><p>$39.99</p><a href="https://www.amazon.com/dp/B09MCMN9SJ?tag=eloabder-20&linkCode=osi&th=1&psc=1">View Product</a></div><div class="product"><a href="https://www.amazon.com/dp/B01FJLKS1K?tag=eloabder-20&linkCode=osi&th=1&psc=1"><img src="https://m.media-amazon.com/images/I/41OMZZp7LWL._SL500_.jpg" alt="Product Image"></a><p>WEN 944 7-Amp Angle Grinder, 4-1/2", Grey,black,orange</p><p> -30% 0FF </p><p>$24.35</p><a href="https://www.amazon.com/dp/B01FJLKS1K?tag=eloabder-20&linkCode=osi&th=1&psc=1">View Product</a></div>
<div class="product"><a href="https://www.amazon.com/dp/B07FDL1TW5?tag=eloabder-20&linkCode=osi&th=1&psc=1"><img src="https://m.media-amazon.com/images/I/51OYzHg15RL._SL500_.jpg" alt="Product Image"></a><p>SKIL Corded Multi-Function Detail Sander with Micro-Filter Dust Box 3 Additional Attachments & 12pc Sanding Sheet- SR232301</p><p> -27% 0FF </p><p>$29.00</p><a href="https://www.amazon.com/dp/B07FDL1TW5?tag=eloabder-20&linkCode=osi&th=1&psc=1">View Product</a></div><div class="product"><a href="https://www.amazon.com/dp/B0858C7X3M?tag=eloabder-20&linkCode=osi&th=1&psc=1"><img src="https://m.media-amazon.com/images/I/41-u+iAaY0L._SL500_.jpg" alt="Product Image"></a><p>DEWALT Random Orbit Sander, Variable Speed, 5-Inch (DWE6423)</p><p> -29% 0FF </p><p>$69.99</p><a href="https://www.amazon.com/dp/B0858C7X3M?tag=eloabder-20&linkCode=osi&th=1&psc=1">View Product</a></div><div class="product"><a href="https://www.amazon.com/dp/B01ALMMJH8?tag=eloabder-20&linkCode=osi&th=1&psc=1"><img src="https://m.media-amazon.com/images/I/41c+p-fOD8L._SL500_.jpg" alt="Product Image"></a><p>DEWALT Electric Sander, 1/4-Inch Sheet, (DWE6411)</p><p> -17% 0FF </p><p>$53.64</p><a href="https://www.amazon.com/dp/B01ALMMJH8?tag=eloabder-20&linkCode=osi&th=1&psc=1">View Product</a></div><div class="product"><a href="https://www.amazon.com/dp/B07JQM7C28?tag=eloabder-20&linkCode=osi&th=1&psc=1"><img src="https://m.media-amazon.com/images/I/41dKlVcpqTL._SL500_.jpg" alt="Product Image"></a><p>DEWALT 20V MAX Orbital Sander, Tool Only (DCW210B)</p><p> -41% 0FF </p><p>$105.00</p><a href="https://www.amazon.com/dp/B07JQM7C28?tag=eloabder-20&linkCode=osi&th=1&psc=1">View Product</a></div><div class="product"><a href="https://www.amazon.com/dp/B07KL4QGSQ?tag=eloabder-20&linkCode=osi&th=1&psc=1"><img src="https://m.media-amazon.com/images/I/41Ucr142bJL._SL500_.jpg" alt="Product Image"></a><p>WEN Benchtop Belt and Disc Sander with 4 x 36 in. Belt, 6 in. Disc and Cast Iron Base (6502T)</p><p> -27% 0FF </p><p>$98.80</p><a href="https://www.amazon.com/dp/B07KL4QGSQ?tag=eloabder-20&linkCode=osi&th=1&psc=1">View Product</a></div><div class="product"><a href="https://www.amazon.com/dp/B00OJWLVM6?tag=eloabder-20&linkCode=osi&th=1&psc=1"><img src="https://m.media-amazon.com/images/I/41uzJE+Q03L._SL500_.jpg" alt="Product Image"></a><p>BLACK+DECKER 2.0 Amp Electric 1/4 Sheet Orbit Sander (BDEQS300)</p><p> -29% 0FF </p><p>$28.41</p><a href="https://www.amazon.com/dp/B00OJWLVM6?tag=eloabder-20&linkCode=osi&th=1&psc=1">View Product</a></div>
<div class="product"><a href="https://www.amazon.com/dp/B0DC68CKKH?tag=eloabder-20&linkCode=osi&th=1&psc=1"><img src="https://m.media-amazon.com/images/I/41gqGPLD28L._SL500_.jpg" alt="Product Image"></a><p>VEVOR Air Compressor 80 Gallon, 6.5HP 15.5SCFM@90 PSI, 2-Stage 145PSI Oil Free Stationary Air Compressor Tank, 86dB Quiet Compressor for Industrial Manufacturing, Construction Sites (3-Phase Power)</p><p> -6% 0FF </p><p>$1,141.99</p><a href="https://www.amazon.com/dp/B0DC68CKKH?tag=eloabder-20&linkCode=osi&th=1&psc=1">View Product</a></div><div class="product"><a href="https://www.amazon.com/dp/B0CSZ1NVW4?tag=eloabder-20&linkCode=osi&th=1&psc=1"><img src="https://m.media-amazon.com/images/I/41RAQPUKmVL._SL500_.jpg" alt="Product Image"></a><p>FYPower Air Compressor Whip Hose 3/8 Inch x 10 Feet Lead in Hybrid Hose with Fittings, Flexible and Kink Resistant, 1/4" Industrial Quick Coupler and Plug Kit - Red</p><p> -50% 0FF </p><p>$9.49</p><a href="https://www.amazon.com/dp/B0CSZ1NVW4?tag=eloabder-20&linkCode=osi&th=1&psc=1">View Product</a></div><div class="product"><a href="https://www.amazon.com/dp/B0D1QK5ZKD?tag=eloabder-20&linkCode=osi&th=1&psc=1"><img src="https://m.media-amazon.com/images/I/41lJM5B8d2L._SL500_.jpg" alt="Product Image"></a><p>Uharbour Air Compressor Hose 1/4" x 50 Feet, 1/4 Air Hose PVC/Rubber Hybrid, Air Hose for Compressor with 1/4" MNPT Brass Fitting, Air Hose 50 ft for Air Compressor</p><p> -50% 0FF </p><p>$11.49 ($0.23 / Foot)</p><a href="https://www.amazon.com/dp/B0D1QK5ZKD?tag=eloabder-20&linkCode=osi&th=1&psc=1">View Product</a></div><div class="product"><a href="https://www.amazon.com/dp/B0CQ1ZXN5N?tag=eloabder-20&linkCode=osi&th=1&psc=1"><img src="https://m.media-amazon.com/images/I/413MD4U9LOL._SL500_.jpg" alt="Product Image"></a><p>DEWENWILS 3/8 Inch x 50FT Hybrid Air Hose 300 PSI, Heavy Duty Air Compressor Hose with 1/4" Industrial Quick Coupler Fittings, Flexible and Kink Resistant Air Hose (Red)</p><p> -50% 0FF </p><p>$16.24 ($0.32 / Foot)</p><a href="https://www.amazon.com/dp/B0CQ1ZXN5N?tag=eloabder-20&linkCode=osi&th=1&psc=1">View Product</a></div><div class="product"><a href="https://www.amazon.com/dp/B0CHB3GDSV?tag=eloabder-20&linkCode=osi&th=1&psc=1"><img src="https://m.media-amazon.com/images/I/41TgWdqGdPL._SL500_.jpg" alt="Product Image"></a><p>Giraffe Tools TA15BPLUS Retractable Air Hose Reel with Swivel Bracket 3/8" x 50 ft Hybrid Hose, Ceiling/Wall Mounted Heavy Duty Industrial Air Compressor Hose Reel, 300PSI, 50ft</p><p> -9% 0FF </p><p>$99.99</p><a href="https://www.amazon.com/dp/B0CHB3GDSV?tag=eloabder-20&linkCode=osi&th=1&psc=1">View Product</a></div><div class="product"><a href="https://www.amazon.com/dp/B08PDT69XS?tag=eloabder-20&linkCode=osi&th=1&psc=1"><img src="https://m.media-amazon.com/images/I/41a6Z-s1uhL._SL500_.jpg" alt="Product Image"></a><p>Craftsman 20-piece Air Accessory Kit</p><p> -24% 0FF </p><p>$33.28</p><a href="https://www.amazon.com/dp/B08PDT69XS?tag=eloabder-20&linkCode=osi&th=1&psc=1">View Product</a></div><div class="product"><a href="https://www.amazon.com/dp/B07MBY35K6?tag=eloabder-20&linkCode=osi&th=1&psc=1"><img src="https://m.media-amazon.com/images/I/41wG+631zAL._SL500_.jpg" alt="Product Image"></a><p>AZUNO Digital Tire Inflator with Pressure Gauge, 200 PSI (0.1 Res) w/LED Flashlight, Heavy Duty Air Compressor Accessories 7pcs Set, w/Lock on Air Dual Head Chuck and 90¬∞ Tire Valve</p><p> -6% 0FF </p><p>$25.99</p><a href="https://www.amazon.com/dp/B07MBY35K6?tag=eloabder-20&linkCode=osi&th=1&psc=1">View Product</a></div>
<div class="product"><a href="https://www.amazon.com/dp/B0918CSK8N?tag=eloabder-20&linkCode=osi&th=1&psc=1"><img src="https://m.media-amazon.com/images/I/51PHon751vL._SL500_.jpg" alt="Product Image"></a><p>TOOLPEAK 1/4 inch angle air die grinder with 22 pcs 2-inch roll lock sanding discs, polished color angle pneumatic die grinder, air die grinder kit</p><p> -5% 0FF </p><p>$38.57</p><a href="https://www.amazon.com/dp/B0918CSK8N?tag=eloabder-20&linkCode=osi&th=1&psc=1">View Product</a></div><div class="product"><a href="https://www.amazon.com/dp/B000VZAENC?tag=eloabder-20&linkCode=osi&th=1&psc=1"><img src="https://m.media-amazon.com/images/I/21onsePfIFL._SL500_.jpg" alt="Product Image"></a><p>Ingersoll Rand 114GQC Quick Change Air Hammer 3-Piece Chisel Set, 3500 BPM, 2-5/8" Stroke, .401 Shank</p><p> -13% 0FF </p><p>$64.99</p><a href="https://www.amazon.com/dp/B000VZAENC?tag=eloabder-20&linkCode=osi&th=1&psc=1">View Product</a></div><div class="product"><a href="https://www.amazon.com/dp/B079FCZT4N?tag=eloabder-20&linkCode=osi&th=1&psc=1"><img src="https://m.media-amazon.com/images/I/41MB8jWnISS._SL500_.jpg" alt="Product Image"></a><p>WEN 61721 18-Gauge 3/8-Inch to 2-Inch Pneumatic Brad Nailer</p><p> -38% 0FF </p><p>$27.99</p><a href="https://www.amazon.com/dp/B079FCZT4N?tag=eloabder-20&linkCode=osi&th=1&psc=1">View Product</a></div><div class="product"><a href="https://www.amazon.com/dp/B00OK3TWUW?tag=eloabder-20&linkCode=osi&th=1&psc=1"><img src="https://m.media-amazon.com/images/I/314nu+8-0xL._SL500_.jpg" alt="Product Image"></a><p>DEWALT Grinder Tool, Self-locking Touch Control, 3-Inch (DWMT70784)</p><p> -66% 0FF </p><p>$42.84</p><a href="https://www.amazon.com/dp/B00OK3TWUW?tag=eloabder-20&linkCode=osi&th=1&psc=1">View Product</a></div><div class="product"><a href="https://www.amazon.com/dp/B008JYRDEU?tag=eloabder-20&linkCode=osi&th=1&psc=1"><img src="https://m.media-amazon.com/images/I/316BGYzWEtL._SL500_.jpg" alt="Product Image"></a><p>Ingersoll Rand 301B 1/4-Inch Right-Angle Air Die Grinder</p><p> -17% 0FF </p><p>$66.55</p><a href="https://www.amazon.com/dp/B008JYRDEU?tag=eloabder-20&linkCode=osi&th=1&psc=1">View Product</a></div><div class="product"><a href="https://www.amazon.com/dp/B07MSL5X4W?tag=eloabder-20&linkCode=osi&th=1&psc=1"><img src="https://m.media-amazon.com/images/I/41Q7jIwxfQS._SL500_.jpg" alt="Product Image"></a><p>Metabo HPT Palm Nailer | Pro Preferred Brand of Pneumatic Nailers | Over-molded Rubber Grip | 360 Degree Swivel Fitting | Magnetic Nose | Ideal For Tight Spaces | 5-Year Warranty | NH90AB</p><p> -20% 0FF </p><p>$39.00</p><a href="https://www.amazon.com/dp/B07MSL5X4W?tag=eloabder-20&linkCode=osi&th=1&psc=1">View Product</a></div><div class="product"><a href="https://www.amazon.com/dp/B09XQ9Z1B9?tag=eloabder-20&linkCode=osi&th=1&psc=1"><img src="https://m.media-amazon.com/images/I/61exAD7KuDL._SL500_.jpg" alt="Product Image"></a><p>Air Cut Off Tool with 5Pcs 3-inch Die Grinder Cut-Off Wheels, Pneumatic Metal Sheet Cutting Tool, Heavy Duty Air Cutter Cut off Tool</p><p> -9% 0FF </p><p>$31.99</p><a href="https://www.amazon.com/dp/B09XQ9Z1B9?tag=eloabder-20&linkCode=osi&th=1&psc=1">View Product</a></div><div class="product"><a href="https://www.amazon.com/dp/B0CWV1M883?tag=eloabder-20&linkCode=osi&th=1&psc=1"><img src="https://m.media-amazon.com/images/I/415GvPJJSYL._SL500_.jpg" alt="Product Image"></a><p>Pneumatic Chamfering Tool Handheld, Mini Air-Powered Chamfering Machine Trimming, 45¬∞ Arc Corner with 1/4 Inch Air Inlet for Metal Wood Beveling Deburring (C&R Angle Blades)</p><p> -7% 0FF </p><p>$51.99</p><a href="https://www.amazon.com/dp/B0CWV1M883?tag=eloabder-20&linkCode=osi&th=1&psc=1">View Product</a></div>
<div class="product"><a href="https://www.amazon.com/dp/B0BZNPPBBN?tag=eloabder-20&linkCode=osi&th=1&psc=1"><img src="https://m.media-amazon.com/images/I/51U1TjcJAVL._SL500_.jpg" alt="Product Image"></a><p>6 Pack Hydraulic Seal Installation Tools, Hydraulic Cylinder Piston Repair Rebuild Seal Kit, U-Cup Rod Seal Installation Tool Kits Upgraded Super Strong Seal Twistor Install Tool Set</p><p> -5% 0FF </p><p>$38.99</p><a href="https://www.amazon.com/dp/B0BZNPPBBN?tag=eloabder-20&linkCode=osi&th=1&psc=1">View Product</a></div>
<div class="product"><a href="https://www.amazon.com/dp/B008ASBLJI?tag=eloabder-20&linkCode=osi&th=1&psc=1"><img src="https://m.media-amazon.com/images/I/4191b6i6byL._SL500_.jpg" alt="Product Image"></a><p>Forearm Forklift 2-Person Lifting and Moving Straps; Lift, Move and Carry Furniture, Appliances, Mattresses or Any Item up to 800 lbs. Safely and Easily Like a Pro, Orange</p><p> -33% 0FF </p><p>$19.99</p><a href="https://www.amazon.com/dp/B008ASBLJI?tag=eloabder-20&linkCode=osi&th=1&psc=1">View Product</a></div><div class="product"><a href="https://www.amazon.com/dp/B01G6C1R8O?tag=eloabder-20&linkCode=osi&th=1&psc=1"><img src="https://m.media-amazon.com/images/I/41BBAL4ekvS._SL500_.jpg" alt="Product Image"></a><p>Gymreapers Knee Sleeves (1 Pair) With Gym Bag - IPF Approved - Knee Sleeve & Compression Brace for Squats, Fitness, Weightlifting, and Powerlifting 7MM Sleeve Pair - For Men & Women (Large)</p><p> -14% 0FF </p><p>$59.99</p><a href="https://www.amazon.com/dp/B01G6C1R8O?tag=eloabder-20&linkCode=osi&th=1&psc=1">View Product</a></div><div class="product"><a href="https://www.amazon.com/dp/B0CB8NRQNJ?tag=eloabder-20&linkCode=osi&th=1&psc=1"><img src="https://m.media-amazon.com/images/I/41TGm-OVXtL._SL500_.jpg" alt="Product Image"></a><p>HOLKIE Retractable Casters Heavy Duty Casters with Lifting and Lowering Function Maximum Load of 700 lbs (4 casters) for Workbenches or Other Equipment</p><p> -13% 0FF </p><p>$25.99 ($6.50 / Count)</p><a href="https://www.amazon.com/dp/B0CB8NRQNJ?tag=eloabder-20&linkCode=osi&th=1&psc=1">View Product</a></div>
<div class="product"><a href="https://www.amazon.com/dp/B08669YYV7?tag=eloabder-20&linkCode=osi&th=1&psc=1"><img src="https://m.media-amazon.com/images/I/51UV5G4XfgL._SL500_.jpg" alt="Product Image"></a><p>RoMech 660lb Digital Hanging Scale with Cast Aluminum Case, Handheld 300Kg Mini Crane Scale with Hooks for Farm Hunting Fishing Outdoor (Orange)</p><p> -25% 0FF </p><p>$29.99</p><a href="https://www.amazon.com/dp/B08669YYV7?tag=eloabder-20&linkCode=osi&th=1&psc=1">View Product</a></div><div class="product"><a href="https://www.amazon.com/dp/B0CMHX7Q2X?tag=eloabder-20&linkCode=osi&th=1&psc=1"><img src="https://m.media-amazon.com/images/I/31NOuexL2YL._SL500_.jpg" alt="Product Image"></a><p>VEVOR Crane Scale, Hanging Scale Industrial Heavy Duty, Digital Crane Scale with Remote Control, Cast Aluminum Case & LED Screen, 2200 lbs/1000 kg,High Precision for Construction, Factory, Farm</p><p> -10% 0FF </p><p>$66.59</p><a href="https://www.amazon.com/dp/B0CMHX7Q2X?tag=eloabder-20&linkCode=osi&th=1&psc=1">View Product</a></div>
<div class="product"><a href="https://www.amazon.com/dp/B0CQCDVKJ1?tag=eloabder-20&linkCode=osi&th=1&psc=1"><img src="https://m.media-amazon.com/images/I/41GQHYTm0VL._SL500_.jpg" alt="Product Image"></a><p>VEVOR 2-in-1 Electric Hoist Winch, 1100 lbs Lift Capacity, 1500W Portable Power Winch Crane, 22.9 ft Lifting Height, 13 ft/min with Wired Remote Control, for Garage, Warehouse, Factory Lifting Towing</p><p> -17% 0FF </p><p>$107.99</p><a href="https://www.amazon.com/dp/B0CQCDVKJ1?tag=eloabder-20&linkCode=osi&th=1&psc=1">View Product</a></div><div class="product"><a href="https://www.amazon.com/dp/B0CT2LSGSD?tag=eloabder-20&linkCode=osi&th=1&psc=1"><img src="https://m.media-amazon.com/images/I/41-pWD30jmL._SL500_.jpg" alt="Product Image"></a><p>3 in 1 Electric Hoist Winch,2200LBS Wired and Wireless Remote Control,110/120V-Portable Power Electric Hoist,41ft Lifting Garage Lift Hoist& Pure Copper Motor,forGarage,Factories,Warehouses,Verandahs</p><p> -6% 0FF </p><p>$146.56</p><a href="https://www.amazon.com/dp/B0CT2LSGSD?tag=eloabder-20&linkCode=osi&th=1&psc=1">View Product</a></div><div class="product"><a href="https://www.amazon.com/dp/B09TW27PBZ?tag=eloabder-20&linkCode=osi&th=1&psc=1"><img src="https://m.media-amazon.com/images/I/411FSmkLWEL._SL500_.jpg" alt="Product Image"></a><p>VEVOR Electric Hoist, 440LBS Attic Hoist, Ladder Hoist, 110V Electric Hoist with 14ft Remote Control & Single/Double Slings for Lifting in Factories, Warehouses, Construction Site, Attic</p><p> -15% 0FF </p><p>$82.44</p><a href="https://www.amazon.com/dp/B09TW27PBZ?tag=eloabder-20&linkCode=osi&th=1&psc=1">View Product</a></div><div class="product"><a href="https://www.amazon.com/dp/B0C4DSHF17?tag=eloabder-20&linkCode=osi&th=1&psc=1"><img src="https://m.media-amazon.com/images/I/51EnChC+cEL._SL500_.jpg" alt="Product Image"></a><p>VEVOR 1320lbs Electric Hoist with Wireless Remote Control,110v Electric Hoist with Remote Control, 40ft/20ft Lifting Height & Pure Copper Motor, for Garage Warehouse Factory</p><p> -12% 0FF </p><p>$112.49</p><a href="https://www.amazon.com/dp/B0C4DSHF17?tag=eloabder-20&linkCode=osi&th=1&psc=1">View Product</a></div>
<div class="product"><a href="https://www.amazon.com/dp/B08GQ9VXKK?tag=eloabder-20&linkCode=osi&th=1&psc=1"><img src="https://m.media-amazon.com/images/I/51D47aU7KVL._SL500_.jpg" alt="Product Image"></a><p>Sidasu Forklift Safety Cage 36x36 Inches Forklift Work Platform 1200LBS Capacity with 4 Wheels Aerial Platform Collapsible Lift Basket Aerial Rails for Lifting Loader</p><p> -11% 0FF </p><p>$159.99</p><a href="https://www.amazon.com/dp/B08GQ9VXKK?tag=eloabder-20&linkCode=osi&th=1&psc=1">View Product</a></div><div class="product"><a href="https://www.amazon.com/dp/B0CRYQTYPQ?tag=eloabder-20&linkCode=osi&th=1&psc=1"><img src="https://m.media-amazon.com/images/I/51wrhc6U5NL._SL500_.jpg" alt="Product Image"></a><p>Santiano Forklift Cover,All-Weather Use, Multi-Functional, No Disassembly, Waterproof, Dustproof, Wind & Snow Protection,600D Oxford&EVA Eco-Friendly Material - Work Year-Round!Up to 6000 Lbs</p><p> -10% 0FF </p><p>$89.99</p><a href="https://www.amazon.com/dp/B0CRYQTYPQ?tag=eloabder-20&linkCode=osi&th=1&psc=1">View Product</a></div>
<div class="product"><a href="https://www.amazon.com/dp/B0D3LGSK5H?tag=eloabder-20&linkCode=osi&th=1&psc=1"><img src="https://m.media-amazon.com/images/I/41Stu0GX-WL._SL500_.jpg" alt="Product Image"></a><p>VEVOR Belt Conveyor, 47 x 7.8 inch Conveyor Table, Heavy Duty Stainless Steel Motorized Belt Conveyor for Inkjet Coding Applications Powered PVC Belt Anti-Static Adjustable Speed (Double Guardrail)</p><p> -30% 0FF </p><p>$168.99</p><a href="https://www.amazon.com/dp/B0D3LGSK5H?tag=eloabder-20&linkCode=osi&th=1&psc=1">View Product</a></div><div class="product"><a href="https://www.amazon.com/dp/B0D7Q3GX1Q?tag=eloabder-20&linkCode=osi&th=1&psc=1"><img src="https://m.media-amazon.com/images/I/41FysGv+h2L._SL500_.jpg" alt="Product Image"></a><p>biosp Adjustable Conveyor Roller Stand with Wheels, Conveyor System Table Height Adjusts between 23'' and 36'', Infeed/Outfeed Support Expandable Gravity Conveyor Belt 300 lbs Load Weight Capacity</p><p> -27% 0FF </p><p>$134.99</p><a href="https://www.amazon.com/dp/B0D7Q3GX1Q?tag=eloabder-20&linkCode=osi&th=1&psc=1">View Product</a></div>
<div class="product"><a href="https://www.amazon.com/dp/B085X1KRSY?tag=eloabder-20&linkCode=osi&th=1&psc=1"><img src="https://m.media-amazon.com/images/I/31zzyc8v40L._SL500_.jpg" alt="Product Image"></a><p>Rhino Cart All Terrain Mover - All Terrain Moving Dolly for Heavy Appliance, Furniture, and Building Material Handling with 2,000lb Load Rating</p><p> -11% 0FF </p><p>$141.86</p><a href="https://www.amazon.com/dp/B085X1KRSY?tag=eloabder-20&linkCode=osi&th=1&psc=1">View Product</a></div><div class="product"><a href="https://www.amazon.com/dp/B097K7JG56?tag=eloabder-20&linkCode=osi&th=1&psc=1"><img src="https://m.media-amazon.com/images/I/51L7oLmBU6L._SL500_.jpg" alt="Product Image"></a><p>XClifes Labor-Saving Handle 2 Pack, 12 in Construction Jack, Wall Tile Locator, Multi-Function Height Adjustment Lifting Device, Door Panel Lifting Cabinet Jack, Raised by 6.69 in,Dynamic Load 450 LB</p><p> -70% 0FF </p><p>$41.99</p><a href="https://www.amazon.com/dp/B097K7JG56?tag=eloabder-20&linkCode=osi&th=1&psc=1">View Product</a></div>
<div class="product"><a href="https://www.amazon.com/dp/B0C73SXNLS?tag=eloabder-20&linkCode=osi&th=1&psc=1"><img src="https://m.media-amazon.com/images/I/51wYIKHX3sL._SL500_.jpg" alt="Product Image"></a><p>Space Saving Hangers, 10PCS Magic Hangers, 5 Holes Sturdy Plastic Hanger Clothes Organizer, Closet Organizers and Storage, Space Saver Hangers Organization, College Dorm Room Essentials (Gray)</p><p> -60% 0FF </p><p>$7.97</p><a href="https://www.amazon.com/dp/B0C73SXNLS?tag=eloabder-20&linkCode=osi&th=1&psc=1">View Product</a></div><div class="product"><a href="https://www.amazon.com/dp/B0BS3JQFBN?tag=eloabder-20&linkCode=osi&th=1&psc=1"><img src="https://m.media-amazon.com/images/I/51B12NhX-VL._SL500_.jpg" alt="Product Image"></a><p>HUITEM Space Saving 6 Tier Pant Hangers, Anti-Slip, Stainless Steel, 2 Pack, Black</p><p> -37% 0FF </p><p>$16.99 ($8.50 / Count)</p><a href="https://www.amazon.com/dp/B0BS3JQFBN?tag=eloabder-20&linkCode=osi&th=1&psc=1">View Product</a></div><div class="product"><a href="https://www.amazon.com/dp/B091KFT7WN?tag=eloabder-20&linkCode=osi&th=1&psc=1"><img src="https://m.media-amazon.com/images/I/415blLO8QrS._SL500_.jpg" alt="Product Image"></a><p>Magic Pants Hangers Space Saving - 2 Pack for Closet Multiple Layers Multifunctional Uses Rack Organizer for Trousers Scarves Slack (2 Pack with 10 Metal Clips)</p><p> -32% 0FF </p><p>$17.59 ($8.80 / Count)</p><a href="https://www.amazon.com/dp/B091KFT7WN?tag=eloabder-20&linkCode=osi&th=1&psc=1">View Product</a></div><div class="product"><a href="https://www.amazon.com/dp/B0CX56DY6R?tag=eloabder-20&linkCode=osi&th=1&psc=1"><img src="https://m.media-amazon.com/images/I/41lm5CT5cBL._SL500_.jpg" alt="Product Image"></a><p>ZEDODIER Tank Top Hanger, Rotatable Bra Organzier for Closet, Max 24 Storage Capacity Sport Bra Holder, Metal Space Saving Closet Organizers and Storage, Silver</p><p> -20% 0FF </p><p>$7.99</p><a href="https://www.amazon.com/dp/B0CX56DY6R?tag=eloabder-20&linkCode=osi&th=1&psc=1">View Product</a></div><div class="product"><a href="https://www.amazon.com/dp/B0CPPHDVDJ?tag=eloabder-20&linkCode=osi&th=1&psc=1"><img src="https://m.media-amazon.com/images/I/51sbXFj+BoL._SL500_.jpg" alt="Product Image"></a><p>2 Pack Closet-Organizers-and-Storage,6 Tier Mens-Shorts Pants-Hangers-Space-Saving,Skirt-Hangers with Clips for Closet Organizer,College-Dorm-Room-Essentials,Closet Storage Jean Yoga Legging Hanger</p><p> -8% 0FF </p><p>$11.99</p><a href="https://www.amazon.com/dp/B0CPPHDVDJ?tag=eloabder-20&linkCode=osi&th=1&psc=1">View Product</a></div>
<div class="product"><a href="https://www.amazon.com/dp/B0B7KTX5LC?tag=eloabder-20&linkCode=osi&th=1&psc=1"><img src="https://m.media-amazon.com/images/I/51JTXlpt4rL._SL500_.jpg" alt="Product Image"></a><p>Bezuny 72" H|36" W All-Metal Garage Shelving Unit and Storage-Easy Assembly Shelves 5-Tier Rack|Heavy-Duty Adjustable Shelf|Steel Waterproof Rust-Resistant Shelves for Industrial,Warehouse,Basement</p><p> -30% 0FF </p><p>$69.99</p><a href="https://www.amazon.com/dp/B0B7KTX5LC?tag=eloabder-20&linkCode=osi&th=1&psc=1">View Product</a></div><div class="product"><a href="https://www.amazon.com/dp/B0B5S3PH6P?tag=eloabder-20&linkCode=osi&th=1&psc=1"><img src="https://m.media-amazon.com/images/I/51jO-STn4XL._SL500_.jpg" alt="Product Image"></a><p>REIBII Garage Shelving, 72" Garage Storage Shelves Heavy Duty Shelving Units and Storage Loads 2500LBS, Adjustable 5 Tier Metal Shelving for Garage Shelves, Utility Shelf Rack, 72" H*35.5" W*16" D</p><p> -20% 0FF </p><p>$79.85</p><a href="https://www.amazon.com/dp/B0B5S3PH6P?tag=eloabder-20&linkCode=osi&th=1&psc=1">View Product</a></div><div class="product"><a href="https://www.amazon.com/dp/B0B6BDKTLB?tag=eloabder-20&linkCode=osi&th=1&psc=1"><img src="https://m.media-amazon.com/images/I/51ku-TmYb3L._SL500_.jpg" alt="Product Image"></a><p>REIBII 36" W x 16" D x 72" H Garage Shelving 2500LBS Capacity Adjustable 5-Tier Heavy Duty Metal Shelving Rack Shelf for Garage,Shed, Pantry, Basement,2 Pack</p><p> -40% 0FF </p><p>$117.99</p><a href="https://www.amazon.com/dp/B0B6BDKTLB?tag=eloabder-20&linkCode=osi&th=1&psc=1">View Product</a></div>
<div class="product"><a href="https://www.amazon.com/dp/B0BV5K3K6V?tag=eloabder-20&linkCode=osi&th=1&psc=1"><img src="https://m.media-amazon.com/images/I/41lZ9MOqYgL._SL500_.jpg" alt="Product Image"></a><p>Pro-Lift Garage Storage Shelves - Heavy Duty 4-Tier Adjustable Metal Wire Shelving Units with 8000 lbs Total Capacity for Garage Basement Racking Organization - 72" H X 77" W X 24" D</p><p> -10% 0FF </p><p>$404.99</p><a href="https://www.amazon.com/dp/B0BV5K3K6V?tag=eloabder-20&linkCode=osi&th=1&psc=1">View Product</a></div><div class="product"><a href="https://www.amazon.com/dp/B0BV6P81V5?tag=eloabder-20&linkCode=osi&th=1&psc=1"><img src="https://m.media-amazon.com/images/I/41cJ52D8IXL._SL500_.jpg" alt="Product Image"></a><p>Pro-LifT Garage Storage Shelves - Heavy Duty 3-Tier Adjustable Metal Wire Shelving Units with 3000 lbs Total Capacity for Garage Basement Racking Organization - 48" H X 48" W X 24" D</p><p> -10% 0FF </p><p>$269.99</p><a href="https://www.amazon.com/dp/B0BV6P81V5?tag=eloabder-20&linkCode=osi&th=1&psc=1">View Product</a></div><div class="product"><a href="https://www.amazon.com/dp/B099RT478T?tag=eloabder-20&linkCode=osi&th=1&psc=1"><img src="https://m.media-amazon.com/images/I/51qH610h91L._SL500_.jpg" alt="Product Image"></a><p>FLEXIMOUNTS Garage Shelving, 3-Tier Heavy Duty Adjustable Shelf, 4650 lbs Weight Capacity Storage Rack, 4 Feet Tall Industrial Metal Shelving</p><p> -20% 0FF </p><p>$159.99</p><a href="https://www.amazon.com/dp/B099RT478T?tag=eloabder-20&linkCode=osi&th=1&psc=1">View Product</a></div><div class="product"><a href="https://www.amazon.com/dp/B0BVB3KSF8?tag=eloabder-20&linkCode=osi&th=1&psc=1"><img src="https://m.media-amazon.com/images/I/41OiNKSrE9L._SL500_.jpg" alt="Product Image"></a><p>Pro-LifT Garage Storage Shelves - Heavy Duty 5-Tier Adjustable Metal Wire Shelving Units with 4000 lbs Total Capacity for Garage Basement Racking Organization - 72" H X 48" W X 18" D</p><p> -21% 0FF </p><p>$172.90</p><a href="https://www.amazon.com/dp/B0BVB3KSF8?tag=eloabder-20&linkCode=osi&th=1&psc=1">View Product</a></div><div class="product"><a href="https://www.amazon.com/dp/B00EZEN2KW?tag=eloabder-20&linkCode=osi&th=1&psc=1"><img src="https://m.media-amazon.com/images/I/41NZ6KW-NBL._SL500_.jpg" alt="Product Image"></a><p>BestOffice 18x48x72 Storage Shelves Commercial Heavy Duty Metal Shelves Garage Organizer Wire Rack Shelving Storage Unit Shelf Adjustable Utility 6000 LBS Capacity,Chrome</p><p> -32% 0FF </p><p>$88.99</p><a href="https://www.amazon.com/dp/B00EZEN2KW?tag=eloabder-20&linkCode=osi&th=1&psc=1">View Product</a></div>
<div class="product"><a href="https://www.amazon.com/dp/B0052PPNQO?tag=eloabder-20&linkCode=osi&th=1&psc=1"><img src="https://m.media-amazon.com/images/I/41wsX9EmOEL._SL500_.jpg" alt="Product Image"></a><p>Vestil PLP2-4840-GREEN Polyethylene Pallet with 4 Way Entry 8000 lbs Capacity 40 In Length 48 In Width 6 In Height</p><p> -11% 0FF </p><p>$178.00</p><a href="https://www.amazon.com/dp/B0052PPNQO?tag=eloabder-20&linkCode=osi&th=1&psc=1">View Product</a></div>
<div class="product"><a href="https://www.amazon.com/dp/B0D3HYC8H1?tag=eloabder-20&linkCode=osi&th=1&psc=1"><img src="https://m.media-amazon.com/images/I/51g1Q8n8fvL._SL500_.jpg" alt="Product Image"></a><p>Dealusy 50 Pack (100-Piece) 24 oz Meal Prep Containers Reusable with Lids, Sturdy Leakproof & Food Safe, Microwave, Freezer, Dishwasher Safe Food Prep Containers, To Go Take Out Plastic Food Storage</p><p> -38% 0FF </p><p>$19.99 ($0.40 / Count)</p><a href="https://www.amazon.com/dp/B0D3HYC8H1?tag=eloabder-20&linkCode=osi&th=1&psc=1">View Product</a></div><div class="product"><a href="https://www.amazon.com/dp/B0BJ8DLPZ2?tag=eloabder-20&linkCode=osi&th=1&psc=1"><img src="https://m.media-amazon.com/images/I/51uDVTFjr8L._SL500_.jpg" alt="Product Image"></a><p>Axe Sickle 200 Count Clear Plastic Hinged Take Out Containers Clamshell Takeout Tray Food Clamshell Containers Outside Diameter 5.3 x 4.7 inch for Dessert, Snacksetc, Cakes, Cookies, Salads</p><p> -8% 0FF </p><p>$23.99 ($0.12 / Count)</p><a href="https://www.amazon.com/dp/B0BJ8DLPZ2?tag=eloabder-20&linkCode=osi&th=1&psc=1">View Product</a></div>
<div class="product"><a href="https://www.amazon.com/dp/B01A12J3GI?tag=eloabder-20&linkCode=osi&th=1&psc=1"><img src="https://m.media-amazon.com/images/I/51OnLlU2IyL._SL500_.jpg" alt="Product Image"></a><p>DEWALT DPG82-11 Concealer Clear Anti-Fog Dual Mold Safety Goggle, Clear Lens, 1 Pair</p><p> -6% 0FF </p><p>$12.24</p><a href="https://www.amazon.com/dp/B01A12J3GI?tag=eloabder-20&linkCode=osi&th=1&psc=1">View Product</a></div><div class="product"><a href="https://www.amazon.com/dp/B0BGSFQJF6?tag=eloabder-20&linkCode=osi&th=1&psc=1"><img src="https://m.media-amazon.com/images/I/510nceKxovL._SL500_.jpg" alt="Product Image"></a><p>TICONN 12 Clear Safety Glasses for Men, Safety Goggles with Scratch Impact Resistant Meets ANSI Z87.1 Standard (12 Pack)</p><p> -13% 0FF </p><p>$12.99</p><a href="https://www.amazon.com/dp/B0BGSFQJF6?tag=eloabder-20&linkCode=osi&th=1&psc=1">View Product</a></div>
<div class="product"><a href="https://www.amazon.com/dp/B093FJWP7J?tag=eloabder-20&linkCode=osi&th=1&psc=1"><img src="https://m.media-amazon.com/images/I/51YRhBJ7CiL._SL500_.jpg" alt="Product Image"></a><p>Personal Protective Equipment (PPE) Isolation Door Caddy, Nylon Oxford NFPA-701 Large Scale Flame Retardant Coating 18.5 X 31 Inch, Included 2 Hooks - Royal Blue (with Back Pockets)</p><p> -13% 0FF </p><p>$84.97</p><a href="https://www.amazon.com/dp/B093FJWP7J?tag=eloabder-20&linkCode=osi&th=1&psc=1">View Product</a></div>
<div class="product"><a href="https://www.amazon.com/dp/B01AWK1XAS?tag=eloabder-20&linkCode=osi&th=1&psc=1"><img src="https://m.media-amazon.com/images/I/41Oax+1e+4L._SL500_.jpg" alt="Product Image"></a><p>NoCry Clear Safety Glasses for Men and Women with Anti-Fog and Scratch Resistant Wrap Around Lenses, Adjustable Temples and Nose Pads ‚Äî Certified ANSI Z87 Safety Glasses ‚Äî 100% UV Protective Eyewear</p><p> -18% 0FF </p><p>$13.99</p><a href="https://www.amazon.com/dp/B01AWK1XAS?tag=eloabder-20&linkCode=osi&th=1&psc=1">View Product</a></div><div class="product"><a href="https://www.amazon.com/dp/B0BNHKWR6W?tag=eloabder-20&linkCode=osi&th=1&psc=1"><img src="https://m.media-amazon.com/images/I/41yahLzQNGL._SL500_.jpg" alt="Product Image"></a><p>HPYNPES Safety GlassesClear Anti-Fog Goggles Over-Spec Glasses Protective Eye Wear Industrial Approved Wide-VisionÔºà4 PACKÔºâ</p><p> -50% 0FF </p><p>$9.99</p><a href="https://www.amazon.com/dp/B0BNHKWR6W?tag=eloabder-20&linkCode=osi&th=1&psc=1">View Product</a></div><div class="product"><a href="https://www.amazon.com/dp/B08S35C88L?tag=eloabder-20&linkCode=osi&th=1&psc=1"><img src="https://m.media-amazon.com/images/I/31X6+YNSuzS._SL500_.jpg" alt="Product Image"></a><p>SolidWork Safety Glasses Clear Lens with Side Shields, Anti Fog, Anti Scratch, Anti-Glare, Protective Eyewear for Men & Women</p><p> -15% 0FF </p><p>$16.99</p><a href="https://www.amazon.com/dp/B08S35C88L?tag=eloabder-20&linkCode=osi&th=1&psc=1">View Product</a></div><div class="product"><a href="https://www.amazon.com/dp/B016KZ2APQ?tag=eloabder-20&linkCode=osi&th=1&psc=1"><img src="https://m.media-amazon.com/images/I/311+k1qPWOL._SL500_.jpg" alt="Product Image"></a><p>3M Safety Glasses Solus 1000 Series ANSI Z87 Scotchgard Anti-Fog Clear Lens Low Profile Blue/Black Frame</p><p> -12% 0FF </p><p>$15.86</p><a href="https://www.amazon.com/dp/B016KZ2APQ?tag=eloabder-20&linkCode=osi&th=1&psc=1">View Product</a></div>
<div class="product"><a href="https://www.amazon.com/dp/B001FPCUHA?tag=eloabder-20&linkCode=osi&th=1&psc=1"><img src="https://m.media-amazon.com/images/I/31F0QDXn4KL._SL500_.jpg" alt="Product Image"></a><p>Flents Foam Ear Plugs, 10 Pair with Case for Sleeping, Snoring, Loud Noise, Traveling, Concerts, Construction, & Studying, NRR 33, Purple, Made in the USA,10 Count (Pack of 1)</p><p> -51% 0FF </p><p>$3.46 ($0.35 / Count)</p><a href="https://www.amazon.com/dp/B001FPCUHA?tag=eloabder-20&linkCode=osi&th=1&psc=1">View Product</a></div><div class="product"><a href="https://www.amazon.com/dp/B004CZYJLA?tag=eloabder-20&linkCode=osi&th=1&psc=1"><img src="https://m.media-amazon.com/images/I/31N8m8qA-yL._SL500_.jpg" alt="Product Image"></a><p>Flents Foam Ear Plugs, 10 Pair with Case for Sleeping, Snoring, Loud Noise, Traveling, Concerts, Construction, & Studying, NRR 33, Green, Made in the USA</p><p> -39% 0FF </p><p>$4.26 ($0.43 / Count)</p><a href="https://www.amazon.com/dp/B004CZYJLA?tag=eloabder-20&linkCode=osi&th=1&psc=1">View Product</a></div><div class="product"><a href="https://www.amazon.com/dp/B0DCZBPB4B?tag=eloabder-20&linkCode=osi&th=1&psc=1"><img src="https://m.media-amazon.com/images/I/41YdD7Ib+fL._SL500_.jpg" alt="Product Image"></a><p>Ear plugs for Sleeping 45dB Noise Cancelling Ear plugs for Concert, Work, Travel, Focus & Noise Sensitivity Silicone Hearing Protection Earplugs with 8 Ear Tips Reusable Noise Reduction Ear plug Black</p><p> -33% 0FF </p><p>$19.99</p><a href="https://www.amazon.com/dp/B0DCZBPB4B?tag=eloabder-20&linkCode=osi&th=1&psc=1">View Product</a></div><div class="product"><a href="https://www.amazon.com/dp/B085VNX9RT?tag=eloabder-20&linkCode=osi&th=1&psc=1"><img src="https://m.media-amazon.com/images/I/51-GbKB7ecL._SL500_.jpg" alt="Product Image"></a><p>Ear Plugs for Sleeping,16 Pairs Noise Canceling Soft Reusable Silicone Earplugs Waterproof Noise Reduction Earplugs for Concert,Swimming,Study,Loud Noise,Snoring</p><p> -34% 0FF </p><p>$8.59</p><a href="https://www.amazon.com/dp/B085VNX9RT?tag=eloabder-20&linkCode=osi&th=1&psc=1">View Product</a></div><div class="product"><a href="https://www.amazon.com/dp/B07G1MWHNR?tag=eloabder-20&linkCode=osi&th=1&psc=1"><img src="https://m.media-amazon.com/images/I/51xb3+YIUzL._SL500_.jpg" alt="Product Image"></a><p>Mack's Pillow Soft Silicone Earplugs, 12 Pair ‚Äì The Original Moldable Silicone Putty Ear Plugs for Sleeping, Snoring, Swimming, Travel, Concerts and Studying | Made in USA</p><p> -15% 0FF </p><p>$10.98 ($0.92 / Count)</p><a href="https://www.amazon.com/dp/B07G1MWHNR?tag=eloabder-20&linkCode=osi&th=1&psc=1">View Product</a></div><div class="product"><a href="https://www.amazon.com/dp/B0C852XHM7?tag=eloabder-20&linkCode=osi&th=1&psc=1"><img src="https://m.media-amazon.com/images/I/41cVUZQHT1L._SL500_.jpg" alt="Product Image"></a><p>Lenicany 30Pair Soft Foam EarPlugs, 32dB Disposable Sound Blocking Noise Cancelling Ear Plugs for Sleeping/Concerts Loud Music/Shooting Guns/Work Construction, Hearing Safety Protection (Blue)</p><p> -10% 0FF </p><p>$5.39 ($0.18 / Count)</p><a href="https://www.amazon.com/dp/B0C852XHM7?tag=eloabder-20&linkCode=osi&th=1&psc=1">View Product</a></div>
<div class="product"><a href="https://www.amazon.com/dp/B007JZ1N00?tag=eloabder-20&linkCode=osi&th=1&psc=1"><img src="https://m.media-amazon.com/images/I/41xRp2ZPBML._SL500_.jpg" alt="Product Image"></a><p>3M Half Facepiece Reusable Respirator 6200, NIOSH, Four-Point Harness, Comfortable Fit, Dual Airline Supplied Air Compatible, Bayonet Connections, Painting, Sanding, Cleaning, Medium</p><p> -28% 0FF </p><p>$14.75</p><a href="https://www.amazon.com/dp/B007JZ1N00?tag=eloabder-20&linkCode=osi&th=1&psc=1">View Product</a></div><div class="product"><a href="https://www.amazon.com/dp/B00004Z4EB?tag=eloabder-20&linkCode=osi&th=1&psc=1"><img src="https://m.media-amazon.com/images/I/51AYNvsO9wL._SL500_.jpg" alt="Product Image"></a><p>3M P95/OV Paint Project Reusable Respirator 6211, Medium Size, NIOSH-APPROVED Organic Vapor Cartridge & P95 Rated Filters, Lightweight, Flexible, Thermoplastic Faceseal For Comfort (6211P1-DC)</p><p> -14% 0FF </p><p>$34.20</p><a href="https://www.amazon.com/dp/B00004Z4EB?tag=eloabder-20&linkCode=osi&th=1&psc=1">View Product</a></div><div class="product"><a href="https://www.amazon.com/dp/B00IF7RCU6?tag=eloabder-20&linkCode=osi&th=1&psc=1"><img src="https://m.media-amazon.com/images/I/41AYgABL6KL._SL500_.jpg" alt="Product Image"></a><p>3M Rugged Comfort Quick Latch Half Facepiece Reusable Respirator 6503QL, NIOSH, Cool Flow Exhalation Valve, Bayonet Connection, Silicone Face Seal, for Gases, Vapors, Dust, Maintenance, Construction,L</p><p> -23% 0FF </p><p>$28.11</p><a href="https://www.amazon.com/dp/B00IF7RCU6?tag=eloabder-20&linkCode=osi&th=1&psc=1">View Product</a></div><div class="product"><a href="https://www.amazon.com/dp/B087FCW79Y?tag=eloabder-20&linkCode=osi&th=1&psc=1"><img src="https://m.media-amazon.com/images/I/41C6rOloEmL._SL500_.jpg" alt="Product Image"></a><p>RANKSING Reusable Respirator Gas Mask Half Facepiece Shield 6200 Face Cover with Filters for Dust, Fumes, Asbestos, Chemicals and Other Airborne Particles while Painting, Spraying, Polishing and More</p><p> -40% 0FF </p><p>$17.99</p><a href="https://www.amazon.com/dp/B087FCW79Y?tag=eloabder-20&linkCode=osi&th=1&psc=1">View Product</a></div><div class="product"><a href="https://www.amazon.com/dp/B007JZ1LG6?tag=eloabder-20&linkCode=osi&th=1&psc=1"><img src="https://m.media-amazon.com/images/I/41PsiHhcy1L._SL500_.jpg" alt="Product Image"></a><p>3M Full Facepiece Reusable Respirator 6800, NIOSH, Large Lens, ANSI High Impact Eye Protection, Silicone Face Seal, Four-Point Harness, Comfortable Fit, Painting, Dust, Chemicals, Medium</p><p> -56% 0FF </p><p>$93.00</p><a href="https://www.amazon.com/dp/B007JZ1LG6?tag=eloabder-20&linkCode=osi&th=1&psc=1">View Product</a></div>
<div class="product"><a href="https://www.amazon.com/dp/B08SYM9K52?tag=eloabder-20&linkCode=osi&th=1&psc=1"><img src="https://m.media-amazon.com/images/I/41bReMzs8sL._SL500_.jpg" alt="Product Image"></a><p>Klein Tools 60347 Hard Hat, Vented Full Brim, Class C, Premium KARBN Pattern, Rechargeable Lamp, Padded Sweat-Wicking Sweatband, Top Pad</p><p> -32% 0FF </p><p>$79.99</p><a href="https://www.amazon.com/dp/B08SYM9K52?tag=eloabder-20&linkCode=osi&th=1&psc=1">View Product</a></div><div class="product"><a href="https://www.amazon.com/dp/B07FQTCYTW?tag=eloabder-20&linkCode=osi&th=1&psc=1"><img src="https://m.media-amazon.com/images/I/41xEGl20DeL._SL500_.jpg" alt="Product Image"></a><p>Pyramex HP24110 Full Brim Hard Hat 4 Point Ratchet Suspension - White, 12 Count</p><p> -6% 0FF </p><p>$109.53</p><a href="https://www.amazon.com/dp/B07FQTCYTW?tag=eloabder-20&linkCode=osi&th=1&psc=1">View Product</a></div><div class="product"><a href="https://www.amazon.com/dp/B07L6QMYGG?tag=eloabder-20&linkCode=osi&th=1&psc=1"><img src="https://m.media-amazon.com/images/I/31xNCnPSZXL._SL500_.jpg" alt="Product Image"></a><p>Pyramex Ridgeline Full Brim Hard Hat 4 Point Ratchet Vented Matte Black Graphite Pattern</p><p> -15% 0FF </p><p>$28.00</p><a href="https://www.amazon.com/dp/B07L6QMYGG?tag=eloabder-20&linkCode=osi&th=1&psc=1">View Product</a></div><div class="product"><a href="https://www.amazon.com/dp/B078B9QD55?tag=eloabder-20&linkCode=osi&th=1&psc=1"><img src="https://m.media-amazon.com/images/I/41zmuOz7-DL._SL500_.jpg" alt="Product Image"></a><p>Pyramex Ridgeline Cap Style Hard Hat 4 Point Ratchet Vented Matte Black Graphite Pattern</p><p> -21% 0FF </p><p>$27.00</p><a href="https://www.amazon.com/dp/B078B9QD55?tag=eloabder-20&linkCode=osi&th=1&psc=1">View Product</a></div>
<div class="product"><a href="https://www.amazon.com/dp/B0BW9185XF?tag=eloabder-20&linkCode=osi&th=1&psc=1"><img src="https://m.media-amazon.com/images/I/51lDE-LgnFL._SL500_.jpg" alt="Product Image"></a><p>NEOTRIL Safety Work Gloves MicroFoam Nitrile Coated-3 Pairs, Seamless Knit Nylon Bulk Pack Working Gloves with Grip for Men Women Light Duty Work,Automotive,Warehouse (Gray,L)</p><p> -31% 0FF </p><p>$9.99</p><a href="https://www.amazon.com/dp/B0BW9185XF?tag=eloabder-20&linkCode=osi&th=1&psc=1">View Product</a></div><div class="product"><a href="https://www.amazon.com/dp/B00004XOH8?tag=eloabder-20&linkCode=osi&th=1&psc=1"><img src="https://m.media-amazon.com/images/I/41vrr-XI8HL._SL500_.jpg" alt="Product Image"></a><p>Ironclad General Utility Work Gloves GUG, All-Purpose, Performance Fit, Durable, Machine Washable, (1 Pair), Large - GUG-04-L , Black</p><p> -34% 0FF </p><p>$14.83</p><a href="https://www.amazon.com/dp/B00004XOH8?tag=eloabder-20&linkCode=osi&th=1&psc=1">View Product</a></div><div class="product"><a href="https://www.amazon.com/dp/B0797N2YW1?tag=eloabder-20&linkCode=osi&th=1&psc=1"><img src="https://m.media-amazon.com/images/I/41JMMfokSfL._SL500_.jpg" alt="Product Image"></a><p>HANDLANDY Mens Work Gloves Touch screen, Synthetic Leather Utility Gloves, Flexible Breathable Fit- Padded Knuckles & Palm (Large)</p><p> -19% 0FF </p><p>$12.80 ($12.80 / Count)</p><a href="https://www.amazon.com/dp/B0797N2YW1?tag=eloabder-20&linkCode=osi&th=1&psc=1">View Product</a></div>
<div class="product"><a href="https://www.amazon.com/dp/B01N5L2JG7?tag=eloabder-20&linkCode=osi&th=1&psc=1"><img src="https://m.media-amazon.com/images/I/41TB3tRdI3L._SL500_.jpg" alt="Product Image"></a><p>Skechers Men's Flex Advantage Bendon Work Shoe, Black, 9</p><p> -17% 0FF </p><p>$70.83</p><a href="https://www.amazon.com/dp/B01N5L2JG7?tag=eloabder-20&linkCode=osi&th=1&psc=1">View Product</a></div><div class="product"><a href="https://www.amazon.com/dp/B00QX3UKXA?tag=eloabder-20&linkCode=osi&th=1&psc=1"><img src="https://m.media-amazon.com/images/I/41y-VMqnzVL._SL500_.jpg" alt="Product Image"></a><p>Skechers womens Sure Track Trickel-w health care and food service shoes, Black, 9 X-Wide US</p><p> -38% 0FF </p><p>$58.63</p><a href="https://www.amazon.com/dp/B00QX3UKXA?tag=eloabder-20&linkCode=osi&th=1&psc=1">View Product</a></div><div class="product"><a href="https://www.amazon.com/dp/B08XLM93P7?tag=eloabder-20&linkCode=osi&th=1&psc=1"><img src="https://m.media-amazon.com/images/I/41VlYm6BhQL._SL500_.jpg" alt="Product Image"></a><p>Shoes for Crews Everlight Mens Non Slip Work Shoes - Men's Work & Safety Footwear, Lace-Up Breathable Work Shoes for Men, Zapato de Trabajo para Hombre, Size 11.5 Black</p><p> -14% 0FF </p><p>$59.98</p><a href="https://www.amazon.com/dp/B08XLM93P7?tag=eloabder-20&linkCode=osi&th=1&psc=1">View Product</a></div><div class="product"><a href="https://www.amazon.com/dp/B01KXSD3Q6?tag=eloabder-20&linkCode=osi&th=1&psc=1"><img src="https://m.media-amazon.com/images/I/41KIVA8d16L._SL500_.jpg" alt="Product Image"></a><p>Skechers Men's Dighton Athletic Work Food Service Shoe, Black, 10.5</p><p> -19% 0FF </p><p>$40.35</p><a href="https://www.amazon.com/dp/B01KXSD3Q6?tag=eloabder-20&linkCode=osi&th=1&psc=1">View Product</a></div><div class="product"><a href="https://www.amazon.com/dp/B0CRB5HDWQ?tag=eloabder-20&linkCode=osi&th=1&psc=1"><img src="https://m.media-amazon.com/images/I/410N9FwQahL._SL500_.jpg" alt="Product Image"></a><p>Non Slip Waterproof Shoes for Men Work Slip Resistant Oil Slip On Loafers Chef Kitchen Restaurant Food Service Zapatos de Trabajo para Hombres antideslizante para cocina Black</p><p> -20% 0FF </p><p>$39.89</p><a href="https://www.amazon.com/dp/B0CRB5HDWQ?tag=eloabder-20&linkCode=osi&th=1&psc=1">View Product</a></div><div class="product"><a href="https://www.amazon.com/dp/B0777Z16G2?tag=eloabder-20&linkCode=osi&th=1&psc=1"><img src="https://m.media-amazon.com/images/I/41ZjAWKjD1L._SL500_.jpg" alt="Product Image"></a><p>Skechers Men's Nampa Food Service Shoe, Black, 14 Wide</p><p> -28% 0FF </p><p>$40.34</p><a href="https://www.amazon.com/dp/B0777Z16G2?tag=eloabder-20&linkCode=osi&th=1&psc=1">View Product</a></div>
<div class="product"><a href="https://www.amazon.com/dp/B0032U3JXA?tag=eloabder-20&linkCode=osi&th=1&psc=1"><img src="https://m.media-amazon.com/images/I/51fQWw+gCYL._SL500_.jpg" alt="Product Image"></a><p>Guardian Fall Protection 00815 BOS-T50 Bucket of Safe-Tie - 5 Gallon Bucket, 50 ft. Vertical Lifeline Assembly, 5 Temper Reusable Anchor, Safety Harness Kit, Yellow</p><p> -20% 0FF </p><p>$87.92</p><a href="https://www.amazon.com/dp/B0032U3JXA?tag=eloabder-20&linkCode=osi&th=1&psc=1">View Product</a></div><div class="product"><a href="https://www.amazon.com/dp/B004A7XV50?tag=eloabder-20&linkCode=osi&th=1&psc=1"><img src="https://m.media-amazon.com/images/I/41Cmyb7QFkL._SL500_.jpg" alt="Product Image"></a><p>Guardian Fall Protection 10785 Premium 3-Foot Cross-Arm Straps with Large and Small D-Rings</p><p> -21% 0FF </p><p>$26.13</p><a href="https://www.amazon.com/dp/B004A7XV50?tag=eloabder-20&linkCode=osi&th=1&psc=1">View Product</a></div>
<div class="product"><a href="https://www.amazon.com/dp/B00HSJCS06?tag=eloabder-20&linkCode=osi&th=1&psc=1"><img src="https://m.media-amazon.com/images/I/51FCdQhuNVL._SL500_.jpg" alt="Product Image"></a><p>Accuform Lockout Tags, Pack of 25, Bilingual Danger Do Not Operation Equipment Lock Out, US Made OSHA Compliant Tags, Tear & Water Resistant PF-Cardstock, 5.75"x 3.25", TSP105CTP</p><p> -11% 0FF </p><p>$17.86 ($0.71 / Count)</p><a href="https://www.amazon.com/dp/B00HSJCS06?tag=eloabder-20&linkCode=osi&th=1&psc=1">View Product</a></div>
<div class="product"><a href="https://www.amazon.com/dp/B0C5M773VW?tag=eloabder-20&linkCode=osi&th=1&psc=1"><img src="https://m.media-amazon.com/images/I/51uxbEonuhL._SL500_.jpg" alt="Product Image"></a><p>SecuCaptain Emergency Fire Blanket for Home and Kitchen - 2 Pack 40"x40" Flame Suppression Fiberglass Fire Blankets for House Camping Car Office Warehouse Emergency Survival Safety</p><p> -43% 0FF </p><p>$16.99</p><a href="https://www.amazon.com/dp/B0C5M773VW?tag=eloabder-20&linkCode=osi&th=1&psc=1">View Product</a></div><div class="product"><a href="https://www.amazon.com/dp/B001229JCU?tag=eloabder-20&linkCode=osi&th=1&psc=1"><img src="https://m.media-amazon.com/images/I/31W6FuKPMcL._SL500_.jpg" alt="Product Image"></a><p>First Alert EZ Fire Spray, Extinguishing Aerosol Spray, AF400 Red 18 Ounce (Pack of 1)</p><p> -55% 0FF </p><p>$12.49</p><a href="https://www.amazon.com/dp/B001229JCU?tag=eloabder-20&linkCode=osi&th=1&psc=1">View Product</a></div><div class="product"><a href="https://www.amazon.com/dp/B00002ND64?tag=eloabder-20&linkCode=osi&th=1&psc=1"><img src="https://m.media-amazon.com/images/I/41r+PeZkpJL._SL500_.jpg" alt="Product Image"></a><p>Kidde FA110 Multi Purpose Fire Extinguisher 1A10BC, 1 Pack, red</p><p> -31% 0FF </p><p>$25.49</p><a href="https://www.amazon.com/dp/B00002ND64?tag=eloabder-20&linkCode=osi&th=1&psc=1">View Product</a></div><div class="product"><a href="https://www.amazon.com/dp/B07CQJCD6G?tag=eloabder-20&linkCode=osi&th=1&psc=1"><img src="https://m.media-amazon.com/images/I/31EmoFZ3KTL._SL500_.jpg" alt="Product Image"></a><p>Sellstrom Odyssey II Wildland Fire Safety Goggles - Anti-Fog, Anti-Scratch Eye Protection Goggles for Men & Women - FR Strap, fits over Glasses, ANSI Z87.1</p><p> -28% 0FF </p><p>$16.78</p><a href="https://www.amazon.com/dp/B07CQJCD6G?tag=eloabder-20&linkCode=osi&th=1&psc=1">View Product</a></div><div class="product"><a href="https://www.amazon.com/dp/B00005OU7B?tag=eloabder-20&linkCode=osi&th=1&psc=1"><img src="https://m.media-amazon.com/images/I/51O8BtvNfSL._SL500_.jpg" alt="Product Image"></a><p>Kidde Fire Escape Ladder, 2-Story Rope Ladder, Extends to 13-Feet, Anti-Slip Rungs</p><p> -36% 0FF </p><p>$40.99</p><a href="https://www.amazon.com/dp/B00005OU7B?tag=eloabder-20&linkCode=osi&th=1&psc=1">View Product</a></div><div class="product"><a href="https://www.amazon.com/dp/B08Z61XL6V?tag=eloabder-20&linkCode=osi&th=1&psc=1"><img src="https://m.media-amazon.com/images/I/519EzZgGD6L._SL500_.jpg" alt="Product Image"></a><p>Mart Cobra Emergency Fire Blanket for Home and Kitchen - 2 Pack - Fire Blankets Emergency for Home 40‚Äù x 40‚Äù - Fire Suppression Blanket - Home Safety</p><p> -25% 0FF </p><p>$29.87</p><a href="https://www.amazon.com/dp/B08Z61XL6V?tag=eloabder-20&linkCode=osi&th=1&psc=1">View Product</a></div>
<div class="product"><a href="https://www.amazon.com/dp/B07D6QGQYB?tag=eloabder-20&linkCode=osi&th=1&psc=1"><img src="https://m.media-amazon.com/images/I/41y18ggm8GL._SL500_.jpg" alt="Product Image"></a><p>Kidde Fire Extinguisher for Home, 1-A:10-B:C, Dry Chemical Extinguisher, Red, Mounting Bracket Included, 2 Pack</p><p> -41% 0FF </p><p>$32.98</p><a href="https://www.amazon.com/dp/B07D6QGQYB?tag=eloabder-20&linkCode=osi&th=1&psc=1">View Product</a></div><div class="product"><a href="https://www.amazon.com/dp/B07B9BNN24?tag=eloabder-20&linkCode=osi&th=1&psc=1"><img src="https://m.media-amazon.com/images/I/41SbuH+cdQL._SL500_.jpg" alt="Product Image"></a><p>FIRST ALERT HOME2PRO Rechargeable Compliance Fire Extinguisher, UL RATED 2-A:10-B:C, Red, 1-Pack</p><p> -27% 0FF </p><p>$36.48</p><a href="https://www.amazon.com/dp/B07B9BNN24?tag=eloabder-20&linkCode=osi&th=1&psc=1">View Product</a></div><div class="product"><a href="https://www.amazon.com/dp/B0C63914WK?tag=eloabder-20&linkCode=osi&th=1&psc=1"><img src="https://m.media-amazon.com/images/I/51IS9bq94IL._SL500_.jpg" alt="Product Image"></a><p>Kidde Kitchen Fire Extinguishers for Home & Office Use, 2 Pack: One 1-A:10-B:C and One Specialty Kitchen Extinguisher, Wall Mount & Strap Brackets Included</p><p> -7% 0FF </p><p>$34.99</p><a href="https://www.amazon.com/dp/B0C63914WK?tag=eloabder-20&linkCode=osi&th=1&psc=1">View Product</a></div><div class="product"><a href="https://www.amazon.com/dp/B0CB9GFZ9M?tag=eloabder-20&linkCode=osi&th=1&psc=1"><img src="https://m.media-amazon.com/images/I/41VJGkO+jDL._SL500_.jpg" alt="Product Image"></a><p>Kidde Fire Extinguisher for Home & Office Use, 5-B:C, 3.2 Lbs., USCG Approved with Strap Bracket (Included)</p><p> -23% 0FF </p><p>$23.10</p><a href="https://www.amazon.com/dp/B0CB9GFZ9M?tag=eloabder-20&linkCode=osi&th=1&psc=1">View Product</a></div><div class="product"><a href="https://www.amazon.com/dp/B0030ZZAR0?tag=eloabder-20&linkCode=osi&th=1&psc=1"><img src="https://m.media-amazon.com/images/I/41R9Nqadh4L._SL500_.jpg" alt="Product Image"></a><p>BUCKEYE Fire Extinguisher, 4A:80B:C, 10 lb., 21in.H, Red</p><p> -13% 0FF </p><p>$77.99</p><a href="https://www.amazon.com/dp/B0030ZZAR0?tag=eloabder-20&linkCode=osi&th=1&psc=1">View Product</a></div>
<div class="product"><a href="https://www.amazon.com/dp/B08LL1HRKW?tag=eloabder-20&linkCode=osi&th=1&psc=1"><img src="https://m.media-amazon.com/images/I/41OyhHgXG4S._SL500_.jpg" alt="Product Image"></a><p>X-Sense Smoke Alarm, 10-Year Battery Fire Alarm Smoke Detector with LED Indicator & Silence Button, SD2J0AX</p><p> -10% 0FF </p><p>$16.99</p><a href="https://www.amazon.com/dp/B08LL1HRKW?tag=eloabder-20&linkCode=osi&th=1&psc=1">View Product</a></div><div class="product"><a href="https://www.amazon.com/dp/B086S4XM47?tag=eloabder-20&linkCode=osi&th=1&psc=1"><img src="https://m.media-amazon.com/images/I/41vM6F1FfTL._SL500_.jpg" alt="Product Image"></a><p>Kidde Smoke Detector, Hardwired Smoke Alarm with Battery Backup, Test-Silence Button</p><p> -29% 0FF </p><p>$18.19</p><a href="https://www.amazon.com/dp/B086S4XM47?tag=eloabder-20&linkCode=osi&th=1&psc=1">View Product</a></div><div class="product"><a href="https://www.amazon.com/dp/B09YQZV62R?tag=eloabder-20&linkCode=osi&th=1&psc=1"><img src="https://m.media-amazon.com/images/I/31JFQcHDfWL._SL500_.jpg" alt="Product Image"></a><p>AEGISLINK Smoke Detector 10-Year Battery with Test/Silence Button, Fire Alarm with Photoelectric Sensor, Low Battery Warning, S500 (Independent, 1-Pack)</p><p> -33% 0FF </p><p>$9.99</p><a href="https://www.amazon.com/dp/B09YQZV62R?tag=eloabder-20&linkCode=osi&th=1&psc=1">View Product</a></div><div class="product"><a href="https://www.amazon.com/dp/B0CJC73MBZ?tag=eloabder-20&linkCode=osi&th=1&psc=1"><img src="https://m.media-amazon.com/images/I/51jYYKlO4+L._SL500_.jpg" alt="Product Image"></a><p>2 in 1 CO & Smoke Alarm,Carbon Monoxide Detectors, with Battery, Smoke Detector,85dB in Alarm,for Home and Kitchen,LCD Screen,Easy to Install</p><p> -20% 0FF </p><p>$15.98</p><a href="https://www.amazon.com/dp/B0CJC73MBZ?tag=eloabder-20&linkCode=osi&th=1&psc=1">View Product</a></div>
<div class="product"><a href="https://www.amazon.com/dp/B0B9YTGGJ3?tag=eloabder-20&linkCode=osi&th=1&psc=1"><img src="https://m.media-amazon.com/images/I/41WR-3ndQgL._SL500_.jpg" alt="Product Image"></a><p>Light and small automatic fire extinguisher, environmentally friendly and clean, car fire extinguisher, automatic fire extinguisher, suitable for electric box, ship cabin, car, ABCEF fire extinguisher</p><p> -13% 0FF </p><p>$34.99</p><a href="https://www.amazon.com/dp/B0B9YTGGJ3?tag=eloabder-20&linkCode=osi&th=1&psc=1">View Product</a></div>



<div class="product"><a href="https://www.amazon.com/dp/B01G1Y42H0?tag=eloabder-20&linkCode=osi&th=1&psc=1"><img src="https://m.media-amazon.com/images/I/41ml0ECvMBL._SL500_.jpg" alt="Product Image"></a><p>Command Broom and Mop Grippers Wall Hook, Damage Free Hanging Wall Mount Broom and Mop Holder, No Tools Household Cleaning Organizer for Living Spaces, 2 Hangers and 4 Command Strips</p><p> -20% 0FF </p><p>$13.58 ($6.79 / Count)</p><a href="https://www.amazon.com/dp/B01G1Y42H0?tag=eloabder-20&linkCode=osi&th=1&psc=1">View Product</a></div><div class="product"><a href="https://www.amazon.com/dp/B0D7S3CS9X?tag=eloabder-20&linkCode=osi&th=1&psc=1"><img src="https://m.media-amazon.com/images/I/51XG4DL1apL._SL500_.jpg" alt="Product Image"></a><p>NEOACT 4 Pack Scrapbook Tape,Double Sided Tape Roller Scrapbook Supplies,0.31In x 26 Ft Glue Tape Runner for Scrapbooking Envelopes Crafts Gift Wrapping Journaling School Office Supplies</p><p> -8% 0FF </p><p>$5.99</p><a href="https://www.amazon.com/dp/B0D7S3CS9X?tag=eloabder-20&linkCode=osi&th=1&psc=1">View Product</a></div><div class="product"><a href="https://www.amazon.com/dp/B07FM4PRY8?tag=eloabder-20&linkCode=osi&th=1&psc=1"><img src="https://m.media-amazon.com/images/I/51HHqS5jGIL._SL500_.jpg" alt="Product Image"></a><p>SUNEE 30 Packs Oversized Reusable Dry Erase Pocket Sleeves with 2 Rings, 10 Assorted Colors 10x14 Ticket Holders, Clear Plastic Sheet Protectors, Teacher School Classroom Supplies</p><p> -33% 0FF </p><p>$19.99</p><a href="https://www.amazon.com/dp/B07FM4PRY8?tag=eloabder-20&linkCode=osi&th=1&psc=1">View Product</a></div><div class="product"><a href="https://www.amazon.com/dp/B07GLCYR5S?tag=eloabder-20&linkCode=osi&th=1&psc=1"><img src="https://m.media-amazon.com/images/I/51BtNdNrdfL._SL500_.jpg" alt="Product Image"></a><p>QIO CHUANG Emergency Mylar Thermal Blankets -Space Blanket Survival kit Camping Blanket (4-Pack). Perfect for Outdoors, Hiking, Survival, Bug Out Bag ÔºåMarathons or First Aid 1</p><p> -46% 0FF </p><p>$6.98 ($1.74 / Count)</p><a href="https://www.amazon.com/dp/B07GLCYR5S?tag=eloabder-20&linkCode=osi&th=1&psc=1">View Product</a></div>
<div class="product"><a href="https://www.amazon.com/dp/B01M7VD07W?tag=eloabder-20&linkCode=osi&th=1&psc=1"><img src="https://m.media-amazon.com/images/I/51fA5JtXB9L._SL500_.jpg" alt="Product Image"></a><p>Gorilla 2 Part Epoxy, 5 Minute Set, Incredibly Strong Bonding, .85 Ounce Syringe, Clear, (Pack of 2)</p><p> -27% 0FF </p><p>$10.90 ($6.41 / Fl Oz)</p><a href="https://www.amazon.com/dp/B01M7VD07W?tag=eloabder-20&linkCode=osi&th=1&psc=1">View Product</a></div><div class="product"><a href="https://www.amazon.com/dp/B0B6HK51C3?tag=eloabder-20&linkCode=osi&th=1&psc=1"><img src="https://m.media-amazon.com/images/I/31uXWAEungL._SL500_.jpg" alt="Product Image"></a><p>Rumba Replacement Side Brush Parts for iRobot Roomba 600 700 800 900 Series 675 692 694 677 671 614 980 960 985 981 880 860 850 861 866 870 890 Vacuum Cleaner Accessories Kit,6 Side Brush,Screw Driver</p><p> -9% 0FF </p><p>$9.99</p><a href="https://www.amazon.com/dp/B0B6HK51C3?tag=eloabder-20&linkCode=osi&th=1&psc=1">View Product</a></div><div class="product"><a href="https://www.amazon.com/dp/B0BZMMR5XW?tag=eloabder-20&linkCode=osi&th=1&psc=1"><img src="https://m.media-amazon.com/images/I/41mpThblwIL._SL500_.jpg" alt="Product Image"></a><p>1614244 Foot Window Replacement for Bissell Crosswave Pet Pro Dry/Vac Vacuums Fits Models: 2328, 2305, 2305K, 2303, 2306A, 2306, 23062, 23068, 2551 Series</p><p> -10% 0FF </p><p>$26.83</p><a href="https://www.amazon.com/dp/B0BZMMR5XW?tag=eloabder-20&linkCode=osi&th=1&psc=1">View Product</a></div><div class="product"><a href="https://www.amazon.com/dp/B0CZLK6QMF?tag=eloabder-20&linkCode=osi&th=1&psc=1"><img src="https://m.media-amazon.com/images/I/311BgZOYsCL._SL500_.jpg" alt="Product Image"></a><p>Generic 7413197 Inlet Deflector Part Replacement, Vaccuum Accessory</p><p> -10% 0FF </p><p>$8.99</p><a href="https://www.amazon.com/dp/B0CZLK6QMF?tag=eloabder-20&linkCode=osi&th=1&psc=1">View Product</a></div><div class="product"><a href="https://www.amazon.com/dp/B0D1K3XHSP?tag=eloabder-20&linkCode=osi&th=1&psc=1"><img src="https://m.media-amazon.com/images/I/41UOnU2oiqL._SL500_.jpg" alt="Product Image"></a><p>RUKHOOL Dust Bin Replacement for Dyson V11 V15 SV14 SV15 SV22 Vacuum Cleaner Canister Bin Bucket Container Replacement Parts for Dyson V11 Large Bin Part No. 970050-01 and 965443-01</p><p> -11% 0FF </p><p>$33.99</p><a href="https://www.amazon.com/dp/B0D1K3XHSP?tag=eloabder-20&linkCode=osi&th=1&psc=1">View Product</a></div>

<div class="product"><a href="https://www.amazon.com/dp/B0BHGT88KF?tag=eloabder-20&linkCode=osi&th=1&psc=1"><img src="https://m.media-amazon.com/images/I/51Wy2vWqMnL._SL500_.jpg" alt="Product Image"></a><p>Fit Geno Back Brace Posture Corrector for Women, Shoulder Straightener, Adjustable Full Back Support, Upper and Lower Back Pain Relief - Scoliosis, Hunchback, Hump, Thoracic, Spine Corrector (Small)</p><p> -10% 0FF </p><p>$35.99</p><a href="https://www.amazon.com/dp/B0BHGT88KF?tag=eloabder-20&linkCode=osi&th=1&psc=1">View Product</a></div><div class="product"><a href="https://www.amazon.com/dp/B003N2DXPG?tag=eloabder-20&linkCode=osi&th=1&psc=1"><img src="https://m.media-amazon.com/images/I/41scKHD+h0L._SL500_.jpg" alt="Product Image"></a><p>Plackers Twin-Line Dental Flossers, Cool Mint Flavor, Dual Action Flossing System, Easy Storage, Super Tuffloss, 2X The Clean, 75 Count</p><p> -31% 0FF </p><p>$2.74 ($0.04 / Foot)</p><a href="https://www.amazon.com/dp/B003N2DXPG?tag=eloabder-20&linkCode=osi&th=1&psc=1">View Product</a></div>


<div class="product"><a href="https://www.amazon.com/dp/B0CGR3R8M2?tag=eloabder-20&linkCode=osi&th=1&psc=1"><img src="https://m.media-amazon.com/images/I/31dJH244FqL._SL500_.jpg" alt="Product Image"></a><p>Stainless Steel Lung Remover, Rubber Handle, Comfortable Grip, Efficient, Reliable Tool Head with Great Grip, Chicken Slaughter Equipment That Improves Efficiency, Easy to Clean</p><p> -7% 0FF </p><p>$12.98</p><a href="https://www.amazon.com/dp/B0CGR3R8M2?tag=eloabder-20&linkCode=osi&th=1&psc=1">View Product</a></div><div class="product"><a href="https://www.amazon.com/dp/B000R8ETKW?tag=eloabder-20&linkCode=osi&th=1&psc=1"><img src="https://m.media-amazon.com/images/I/41rNYbbsqpL._SL500_.jpg" alt="Product Image"></a><p>Fluke 789 ProcessMeter, Includes Standard DMM Capabilities, Measure, Source, Simulate 4-20 mA signals, and Built-In 24 V Loop Supply</p><p> -21% 0FF </p><p>$1,048.39</p><a href="https://www.amazon.com/dp/B000R8ETKW?tag=eloabder-20&linkCode=osi&th=1&psc=1">View Product</a></div><div class="product"><a href="https://www.amazon.com/dp/B0CHYSJBGR?tag=eloabder-20&linkCode=osi&th=1&psc=1"><img src="https://m.media-amazon.com/images/I/31MHdOP3u7L._SL500_.jpg" alt="Product Image"></a><p>SUS 304 Stainless Steel Lung Remover, Food Grade Chicken Processing Equipment with Super Strong Working Head and Ergonomic Handle to Remove Poultry Lungs, Essential Kitchen Tool Easy to Clean</p><p> -17% 0FF </p><p>$9.99</p><a href="https://www.amazon.com/dp/B0CHYSJBGR?tag=eloabder-20&linkCode=osi&th=1&psc=1">View Product</a></div><div class="product"><a href="https://www.amazon.com/dp/B0CR37JVN4?tag=eloabder-20&linkCode=osi&th=1&psc=1"><img src="https://m.media-amazon.com/images/I/41DwoJmzWmL._SL500_.jpg" alt="Product Image"></a><p>TIVOLI Professional Butcher Knife Set for Meat Processing, 7Pcs High Carbon Steel Hand Forged BBQ Knife Set, Serbian Chef Knife Set with Ergonomic Handles for Kitchen Outdoor Cooking Father's Day Gift</p><p> -5% 0FF </p><p>$69.99</p><a href="https://www.amazon.com/dp/B0CR37JVN4?tag=eloabder-20&linkCode=osi&th=1&psc=1">View Product</a></div><div class="product"><a href="https://www.amazon.com/dp/B01HPT0XFU?tag=eloabder-20&linkCode=osi&th=1&psc=1"><img src="https://m.media-amazon.com/images/I/51F+BRGdU+L._SL500_.jpg" alt="Product Image"></a><p>NoCry Premium Cut Resistant Gloves Food Grade ‚Äî Level 5 Protection; Ambidextrous; Machine Washable; Superior Comfort and Dexterity; Lightweight Protective Gloves; Complimentary eBook</p><p> -14% 0FF </p><p>$13.79 ($13.79 / Count)</p><a href="https://www.amazon.com/dp/B01HPT0XFU?tag=eloabder-20&linkCode=osi&th=1&psc=1">View Product</a></div><div class="product"><a href="https://www.amazon.com/dp/B071ZPSQ88?tag=eloabder-20&linkCode=osi&th=1&psc=1"><img src="https://m.media-amazon.com/images/I/31FiGEAJ9VL._SL500_.jpg" alt="Product Image"></a><p>Fluke 787B ProcessMeter</p><p> -15% 0FF </p><p>$1,020.84</p><a href="https://www.amazon.com/dp/B071ZPSQ88?tag=eloabder-20&linkCode=osi&th=1&psc=1">View Product</a></div>
<div class="product"><a href="https://www.amazon.com/dp/B0D8YPW46Y?tag=eloabder-20&linkCode=osi&th=1&psc=1"><img src="https://m.media-amazon.com/images/I/51sr1XVXPoL._SL500_.jpg" alt="Product Image"></a><p>Shelly 1 Gen3 | WiFi & Bluetooth Smart Relay Switch with Dry Contacts, 1-Channel 16A | Home Automation | Alexa, SmartThings & Google Home Compatible | No Hub | DIY Remote Control | Garage Door Opener</p><p> -8% 0FF </p><p>$16.99</p><a href="https://www.amazon.com/dp/B0D8YPW46Y?tag=eloabder-20&linkCode=osi&th=1&psc=1">View Product</a></div><div class="product"><a href="https://www.amazon.com/dp/B0D5XSGYB4?tag=eloabder-20&linkCode=osi&th=1&psc=1"><img src="https://m.media-amazon.com/images/I/31pj-zqLcYL._SL500_.jpg" alt="Product Image"></a><p>OUVOPO Zigbee Contact Sensor 2 Pack, Mini Smart Door Sensor, Home Automation, Kid Safety, Burglar Alert, Work with Alexa, SmartThings, Home Assistant, Aeotec, Homey, Hubitat with Build-in Zigbee Hub</p><p> -11% 0FF </p><p>$24.99</p><a href="https://www.amazon.com/dp/B0D5XSGYB4?tag=eloabder-20&linkCode=osi&th=1&psc=1">View Product</a></div><div class="product"><a href="https://www.amazon.com/dp/B0CXN2B9RS?tag=eloabder-20&linkCode=osi&th=1&psc=1"><img src="https://m.media-amazon.com/images/I/51NXNRAdSxL._SL500_.jpg" alt="Product Image"></a><p>Shelly Plus RGBW PM | WiFi & Bluetooth Smart Remote Control for RGBW with Power Metering | Home Automation | No Hub | Compatible with Alexa & Google Home | iOS Android App</p><p> -8% 0FF </p><p>$24.99</p><a href="https://www.amazon.com/dp/B0CXN2B9RS?tag=eloabder-20&linkCode=osi&th=1&psc=1">View Product</a></div><div class="product"><a href="https://www.amazon.com/dp/B006P591RW?tag=eloabder-20&linkCode=osi&th=1&psc=1"><img src="https://m.media-amazon.com/images/I/41EwZRzPrJL._SL500_.jpg" alt="Product Image"></a><p>Progressive Automations Mounting Bracket BRK-14 for Linear actuators PA-14, PA-14P, PA-08</p><p> -16% 0FF </p><p>$11.69</p><a href="https://www.amazon.com/dp/B006P591RW?tag=eloabder-20&linkCode=osi&th=1&psc=1">View Product</a></div>
<div class="product"><a href="https://www.amazon.com/dp/B08CZ4MG5P?tag=eloabder-20&linkCode=osi&th=1&psc=1"><img src="https://m.media-amazon.com/images/I/61lF1Z1BQ1L._SL500_.jpg" alt="Product Image"></a><p>ELEGOO Conqueror Robot Tank Kit with UNO R3 for Arduino Robotics for Kids Ages 8-12 12-16 STEM Science Kits Coding Robots Toys for 8+ Year Old Boys Girls Teens Circuits Engineering Building Project</p><p> -23% 0FF </p><p>$99.98</p><a href="https://www.amazon.com/dp/B08CZ4MG5P?tag=eloabder-20&linkCode=osi&th=1&psc=1">View Product</a></div><div class="product"><a href="https://www.amazon.com/dp/B0CYPVS3FF?tag=eloabder-20&linkCode=osi&th=1&psc=1"><img src="https://m.media-amazon.com/images/I/41tiE6fqJOL._SL500_.jpg" alt="Product Image"></a><p>Lefant M210 Pro Robot Vacuum Cleaner, 2200Pa Suction,120 Mins Runtime, Self-Charging Slim Robotic Vacuums, APP/Voice/Remote Control, Works with Alexa, Ideal for Pet Hair,Low-Pile Carpet, Hard Floor</p><p> -52% 0FF </p><p>$99.99</p><a href="https://www.amazon.com/dp/B0CYPVS3FF?tag=eloabder-20&linkCode=osi&th=1&psc=1">View Product</a></div><div class="product"><a href="https://www.amazon.com/dp/B09NNF5RHN?tag=eloabder-20&linkCode=osi&th=1&psc=1"><img src="https://m.media-amazon.com/images/I/41yl24NcAYL._SL500_.jpg" alt="Product Image"></a><p>roborock Q7 Max+ Robot Vacuum Cleaner, Hands-Free Cleaning for up to 7 Weeks, Robotic Vacuum with APP-Controlled Mopping, 4200Pa Suction, No-Mop&No-Go Zones, 180mins Runtime</p><p> -37% 0FF </p><p>$549.99</p><a href="https://www.amazon.com/dp/B09NNF5RHN?tag=eloabder-20&linkCode=osi&th=1&psc=1">View Product</a></div><div class="product"><a href="https://www.amazon.com/dp/B07GNDY96N?tag=eloabder-20&linkCode=osi&th=1&psc=1"><img src="https://m.media-amazon.com/images/I/41WDVdRkesL._SL500_.jpg" alt="Product Image"></a><p>ELEGOO Penguin Bot Biped Robot Kit Robotics for Kids Adults Coding for Kids 8-12 STEM Kits for Kids Ages 12-14 14-16 Boys Toys Teens Circuits Engineering Kits Compatible with Arduino</p><p> -8% 0FF </p><p>$45.99</p><a href="https://www.amazon.com/dp/B07GNDY96N?tag=eloabder-20&linkCode=osi&th=1&psc=1">View Product</a></div>
<div class="product"><a href="https://www.amazon.com/dp/B0C8GZJRMF?tag=eloabder-20&linkCode=osi&th=1&psc=1"><img src="https://m.media-amazon.com/images/I/6156CbXZ8ZL._SL500_.jpg" alt="Product Image"></a><p>Jevuta Engineer Gifts, Mechanical Engineering Gifts, Gifts For Engineers, Future Engineer Gifts, Aerospace Engineering Gifts, Graduation Gifts For Engineers, Retirement Gift For Engineer Tumbler 20oz</p><p> -12% 0FF </p><p>$21.99</p><a href="https://www.amazon.com/dp/B0C8GZJRMF?tag=eloabder-20&linkCode=osi&th=1&psc=1">View Product</a></div><div class="product"><a href="https://www.amazon.com/dp/B06XXZ19HX?tag=eloabder-20&linkCode=osi&th=1&psc=1"><img src="https://m.media-amazon.com/images/I/41QRwC6XcmL._SL500_.jpg" alt="Product Image"></a><p>Komelon 52425IE; 25' x 1.06" Powerblade II" Engineer Tape Measure; Yellow/Black</p><p> -10% 0FF </p><p>$13.51</p><a href="https://www.amazon.com/dp/B06XXZ19HX?tag=eloabder-20&linkCode=osi&th=1&psc=1">View Product</a></div><div class="product"><a href="https://www.amazon.com/dp/B00002N5LW?tag=eloabder-20&linkCode=osi&th=1&psc=1"><img src="https://m.media-amazon.com/images/I/41S2-EUZhgL._SL500_.jpg" alt="Product Image"></a><p>Crescent Lufkin 5/8" X 6' Red End¬Æ Engineer's Scale Wood Rule - 1066DN , White</p><p> -40% 0FF </p><p>$14.50</p><a href="https://www.amazon.com/dp/B00002N5LW?tag=eloabder-20&linkCode=osi&th=1&psc=1">View Product</a></div><div class="product"><a href="https://www.amazon.com/dp/B002MJMXD4?tag=eloabder-20&linkCode=osi&th=1&psc=1"><img src="https://m.media-amazon.com/images/I/31ZLLX+aOwL._SL500_.jpg" alt="Product Image"></a><p>ENGINEER Engineer Solder Suction Device SS-02</p><p> -25% 0FF </p><p>$19.56</p><a href="https://www.amazon.com/dp/B002MJMXD4?tag=eloabder-20&linkCode=osi&th=1&psc=1">View Product</a></div><div class="product"><a href="https://www.amazon.com/dp/B0BYD7H5PZ?tag=eloabder-20&linkCode=osi&th=1&psc=1"><img src="https://m.media-amazon.com/images/I/513DsoLDRFL._SL500_.jpg" alt="Product Image"></a><p>JERIO Engineer Gifts for Men,Engineer Coffee Tumbler Nutrition Facts - Funny Birthday,Graduation,Fathers Day,Christmas Gift Idea for Mechanical, Electrical, Civil, Science, Computer Programmer</p><p> -50% 0FF </p><p>$10.99</p><a href="https://www.amazon.com/dp/B0BYD7H5PZ?tag=eloabder-20&linkCode=osi&th=1&psc=1">View Product</a></div>
<div class="product"><a href="https://www.amazon.com/dp/B0D8HQJDT5?tag=eloabder-20&linkCode=osi&th=1&psc=1"><img src="https://m.media-amazon.com/images/I/41vCRs7ecqL._SL500_.jpg" alt="Product Image"></a><p>Amzany Bed Vacuum Cleaner - 5-in-1 Cordless Mattress Vacuum Cleaner, Powered by UV-C Light & Ultrasonic Technology, 16Kpa Strong Suction,Low Noise,Suitable for Dust, Pet Hair, Etc - Grey</p><p> -38% 0FF </p><p>$79.99</p><a href="https://www.amazon.com/dp/B0D8HQJDT5?tag=eloabder-20&linkCode=osi&th=1&psc=1">View Product</a></div><div class="product"><a href="https://www.amazon.com/dp/B081RJ8DW1?tag=eloabder-20&linkCode=osi&th=1&psc=1"><img src="https://m.media-amazon.com/images/I/41XdbpXmFvL._SL500_.jpg" alt="Product Image"></a><p>Gskyer Telescope, 70mm Aperture 400mm AZ Mount Astronomical Refracting Telescope for Kids Beginners - Travel Telescope with Carry Bag, Phone Adapter and Wireless Remote.</p><p> -33% 0FF </p><p>$86.99</p><a href="https://www.amazon.com/dp/B081RJ8DW1?tag=eloabder-20&linkCode=osi&th=1&psc=1">View Product</a></div><div class="product"><a href="https://www.amazon.com/dp/B008HOSQQQ?tag=eloabder-20&linkCode=osi&th=1&psc=1"><img src="https://m.media-amazon.com/images/I/31eIm02e4iL._SL500_.jpg" alt="Product Image"></a><p>Refrigeration Technologies RT201B Nylog Gasket/Thread Sealant, 30 ml (1 Pack)</p><p> -55% 0FF </p><p>$8.99</p><a href="https://www.amazon.com/dp/B008HOSQQQ?tag=eloabder-20&linkCode=osi&th=1&psc=1">View Product</a></div><div class="product"><a href="https://www.amazon.com/dp/B00UZ1WWUK?tag=eloabder-20&linkCode=osi&th=1&psc=1"><img src="https://m.media-amazon.com/images/I/318bhhXmhBL._SL500_.jpg" alt="Product Image"></a><p>BW Technologies Corded Electric BWC2-H BW Clip Single Gas H2S Monitor, 10/15 (1 Pack)</p><p> -34% 0FF </p><p>$91.14</p><a href="https://www.amazon.com/dp/B00UZ1WWUK?tag=eloabder-20&linkCode=osi&th=1&psc=1">View Product</a></div><div class="product"><a href="https://www.amazon.com/dp/B007885Y3K?tag=eloabder-20&linkCode=osi&th=1&psc=1"><img src="https://m.media-amazon.com/images/I/41Uh4TbGoGL._SL500_.jpg" alt="Product Image"></a><p>Safety Technology International, Inc. STI-13010FR Universal Stopper¬Æ, Flush Mount and Fire label, Indoor/Outdoor Protective Polycarbonate Cover for Pull Stations or Call Points, Red</p><p> -32% 0FF </p><p>$40.29</p><a href="https://www.amazon.com/dp/B007885Y3K?tag=eloabder-20&linkCode=osi&th=1&psc=1">View Product</a></div><div class="product"><a href="https://www.amazon.com/dp/B000FTADX0?tag=eloabder-20&linkCode=osi&th=1&psc=1"><img src="https://m.media-amazon.com/images/I/31HT3jGR4YL._SL500_.jpg" alt="Product Image"></a><p>Fluke Networks 26000900 Pro3000 Tone Generator and Probe Kit with SmartTone Technology, Blue</p><p> -37% 0FF </p><p>$88.48</p><a href="https://www.amazon.com/dp/B000FTADX0?tag=eloabder-20&linkCode=osi&th=1&psc=1">View Product</a></div>
<div class="product"><a href="https://www.amazon.com/dp/B0CN6F2GBN?tag=eloabder-20&linkCode=osi&th=1&psc=1"><img src="https://m.media-amazon.com/images/I/314BZ1QOH0L._SL500_.jpg" alt="Product Image"></a><p>Listerine Clinical Solutions Gum Health Antiseptic Mouthwash, Antigingivitis & Antiplaque Oral Rinse Helps Prevent Buildup & Immediately Kills Germs for Healthier Gums, ICY Mint, 1 L</p><p> -11% 0FF </p><p>$11.97 ($0.35 / Fl Oz)</p><a href="https://www.amazon.com/dp/B0CN6F2GBN?tag=eloabder-20&linkCode=osi&th=1&psc=1">View Product</a></div><div class="product"><a href="https://www.amazon.com/dp/B00WIMUVU2?tag=eloabder-20&linkCode=osi&th=1&psc=1"><img src="https://m.media-amazon.com/images/I/41ZdoGErSaL._SL500_.jpg" alt="Product Image"></a><p>Carpet Miracle - Carpet Cleaner Shampoo Solution for Machine Use, Deep Stain Remover and Odor Deodorizing Formula, Use On Rug Car Upholstery and Carpets (32FL OZ)</p><p> -23% 0FF </p><p>$19.99 ($0.62 / Fl Oz)</p><a href="https://www.amazon.com/dp/B00WIMUVU2?tag=eloabder-20&linkCode=osi&th=1&psc=1">View Product</a></div><div class="product"><a href="https://www.amazon.com/dp/B002C2O5EQ?tag=eloabder-20&linkCode=osi&th=1&psc=1"><img src="https://m.media-amazon.com/images/I/412RaKelAmL._SL500_.jpg" alt="Product Image"></a><p>Betadine Antiseptic Liquid First Aid Solution, Povidone-iodine 10%, Infection Protection, Kills Germs In Minor Cuts Scrapes And Burns, No Sting Promise, No Alcohol or Hydrogen Peroxide, 8 FL OZ</p><p> -24% 0FF </p><p>$13.29 ($1.66 / Fl Oz)</p><a href="https://www.amazon.com/dp/B002C2O5EQ?tag=eloabder-20&linkCode=osi&th=1&psc=1">View Product</a></div>

<div class="product"><a href="https://www.amazon.com/dp/B005LJ8EXU?tag=eloabder-20&linkCode=osi&th=1&psc=1"><img src="https://m.media-amazon.com/images/I/51y1lIaCqZL._SL500_.jpg" alt="Product Image"></a><p>iSpring RCC7AK, NSF Certified 75 GPD, Alkaline 6-Stage Reverse Osmosis System, pH+ Remineralization RO Water Filter System Under Sink, Superb Taste Drinking Water Filter</p><p> -33% 0FF </p><p>$186.14</p><a href="https://www.amazon.com/dp/B005LJ8EXU?tag=eloabder-20&linkCode=osi&th=1&psc=1">View Product</a></div><div class="product"><a href="https://www.amazon.com/dp/B00I0ZGOZM?tag=eloabder-20&linkCode=osi&th=1&psc=1"><img src="https://m.media-amazon.com/images/I/419oT125q0L._SL500_.jpg" alt="Product Image"></a><p>APEC Water Systems ROES-50 Essence Series Top Tier 5-Stage WQA Certified Ultra Safe Reverse Osmosis Drinking Water Filter System</p><p> -7% 0FF </p><p>$185.00</p><a href="https://www.amazon.com/dp/B00I0ZGOZM?tag=eloabder-20&linkCode=osi&th=1&psc=1">View Product</a></div><div class="product"><a href="https://www.amazon.com/dp/B00J2DGTD8?tag=eloabder-20&linkCode=osi&th=1&psc=1"><img src="https://m.media-amazon.com/images/I/51a5ku-MyBL._SL500_.jpg" alt="Product Image"></a><p>Express Water RO5DX Reverse Osmosis Filtration NSF Certified 5 Stage RO System with Faucet and Tank ‚Äì Under Sink Water Plus 4 Filters ‚Äì 50 GPD, 14 x 17 x 5, White</p><p> -21% 0FF </p><p>$157.48</p><a href="https://www.amazon.com/dp/B00J2DGTD8?tag=eloabder-20&linkCode=osi&th=1&psc=1">View Product</a></div><div class="product"><a href="https://www.amazon.com/dp/B01F9A4UVU?tag=eloabder-20&linkCode=osi&th=1&psc=1"><img src="https://m.media-amazon.com/images/I/41UItWTKFsS._SL500_.jpg" alt="Product Image"></a><p>iSpring WGB21B 2-Stage Whole House Water Filtration System, with 10" x 4.5" Sediment CTO(Chlorine, Taste, and Odor) Filter, 1" Inlet/Outlet</p><p> -30% 0FF </p><p>$127.49</p><a href="https://www.amazon.com/dp/B01F9A4UVU?tag=eloabder-20&linkCode=osi&th=1&psc=1">View Product</a></div><div class="product"><a href="https://www.amazon.com/dp/B07Y42RD9T?tag=eloabder-20&linkCode=osi&th=1&psc=1"><img src="https://m.media-amazon.com/images/I/219MeTcyMBL._SL500_.jpg" alt="Product Image"></a><p>Bard Medical PWF030 Purewick Female External Catheter, Latex, Pack of 30</p><p> -6% 0FF </p><p>$206.00 ($6.87 / Count)</p><a href="https://www.amazon.com/dp/B07Y42RD9T?tag=eloabder-20&linkCode=osi&th=1&psc=1">View Product</a></div><div class="product"><a href="https://www.amazon.com/dp/B00HRHHFPW?tag=eloabder-20&linkCode=osi&th=1&psc=1"><img src="https://m.media-amazon.com/images/I/51ykZ8b1GwL._SL500_.jpg" alt="Product Image"></a><p>APEC Water Systems RO-90 Ultimate Series Top Tier Supreme Certified High Output 90 GPD Ultra Safe Reverse Osmosis Drinking Water Filter System, Chrome Faucet</p><p> -15% 0FF </p><p>$191.55</p><a href="https://www.amazon.com/dp/B00HRHHFPW?tag=eloabder-20&linkCode=osi&th=1&psc=1">View Product</a></div>
<div class="product"><a href="https://www.amazon.com/dp/B00HKAJ018?tag=eloabder-20&linkCode=osi&th=1&psc=1"><img src="https://m.media-amazon.com/images/I/31cVzL2O1zL._SL500_.jpg" alt="Product Image"></a><p>SmartSign 25 x 12 inch ‚ÄúCaution - Maintenance Work In Progress‚Äù Two-Sided Folding Floor Sign, Digitally Printed Polypropylene Plastic, Black and Yellow</p><p> -11% 0FF </p><p>$36.95</p><a href="https://www.amazon.com/dp/B00HKAJ018?tag=eloabder-20&linkCode=osi&th=1&psc=1">View Product</a></div><div class="product"><a href="https://www.amazon.com/dp/B00HSJ4YLW?tag=eloabder-20&linkCode=osi&th=1&psc=1"><img src="https://m.media-amazon.com/images/I/41mCVFnsRpL._SL500_.jpg" alt="Product Image"></a><p>Accuform TAD847 Standard Door Knob Hanger Tag, Legend"Maintenance Employee Inside", 9" Length x 4" Width x 0.015" Thickness, RP-Plastic, Black on Yellow (Pack of 10)</p><p> -24% 0FF </p><p>$27.69 ($2.77 / Count)</p><a href="https://www.amazon.com/dp/B00HSJ4YLW?tag=eloabder-20&linkCode=osi&th=1&psc=1">View Product</a></div><div class="product"><a href="https://www.amazon.com/dp/B00700N1IQ?tag=eloabder-20&linkCode=osi&th=1&psc=1"><img src="https://m.media-amazon.com/images/I/511bcg+-z2L._SL500_.jpg" alt="Product Image"></a><p>NMC RA15RB Security Sign, Legend "RESTRICTED AREA - MAINTENANCE PERSONNEL ONLY", 14" Length x 10" Height, Rigid Plastic, Black/Red on White</p><p> -11% 0FF </p><p>$13.31</p><a href="https://www.amazon.com/dp/B00700N1IQ?tag=eloabder-20&linkCode=osi&th=1&psc=1">View Product</a></div>
<div class="product"><a href="https://www.amazon.com/dp/B0BKKTFWJK?tag=eloabder-20&linkCode=osi&th=1&psc=1"><img src="https://m.media-amazon.com/images/I/41cvC72AHeL._SL500_.jpg" alt="Product Image"></a><p>AceMining Upgraded Door Security Bar & Sliding Patio Bar, Heavy Duty Stoppers Adjustable Jammer for Home, Apartment, Travel (1 Pack,White)</p><p> -17% 0FF </p><p>$23.99</p><a href="https://www.amazon.com/dp/B0BKKTFWJK?tag=eloabder-20&linkCode=osi&th=1&psc=1">View Product</a></div><div class="product"><a href="https://www.amazon.com/dp/B01LDPHXD2?tag=eloabder-20&linkCode=osi&th=1&psc=1"><img src="https://m.media-amazon.com/images/I/41pcC4hFanL._SL500_.jpg" alt="Product Image"></a><p>Ergodyne Unisex Adult Hi Vis Safety GloWear 8377 Type R Class 3 Lime Quilted Bomber Jacket, Large, Lime, Large US</p><p> -34% 0FF </p><p>$34.99</p><a href="https://www.amazon.com/dp/B01LDPHXD2?tag=eloabder-20&linkCode=osi&th=1&psc=1">View Product</a></div><div class="product"><a href="https://www.amazon.com/dp/B0B7KTV8Q8?tag=eloabder-20&linkCode=osi&th=1&psc=1"><img src="https://m.media-amazon.com/images/I/417c5VIfBtL._SL500_.jpg" alt="Product Image"></a><p>RoadHero 18 Inch 4 Pack Collapsible Traffic Safety Cones, Multi Purpose Pop-up Cones with Reflective Collar for Road Safety, Orange Cones for Driving Training, Parking Lots</p><p> -18% 0FF </p><p>$23.65</p><a href="https://www.amazon.com/dp/B0B7KTV8Q8?tag=eloabder-20&linkCode=osi&th=1&psc=1">View Product</a></div>
<div class="product"><a href="https://www.amazon.com/dp/B000GISU1M?tag=eloabder-20&linkCode=osi&th=1&psc=1"><img src="https://m.media-amazon.com/images/I/41YAvhdmLIL._SL500_.jpg" alt="Product Image"></a><p>Optimum Nutrition Gold Standard 100% Whey Protein Powder, Vanilla Ice Creme, 5 Pound (Packaging May Vary)</p><p> -5% 0FF </p><p>$82.06 ($1.03 / Ounce)</p><a href="https://www.amazon.com/dp/B000GISU1M?tag=eloabder-20&linkCode=osi&th=1&psc=1">View Product</a></div><div class="product"><a href="https://www.amazon.com/dp/B084JHKFCW?tag=eloabder-20&linkCode=osi&th=1&psc=1"><img src="https://m.media-amazon.com/images/I/31wQjwQJR2L._SL500_.jpg" alt="Product Image"></a><p>American Standard 5503A00B.020 Slow Elongated Closed Front Toilet Seat, White</p><p> -42% 0FF </p><p>$32.96</p><a href="https://www.amazon.com/dp/B084JHKFCW?tag=eloabder-20&linkCode=osi&th=1&psc=1">View Product</a></div><div class="product"><a href="https://www.amazon.com/dp/B0CYZJM8PZ?tag=eloabder-20&linkCode=osi&th=1&psc=1"><img src="https://m.media-amazon.com/images/I/41d-M4+HpuL._SL500_.jpg" alt="Product Image"></a><p>DEGNJU LED Light Bulbs Daylight 5000K, 60 Watt Equivalent LED Bulbs, A19 Standard Bulbs, 800 LM, 15000 Hours, E26 Base, Non-Dimmable, 8.5W LED Bulbs for Bedroom Living Room 12 Pack</p><p> -27% 0FF </p><p>$17.99 ($1.50 / Count)</p><a href="https://www.amazon.com/dp/B0CYZJM8PZ?tag=eloabder-20&linkCode=osi&th=1&psc=1">View Product</a></div><div class="product"><a href="https://www.amazon.com/dp/B0CHYK75D4?tag=eloabder-20&linkCode=osi&th=1&psc=1"><img src="https://m.media-amazon.com/images/I/51DjecU3ILL._SL500_.jpg" alt="Product Image"></a><p>30-Piece Ultimate All-Purpose Combination Wrench Set in Roll-up Pouch | SAE 1/4‚Äù to 1‚Äù, Metric 6mm to 24mm | Best Value Complete Wrench Set for General Household, Garage, Truck, Car, Travel Emergency</p><p> -18% 0FF </p><p>$32.99</p><a href="https://www.amazon.com/dp/B0CHYK75D4?tag=eloabder-20&linkCode=osi&th=1&psc=1">View Product</a></div><div class="product"><a href="https://www.amazon.com/dp/B0D3XK7Z4J?tag=eloabder-20&linkCode=osi&th=1&psc=1"><img src="https://m.media-amazon.com/images/I/41wMwgcLSxL._SL500_.jpg" alt="Product Image"></a><p>Miucoguier Thread Checker - 28 Nut & Bolt Thread Checker, Bolt Size and Thread Gauge 14 Standard and 14 Metric Sizes, Bolt and Nut Identifier Gauge for Easy Verifying Sizing</p><p> -21% 0FF </p><p>$22.99</p><a href="https://www.amazon.com/dp/B0D3XK7Z4J?tag=eloabder-20&linkCode=osi&th=1&psc=1">View Product</a></div><div class="product"><a href="https://www.amazon.com/dp/B0CL1WBXG6?tag=eloabder-20&linkCode=osi&th=1&psc=1"><img src="https://m.media-amazon.com/images/I/51lHAQ830tL._SL500_.jpg" alt="Product Image"></a><p>GRENPRO Ratcheting Wrench Set, Combination Wrench Set, 22-Piece SAE & Metric and Standard, 72-Tooth Long Open End, 1/4" to 3/4" & 6-18mm, Organizer With Roll Up Pouch, CR-V Steel, Mechanic Tools Sets</p><p> -16% 0FF </p><p>$51.99 ($0.49 / Ounce)</p><a href="https://www.amazon.com/dp/B0CL1WBXG6?tag=eloabder-20&linkCode=osi&th=1&psc=1">View Product</a></div>

<div class="product"><a href="https://www.amazon.com/dp/B0D5V4PM1L?tag=eloabder-20&linkCode=osi&th=1&psc=1"><img src="https://m.media-amazon.com/images/I/51lbOWv6lZL._SL500_.jpg" alt="Product Image"></a><p>2025 Florida State and Federal Labor Laws Poster - OSHA Compliant UV Waterproof Laminated 24" x 36" English and Spanish Version 2PCS Folded - All in One Compliance Posting</p><p> -20% 0FF </p><p>$19.99</p><a href="https://www.amazon.com/dp/B0D5V4PM1L?tag=eloabder-20&linkCode=osi&th=1&psc=1">View Product</a></div>
<div class="product"><a href="https://www.amazon.com/dp/B0CFF8Z1NF?tag=eloabder-20&linkCode=osi&th=1&psc=1"><img src="https://m.media-amazon.com/images/I/41bDsv2AHdL._SL500_.jpg" alt="Product Image"></a><p>Endoscope Camera with Light - Inspection Borescope Camera with 4.3" IPS Screen, 1920P HD Snake Camera with 8 LED Lights, 16.4FT Semi-Rigid Cord Bore Scope, IP67 Waterproof Endoscope for Sewer(Orange)</p><p> -34% 0FF </p><p>$32.98</p><a href="https://www.amazon.com/dp/B0CFF8Z1NF?tag=eloabder-20&linkCode=osi&th=1&psc=1">View Product</a></div><div class="product"><a href="https://www.amazon.com/dp/B01D4QMUVI?tag=eloabder-20&linkCode=osi&th=1&psc=1"><img src="https://m.media-amazon.com/images/I/31UUBvi72zL._SL500_.jpg" alt="Product Image"></a><p>Optional life Telescoping LED Lighted Flexible Inspection Mirror 360 Swivel for Extra Viewing</p><p> -10% 0FF </p><p>$8.99</p><a href="https://www.amazon.com/dp/B01D4QMUVI?tag=eloabder-20&linkCode=osi&th=1&psc=1">View Product</a></div><div class="product"><a href="https://www.amazon.com/dp/B07HX76VM9?tag=eloabder-20&linkCode=osi&th=1&psc=1"><img src="https://m.media-amazon.com/images/I/31lU0HeUxnL._SL500_.jpg" alt="Product Image"></a><p>Juvale 2 Pack Telescoping Inspection Mirror Tool, Round 2-Inch Mirror with 24.5-Inch Extension for Mechanics, Inspectors</p><p> -38% 0FF </p><p>$7.99</p><a href="https://www.amazon.com/dp/B07HX76VM9?tag=eloabder-20&linkCode=osi&th=1&psc=1">View Product</a></div><div class="product"><a href="https://www.amazon.com/dp/B0BR7MKHF9?tag=eloabder-20&linkCode=osi&th=1&psc=1"><img src="https://m.media-amazon.com/images/I/41Oa1v7l6NL._SL500_.jpg" alt="Product Image"></a><p>Endoscope Camera with Light, 1920P HD Borescope Tools with 8 Adjustable LED Lights, Endoscope with 16.4ft Semi-Rigid Snake Camera, 7.9mm IP67 Waterproof Inspection Camera for iOS (Black)</p><p> -48% 0FF </p><p>$30.99</p><a href="https://www.amazon.com/dp/B0BR7MKHF9?tag=eloabder-20&linkCode=osi&th=1&psc=1">View Product</a></div><div class="product"><a href="https://www.amazon.com/dp/B09FK5QFTR?tag=eloabder-20&linkCode=osi&th=1&psc=1"><img src="https://m.media-amazon.com/images/I/41hfMwNfTWL._SL500_.jpg" alt="Product Image"></a><p>Telescoping Magnetic Pickup Tool Set-Extendable Magnet Flashlight with Inspection Mirror-Cool Gadgets Gifts Idea & Birthday Gifts for Father, Men, Him, Boyfriend, Husband, Handyman, Mechanic</p><p> -22% 0FF </p><p>$27.99</p><a href="https://www.amazon.com/dp/B09FK5QFTR?tag=eloabder-20&linkCode=osi&th=1&psc=1">View Product</a></div>
<div class="product"><a href="https://www.amazon.com/dp/B09KZ6TBNY?tag=eloabder-20&linkCode=osi&th=1&psc=1"><img src="https://m.media-amazon.com/images/I/41oPbadBuQL._SL500_.jpg" alt="Product Image"></a><p>iHealth COVID-19 Antigen Rapid Test, 1 Pack, 2 Tests Total, FDA EUA Authorized OTC at-Home Self Test, Results in 15 Minutes with Non-invasive Nasal Swab, Easy to Use & No Discomfort</p><p> -13% 0FF </p><p>$15.69 ($7.84 / Count)</p><a href="https://www.amazon.com/dp/B09KZ6TBNY?tag=eloabder-20&linkCode=osi&th=1&psc=1">View Product</a></div><div class="product"><a href="https://www.amazon.com/dp/B0C3SR4BNC?tag=eloabder-20&linkCode=osi&th=1&psc=1"><img src="https://m.media-amazon.com/images/I/41vH7tiKQaL._SL500_.jpg" alt="Product Image"></a><p>BinaxNOW COVID-19 Antigen Self Test, 1 Pack, 4 Tests Total, COVID Test With 15-Minute Results Without Sending to a Lab, Easy to Use at Home</p><p> -9% 0FF </p><p>$28.88 ($7.22 / Count)</p><a href="https://www.amazon.com/dp/B0C3SR4BNC?tag=eloabder-20&linkCode=osi&th=1&psc=1">View Product</a></div><div class="product"><a href="https://www.amazon.com/dp/B09PZS1N44?tag=eloabder-20&linkCode=osi&th=1&psc=1"><img src="https://m.media-amazon.com/images/I/418W+HhY5PL._SL500_.jpg" alt="Product Image"></a><p>Flowflex COVID-19 Antigen Home Test kit, 1 Pack, 5 Tests Total. FDA EUA Authorized OTC at-Home Self-Test, Non-invasive Nasal Swab, Easy to Use and No Discomfort, Results in 15 Minutes</p><p> -20% 0FF </p><p>$31.99 ($6.40 / Count)</p><a href="https://www.amazon.com/dp/B09PZS1N44?tag=eloabder-20&linkCode=osi&th=1&psc=1">View Product</a></div><div class="product"><a href="https://www.amazon.com/dp/B0D2DQBJS2?tag=eloabder-20&linkCode=osi&th=1&psc=1"><img src="https://m.media-amazon.com/images/I/51PHwjjreKL._SL500_.jpg" alt="Product Image"></a><p>CorDx TyFast Flu A/B & Covid-19 Multiplex Rapid Test, 10 Mins at Home, FDA Authorized, 3-in-1 Combo Kit, 2 Tests</p><p> -29% 0FF </p><p>$21.21</p><a href="https://www.amazon.com/dp/B0D2DQBJS2?tag=eloabder-20&linkCode=osi&th=1&psc=1">View Product</a></div><div class="product"><a href="https://www.amazon.com/dp/B07CF8C4VX?tag=eloabder-20&linkCode=osi&th=1&psc=1"><img src="https://m.media-amazon.com/images/I/51brLSHm6vL._SL500_.jpg" alt="Product Image"></a><p>CONTOUR NEXT Blood Glucose Test Strips for Diabetes, 70 Count (Pack of 1)</p><p> -17% 0FF </p><p>$26.58 ($0.38 / Count)</p><a href="https://www.amazon.com/dp/B07CF8C4VX?tag=eloabder-20&linkCode=osi&th=1&psc=1">View Product</a></div>
<div class="product"><a href="https://www.amazon.com/dp/B01LYBYFTJ?tag=eloabder-20&linkCode=osi&th=1&psc=1"><img src="https://m.media-amazon.com/images/I/518DrPFcK0L._SL500_.jpg" alt="Product Image"></a><p>Accuform MQTL707VP Plastic Sign, "Quality Control Inspection Area", 10" Length x 14" Width x 0.055" Thickness, Green/Black on White</p><p> -7% 0FF </p><p>$12.72</p><a href="https://www.amazon.com/dp/B01LYBYFTJ?tag=eloabder-20&linkCode=osi&th=1&psc=1">View Product</a></div><div class="product"><a href="https://www.amazon.com/dp/B08HQMBQ79?tag=eloabder-20&linkCode=osi&th=1&psc=1"><img src="https://m.media-amazon.com/images/I/41eP15ePWkL._SL500_.jpg" alt="Product Image"></a><p>CO2 Controller Carbon Dioxide Controller Air Quality Monitor CO2 Meter with Day and Night Control Relay Function, NDIR Sensor Probe Cable, CO2 Detector for Plant, Grow Room, Green House, Garden, Home</p><p> -13% 0FF </p><p>$139.59</p><a href="https://www.amazon.com/dp/B08HQMBQ79?tag=eloabder-20&linkCode=osi&th=1&psc=1">View Product</a></div><div class="product"><a href="https://www.amazon.com/dp/B0CPBKHZNC?tag=eloabder-20&linkCode=osi&th=1&psc=1"><img src="https://m.media-amazon.com/images/I/51jPs5y3CJL._SL500_.jpg" alt="Product Image"></a><p>IUYPKQ Steel Wool for Mice Control - 2 Pack of 3"√ó10Ft Steel Wool, Gap Filter for House & Garage - Keep Mice Away from HolesÔºåSidingÔºåPipelineÔºåVents in Garden, House, 7.04oz (2, 100g)</p><p> -18% 0FF </p><p>$8.20</p><a href="https://www.amazon.com/dp/B0CPBKHZNC?tag=eloabder-20&linkCode=osi&th=1&psc=1">View Product</a></div>

<div class="product"><a href="https://www.amazon.com/dp/B084F3YQMH?tag=eloabder-20&linkCode=osi&th=1&psc=1"><img src="https://m.media-amazon.com/images/I/51XzXeJ5EHS._SL500_.jpg" alt="Product Image"></a><p>Ultrasac Blue Recycling Bags 33 Gallon 0.9 MIL, 33.5" x 38" - Pack of 45 - For Recycling, Kitchen, Industrial, & Commercial</p><p> -37% 0FF </p><p>$15.06 ($0.33 / Count)</p><a href="https://www.amazon.com/dp/B084F3YQMH?tag=eloabder-20&linkCode=osi&th=1&psc=1">View Product</a></div>
<div class="product"><a href="https://www.amazon.com/dp/B09RY35M4S?tag=eloabder-20&linkCode=osi&th=1&psc=1"><img src="https://m.media-amazon.com/images/I/41wjzxrudGL._SL500_.jpg" alt="Product Image"></a><p>Kleenex Lotion Facial Tissues with Coconut Oil, 3 Flat Boxes, 120 Tissues Per Box, 3-Ply</p><p> -9% 0FF </p><p>$5.24 ($1.46 / 100 Sheets)</p><a href="https://www.amazon.com/dp/B09RY35M4S?tag=eloabder-20&linkCode=osi&th=1&psc=1">View Product</a></div><div class="product"><a href="https://www.amazon.com/dp/B09M5XF6JV?tag=eloabder-20&linkCode=osi&th=1&psc=1"><img src="https://m.media-amazon.com/images/I/410w59XOeaL._SL500_.jpg" alt="Product Image"></a><p>Kleenex Ultra Soft Facial Tissues, 4 Cube Boxes, 60 Tissues per Box, 3-Ply (240 Total Tissues), Packaging May Vary</p><p> -12% 0FF </p><p>$6.58 ($2.74 / 100 Sheets)</p><a href="https://www.amazon.com/dp/B09M5XF6JV?tag=eloabder-20&linkCode=osi&th=1&psc=1">View Product</a></div><div class="product"><a href="https://www.amazon.com/dp/B09YKRZR22?tag=eloabder-20&linkCode=osi&th=1&psc=1"><img src="https://m.media-amazon.com/images/I/413kbNG2YCL._SL500_.jpg" alt="Product Image"></a><p>Puffs Plus Lotion Facial Tissues, 8 Family Boxes, 124 Facial Tissues per Box, Allergies and Colds</p><p> -26% 0FF </p><p>$13.28 ($1.34 / 100 Sheets)</p><a href="https://www.amazon.com/dp/B09YKRZR22?tag=eloabder-20&linkCode=osi&th=1&psc=1">View Product</a></div>
<div class="product"><a href="https://www.amazon.com/dp/B0CMTR8NFM?tag=eloabder-20&linkCode=osi&th=1&psc=1"><img src="https://m.media-amazon.com/images/I/418XJgVkJIL._SL500_.jpg" alt="Product Image"></a><p>dalattin 12 Pack A19 LED Bulbs, 9W Equivalent 60 Watts, E26 Base, 5000K Daylight White, 800 LM, Efficient Energy Saving Lights for Living Room, Office, 80+ CRI, 120V, UL Listed</p><p> -6% 0FF </p><p>$15.99 ($1.33 / Count)</p><a href="https://www.amazon.com/dp/B0CMTR8NFM?tag=eloabder-20&linkCode=osi&th=1&psc=1">View Product</a></div><div class="product"><a href="https://www.amazon.com/dp/B0CZHCZ5TL?tag=eloabder-20&linkCode=osi&th=1&psc=1"><img src="https://m.media-amazon.com/images/I/31iJMTbdOTL._SL500_.jpg" alt="Product Image"></a><p>TP-Link Tapo Smart Plug Compatible with Alexa, Google Home & Samsung SmartThings, Energy Monitoring, 15A, ETL Certified, 2.4G Wi-Fi Only, Tapo P110, White</p><p> -27% 0FF </p><p>$10.99</p><a href="https://www.amazon.com/dp/B0CZHCZ5TL?tag=eloabder-20&linkCode=osi&th=1&psc=1">View Product</a></div><div class="product"><a href="https://www.amazon.com/dp/B0CCB442CF?tag=eloabder-20&linkCode=osi&th=1&psc=1"><img src="https://m.media-amazon.com/images/I/31oVkQ9gShL._SL500_.jpg" alt="Product Image"></a><p>DEGNJU A19 LED Light Bulbs, 60 Watt Equivalent LED Bulbs, Soft White 2700K, 800 Lumens, E26 Standard Base, Non-Dimmable, 8.5W Warm White LED Bulbs for Bedroom Living Room, 3 Pack</p><p> -33% 0FF </p><p>$7.98 ($2.66 / Count)</p><a href="https://www.amazon.com/dp/B0CCB442CF?tag=eloabder-20&linkCode=osi&th=1&psc=1">View Product</a></div>
<div class="product"><a href="https://www.amazon.com/dp/B08NX1XYBN?tag=eloabder-20&linkCode=osi&th=1&psc=1"><img src="https://m.media-amazon.com/images/I/51lfim+ZIRL._SL500_.jpg" alt="Product Image"></a><p>DIYSELF 2Pack Utility Knife Box Cutter Retractable Blade Heavy Duty(Red)</p><p> -38% 0FF </p><p>$7.99 ($4.00 / Count)</p><a href="https://www.amazon.com/dp/B08NX1XYBN?tag=eloabder-20&linkCode=osi&th=1&psc=1">View Product</a></div><div class="product"><a href="https://www.amazon.com/dp/B08HCW4V4G?tag=eloabder-20&linkCode=osi&th=1&psc=1"><img src="https://m.media-amazon.com/images/I/51A4GvNLy1S._SL500_.jpg" alt="Product Image"></a><p>HORUSDY 4-Pack Box Cutter Utility Knife, Heavy Duty Aluminum Shell Retractable Box Cutter for Cardboard, Boxes and Cartons, Extra 10 Blades.</p><p> -23% 0FF </p><p>$9.99 ($2.50 / Count)</p><a href="https://www.amazon.com/dp/B08HCW4V4G?tag=eloabder-20&linkCode=osi&th=1&psc=1">View Product</a></div><div class="product"><a href="https://www.amazon.com/dp/B097SXK3FG?tag=eloabder-20&linkCode=osi&th=1&psc=1"><img src="https://m.media-amazon.com/images/I/41QvJkjjQuL._SL500_.jpg" alt="Product Image"></a><p>WORKPRO Premium Utility Knife, Retractable All Metal Heavy Duty Box Cutter, Quick Change Blade Razor Knife, with 10 Extra Blades</p><p> -25% 0FF </p><p>$8.99</p><a href="https://www.amazon.com/dp/B097SXK3FG?tag=eloabder-20&linkCode=osi&th=1&psc=1">View Product</a></div><div class="product"><a href="https://www.amazon.com/dp/B01M27QHE2?tag=eloabder-20&linkCode=osi&th=1&psc=1"><img src="https://m.media-amazon.com/images/I/51ULro8xW3L._SL500_.jpg" alt="Product Image"></a><p>INTERNET'S BEST Premium Utility Knife Set | Retractable Box Cutter with Rubber Handle | Heavy-Duty Cutting for Cardboard, Carpet, Plastic | Retractable Blade | Includes 2 Razor Knives & Extra Blades</p><p> -25% 0FF </p><p>$14.99</p><a href="https://www.amazon.com/dp/B01M27QHE2?tag=eloabder-20&linkCode=osi&th=1&psc=1">View Product</a></div><div class="product"><a href="https://www.amazon.com/dp/B09JYJLQXF?tag=eloabder-20&linkCode=osi&th=1&psc=1"><img src="https://m.media-amazon.com/images/I/51IqddPa30L._SL500_.jpg" alt="Product Image"></a><p>M MEEPO Box Cutter, 4-Pack Tough Folding Box Cutter for Heavy Duty Purpose, Razor Sharp Blade, Comfortable Handle, with Extra 10-Piece Blades, Can cut Drywall, Sheet Plastic, Linoleum, Boxes, Rope</p><p> -31% 0FF </p><p>$10.99 ($2.75 / Count)</p><a href="https://www.amazon.com/dp/B09JYJLQXF?tag=eloabder-20&linkCode=osi&th=1&psc=1">View Product</a></div><div class="product"><a href="https://www.amazon.com/dp/B09K7SJH6X?tag=eloabder-20&linkCode=osi&th=1&psc=1"><img src="https://m.media-amazon.com/images/I/41-bwfYeYRL._SL500_.jpg" alt="Product Image"></a><p>WORKPRO Folding Utility Knife with Stainless Steel Head, Quick-change Blade & Back Lock, Wood Handle Heavy Duty Box Cutter, 1PC Razor Knife with Extra 10PC SK5 Blades</p><p> -25% 0FF </p><p>$14.99</p><a href="https://www.amazon.com/dp/B09K7SJH6X?tag=eloabder-20&linkCode=osi&th=1&psc=1">View Product</a></div><div class="product"><a href="https://www.amazon.com/dp/B07DXTP9M9?tag=eloabder-20&linkCode=osi&th=1&psc=1"><img src="https://m.media-amazon.com/images/I/51DsWoOdb2L._SL500_.jpg" alt="Product Image"></a><p>REXBETI 12-Pack Utility Knife, Retractable Box Cutter for Cartons, Cardboard and Boxes, 18mm Wider Razor Sharp Blade, Smooth Mechanism, Perfect for Office and Home use</p><p> -60% 0FF </p><p>$9.99</p><a href="https://www.amazon.com/dp/B07DXTP9M9?tag=eloabder-20&linkCode=osi&th=1&psc=1">View Product</a></div>
<div class="product"><a href="https://www.amazon.com/dp/B07P6PH5SB?tag=eloabder-20&linkCode=osi&th=1&psc=1"><img src="https://m.media-amazon.com/images/I/41h9Fp94OLL._SL500_.jpg" alt="Product Image"></a><p>3M SecureFit Safety Helmet - Climbing Style Inspired Safety Helmet with 6 Point Suspension System, Non-Vented, White, X5001-ANSI, for Construction and Heavy Infrastructure</p><p> -39% 0FF </p><p>$64.83</p><a href="https://www.amazon.com/dp/B07P6PH5SB?tag=eloabder-20&linkCode=osi&th=1&psc=1">View Product</a></div><div class="product"><a href="https://www.amazon.com/dp/B0DCVQRJCJ?tag=eloabder-20&linkCode=osi&th=1&psc=1"><img src="https://m.media-amazon.com/images/I/41bpS1WjabL._SL500_.jpg" alt="Product Image"></a><p>QYZZRS Generator Interlock Kit Compatible with Eaton Cutler Hammer 100 Amp and 125 Amp Panels Breaker,for Safe Usage of Portable Power During Outage,Professional and Interlock Kit (1)</p><p> -16% 0FF </p><p>$27.59</p><a href="https://www.amazon.com/dp/B0DCVQRJCJ?tag=eloabder-20&linkCode=osi&th=1&psc=1">View Product</a></div><div class="product"><a href="https://www.amazon.com/dp/B00C01W6DG?tag=eloabder-20&linkCode=osi&th=1&psc=1"><img src="https://m.media-amazon.com/images/I/41ajsEzhqeL._SL500_.jpg" alt="Product Image"></a><p>ICC Cat6 Riser 1000ft - UTP 23AWG, 100% Solid Pure Copper, Unshielded CMR, Bulk Ethernet Cable, PoE++, 500MHz, Reelex Pull Box, UL Certified, RoHS and TAA Compliant, Blue</p><p> -9% 0FF </p><p>$142.39</p><a href="https://www.amazon.com/dp/B00C01W6DG?tag=eloabder-20&linkCode=osi&th=1&psc=1">View Product</a></div><div class="product"><a href="https://www.amazon.com/dp/B00QXTXSKQ?tag=eloabder-20&linkCode=osi&th=1&psc=1"><img src="https://m.media-amazon.com/images/I/31dvw-xXqDL._SL500_.jpg" alt="Product Image"></a><p>MSA 10048280 Calibration Cylinder, Aluminium Gas Bottle, 34 Liter, 1.45% CH4, 15% O2, 60 PPM CO, 20 PPM H2S, Galaxy GX2 System Test Stand Compatible, Multi-Use Air Tank</p><p> -11% 0FF </p><p>$364.02</p><a href="https://www.amazon.com/dp/B00QXTXSKQ?tag=eloabder-20&linkCode=osi&th=1&psc=1">View Product</a></div><div class="product"><a href="https://www.amazon.com/dp/B016N3609W?tag=eloabder-20&linkCode=osi&th=1&psc=1"><img src="https://m.media-amazon.com/images/I/31qfvZRAQaL._SL500_.jpg" alt="Product Image"></a><p>MSA 815641 Advantage Respirator Cartridge - Iodine Vapor/P100 (GMI), Quantity: 2 per Pack, Chemical and Combination Air-Purifying Respirator Cartridge</p><p> -38% 0FF </p><p>$22.72 ($11.36 / Count)</p><a href="https://www.amazon.com/dp/B016N3609W?tag=eloabder-20&linkCode=osi&th=1&psc=1">View Product</a></div>
<div class="product"><a href="https://www.amazon.com/dp/B00JKHFR2K?tag=eloabder-20&linkCode=osi&th=1&psc=1"><img src="https://m.media-amazon.com/images/I/31-VtYKPhLL._SL500_.jpg" alt="Product Image"></a><p>Childcraft Construction Paper, 9 x 12 Inches, Assorted Colors, 500 Sheets - 1465886</p><p> -12% 0FF </p><p>$14.02 ($0.03 / Count)</p><a href="https://www.amazon.com/dp/B00JKHFR2K?tag=eloabder-20&linkCode=osi&th=1&psc=1">View Product</a></div><div class="product"><a href="https://www.amazon.com/dp/B07BPWV83H?tag=eloabder-20&linkCode=osi&th=1&psc=1"><img src="https://m.media-amazon.com/images/I/51lp+IIfd7L._SL500_.jpg" alt="Product Image"></a><p>REXBETI Knee Pads for Work, Construction Gel Knee Pads Tools, Heavy Duty Comfortable Anti-slip Foam Knee Pads for Cleaning Flooring and Garden, Strong Stretchable Straps, 1 Pair</p><p> -28% 0FF </p><p>$25.99</p><a href="https://www.amazon.com/dp/B07BPWV83H?tag=eloabder-20&linkCode=osi&th=1&psc=1">View Product</a></div><div class="product"><a href="https://www.amazon.com/dp/B0CQ755FYH?tag=eloabder-20&linkCode=osi&th=1&psc=1"><img src="https://m.media-amazon.com/images/I/41lT80YapPL._SL500_.jpg" alt="Product Image"></a><p>Laser Level with Tripod, Huepar 98Ft Self Leveling Laser Level Green Line Laser Cross Line Laser Leveler Tool for Picture Hanging, Tile, Home Renovation, Indoor Project, Battery&Carrying Bag Included</p><p> -38% 0FF </p><p>$49.99</p><a href="https://www.amazon.com/dp/B0CQ755FYH?tag=eloabder-20&linkCode=osi&th=1&psc=1">View Product</a></div><div class="product"><a href="https://www.amazon.com/dp/B09W8LBWJH?tag=eloabder-20&linkCode=osi&th=1&psc=1"><img src="https://m.media-amazon.com/images/I/4115vnIiXsL._SL500_.jpg" alt="Product Image"></a><p>Deinyi Construction Toddler Utensils - Toddler Forks and Spoons - Kids Spoon and Fork Set - Suitable for Kids Utensils - Baby Utensils, Portable Utensils Set for 1 2 3 4 5 year old Toddlers, Yellow</p><p> -37% 0FF </p><p>$11.99</p><a href="https://www.amazon.com/dp/B09W8LBWJH?tag=eloabder-20&linkCode=osi&th=1&psc=1">View Product</a></div><div class="product"><a href="https://www.amazon.com/dp/B002LARR76?tag=eloabder-20&linkCode=osi&th=1&psc=1"><img src="https://m.media-amazon.com/images/I/31K2j809lBL._SL500_.jpg" alt="Product Image"></a><p>Prang (Formerly SunWorks) Construction Paper, Brown, 9" x 12", 100 Sheets</p><p> -11% 0FF </p><p>$4.27 ($0.04 / Count)</p><a href="https://www.amazon.com/dp/B002LARR76?tag=eloabder-20&linkCode=osi&th=1&psc=1">View Product</a></div>
<div class="product"><a href="https://www.amazon.com/dp/B08GFP7PSK?tag=eloabder-20&linkCode=osi&th=1&psc=1"><img src="https://m.media-amazon.com/images/I/41gooaY8RRL._SL500_.jpg" alt="Product Image"></a><p>BESTAMTOY 36 PCS Wooden Sorting Stacking Rocks Stones,Sensory Toddler Toys Learning Montessori Toys, Building Blocks Game for Kids 3 4 5 6 Years Boy and Girl Birthday Gifts for Kids</p><p> -36% 0FF </p><p>$23.19</p><a href="https://www.amazon.com/dp/B08GFP7PSK?tag=eloabder-20&linkCode=osi&th=1&psc=1">View Product</a></div><div class="product"><a href="https://www.amazon.com/dp/B0CWVT99MF?tag=eloabder-20&linkCode=osi&th=1&psc=1"><img src="https://m.media-amazon.com/images/I/31v6b-LC5ML._SL500_.jpg" alt="Product Image"></a><p>IRWIN Quick-Lift Construction Jack, Hand Lifting Jack Tool, Multifunctional, Lift up to 10" and Lift Capacity 330 lbs (IRHT83100)</p><p> -9% 0FF </p><p>$89.99</p><a href="https://www.amazon.com/dp/B0CWVT99MF?tag=eloabder-20&linkCode=osi&th=1&psc=1">View Product</a></div><div class="product"><a href="https://www.amazon.com/dp/B0BWY4444M?tag=eloabder-20&linkCode=osi&th=1&psc=1"><img src="https://m.media-amazon.com/images/I/51esMBM0unL._SL500_.jpg" alt="Product Image"></a><p>XClifes Labor Saving Handle 2 Pack,15 In Construction Jack, Wall Tile Locator, Multi-Function Height Adjustment Lifting Device, Door Panel Lifting Cabinet Jack,Raised 10 in,Dynamic Load 470 LB</p><p> -69% 0FF </p><p>$43.99</p><a href="https://www.amazon.com/dp/B0BWY4444M?tag=eloabder-20&linkCode=osi&th=1&psc=1">View Product</a></div><div class="product"><a href="https://www.amazon.com/dp/0021402442?tag=eloabder-20&linkCode=osi&th=1&psc=1"><img src="https://m.media-amazon.com/images/I/511QbiOnlIL._SL500_.jpg" alt="Product Image"></a><p>Glencoe Carpentry and Building Construction, Student Edition (CARPENTRY & BLDG CONSTRUCTION)</p><p> -47% 0FF </p><p>$59.50</p><a href="https://www.amazon.com/dp/0021402442?tag=eloabder-20&linkCode=osi&th=1&psc=1">View Product</a></div><div class="product"><a href="https://www.amazon.com/dp/B08R3TW6PD?tag=eloabder-20&linkCode=osi&th=1&psc=1"><img src="https://m.media-amazon.com/images/I/51Ca5qyFUyL._SL500_.jpg" alt="Product Image"></a><p>Coodoo Upgraded Magnetic Blocks Tough Tiles STEM Toys for 3+ Year Old Boys and Girls Learning by Playing Games for Toddlers Kids, Compatible with Major Brands Building Blocks - Starter Set</p><p> -9% 0FF </p><p>$19.99</p><a href="https://www.amazon.com/dp/B08R3TW6PD?tag=eloabder-20&linkCode=osi&th=1&psc=1">View Product</a></div><div class="product"><a href="https://www.amazon.com/dp/B0D17SV1WJ?tag=eloabder-20&linkCode=osi&th=1&psc=1"><img src="https://m.media-amazon.com/images/I/41GZRx1QfVL._SL500_.jpg" alt="Product Image"></a><p>10 Pcs Interlocking Deck Tiles 12" x 12", Patio Flooring Outdoor Waterproof, Acacia Wood Tiles All Weather, Floor Tiles for Balcony, Backyard, Indoor and Outdoor use‚Ä¶ (Espresso)</p><p> -15% 0FF </p><p>$38.99</p><a href="https://www.amazon.com/dp/B0D17SV1WJ?tag=eloabder-20&linkCode=osi&th=1&psc=1">View Product</a></div><div class="product"><a href="https://www.amazon.com/dp/B0CPCZ3V7C?tag=eloabder-20&linkCode=osi&th=1&psc=1"><img src="https://m.media-amazon.com/images/I/51zv+eT4kkL._SL500_.jpg" alt="Product Image"></a><p>Titrot Magnetic Blocks Kids Toys, Large Magnetic Building Sticks STEM Educational Sensory Toy Preschool Learning Montessori Toys for Toddlers Boys Girls Ages 3-8 with 1 Car</p><p> -17% 0FF </p><p>$24.99</p><a href="https://www.amazon.com/dp/B0CPCZ3V7C?tag=eloabder-20&linkCode=osi&th=1&psc=1">View Product</a></div>

<div class="product"><a href="https://www.amazon.com/dp/B0D676KYMV?tag=eloabder-20&linkCode=osi&th=1&psc=1"><img src="https://m.media-amazon.com/images/I/41dhQyG9XZL._SL500_.jpg" alt="Product Image"></a><p>Dimgogo Hexagon LED Garage Ceiling Lights,25 Pack 17280LM Super Bright LED car Lights for Warehouse Basement Workshop Gym Car Detailing Shop Wash Room</p><p> -21% 0FF </p><p>$69.99</p><a href="https://www.amazon.com/dp/B0D676KYMV?tag=eloabder-20&linkCode=osi&th=1&psc=1">View Product</a></div>
<div class="product"><a href="https://www.amazon.com/dp/B0C73SFP11?tag=eloabder-20&linkCode=osi&th=1&psc=1"><img src="https://m.media-amazon.com/images/I/31+p7lB1nDL._SL500_.jpg" alt="Product Image"></a><p>2 Pack, 9 Inch Clear Non-Skid Lazy Susan Organizers - Turntable Rack for Kitchen Cabinet, Pantry Organization and Storage, Fridge, Bathroom Closet, Vanity Countertop Makeup Organizing, Spice Rack</p><p> -32% 0FF </p><p>$12.98</p><a href="https://www.amazon.com/dp/B0C73SFP11?tag=eloabder-20&linkCode=osi&th=1&psc=1">View Product</a></div><div class="product"><a href="https://www.amazon.com/dp/B098991PPP?tag=eloabder-20&linkCode=osi&th=1&psc=1"><img src="https://m.media-amazon.com/images/I/41pFHdubflL._SL500_.jpg" alt="Product Image"></a><p>SpaceAid Heavy Duty Moving Bags, Extra Large Storage Totes W/Backpack Straps Strong Handles & Zippers, Alternative to Moving Boxes, Packing & Moving Supplies, Black (8 Pack)</p><p> -24% 0FF </p><p>$36.99 ($4.62 / Count)</p><a href="https://www.amazon.com/dp/B098991PPP?tag=eloabder-20&linkCode=osi&th=1&psc=1">View Product</a></div>
<div class="product"><a href="https://www.amazon.com/dp/B001JT1LCW?tag=eloabder-20&linkCode=osi&th=1&psc=1"><img src="https://m.media-amazon.com/images/I/41-NrbTtXOL._SL500_.jpg" alt="Product Image"></a><p>Logistic Ratchet Strap, 16ft x 2In, 1000lb</p><p> -37% 0FF </p><p>$11.13</p><a href="https://www.amazon.com/dp/B001JT1LCW?tag=eloabder-20&linkCode=osi&th=1&psc=1">View Product</a></div>
<div class="product"><a href="https://www.amazon.com/dp/B07MM6D6H8?tag=eloabder-20&linkCode=osi&th=1&psc=1"><img src="https://m.media-amazon.com/images/I/51-5i+GLJFL._SL500_.jpg" alt="Product Image"></a><p>edxeducation Transport Counters - Mini Jar - Set of 36 - Learn Counting, Colors, Sorting and Sequencing - Hands-on Math Manipulative for Kids</p><p> -6% 0FF </p><p>$12.66</p><a href="https://www.amazon.com/dp/B07MM6D6H8?tag=eloabder-20&linkCode=osi&th=1&psc=1">View Product</a></div><div class="product"><a href="https://www.amazon.com/dp/B0058ORV6Y?tag=eloabder-20&linkCode=osi&th=1&psc=1"><img src="https://m.media-amazon.com/images/I/415rpz1mnxL._SL500_.jpg" alt="Product Image"></a><p>Didax Educational Resources Transportation Counters, 72</p><p> -31% 0FF </p><p>$14.50</p><a href="https://www.amazon.com/dp/B0058ORV6Y?tag=eloabder-20&linkCode=osi&th=1&psc=1">View Product</a></div><div class="product"><a href="https://www.amazon.com/dp/B0BWNRKN6Y?tag=eloabder-20&linkCode=osi&th=1&psc=1"><img src="https://m.media-amazon.com/images/I/51Fau8rx1IL._SL500_.jpg" alt="Product Image"></a><p>Reusable Sticker Book for Kids, Vehicles Truck Stickers Educational Learning Toys Travel Stickers Activity Books for Toddler Girls Boys Age 3+ Birthday Gifts</p><p> -34% 0FF </p><p>$5.95</p><a href="https://www.amazon.com/dp/B0BWNRKN6Y?tag=eloabder-20&linkCode=osi&th=1&psc=1">View Product</a></div>
<div class="product"><a href="https://www.amazon.com/dp/B0BLTY38V7?tag=eloabder-20&linkCode=osi&th=1&psc=1"><img src="https://m.media-amazon.com/images/I/31zmVFnuy3L._SL500_.jpg" alt="Product Image"></a><p>SWEETAPRIL Slow Moving Vehicle Sign, Rust Free Aluminum Slow Moving Vehicle Triangle Signs, 14"X16", 40-Mil Thick Diamond Grade Reflective For Golf Cart, For Golf Cart, Tractor, Utv, Safety Signs</p><p> -47% 0FF </p><p>$9.99</p><a href="https://www.amazon.com/dp/B0BLTY38V7?tag=eloabder-20&linkCode=osi&th=1&psc=1">View Product</a></div><div class="product"><a href="https://www.amazon.com/dp/B0D9NXPMMR?tag=eloabder-20&linkCode=osi&th=1&psc=1"><img src="https://m.media-amazon.com/images/I/418RV63IwdL._SL500_.jpg" alt="Product Image"></a><p>Mini Car Trash Can Bin with Lid and One Roll Plastic Trash Bags, Small Car Garbage Can Leakproof Car Accessories Trash Bin Car Dustbin Organizer Container for Car, Vehicle, Office, Home</p><p> -16% 0FF </p><p>$9.98</p><a href="https://www.amazon.com/dp/B0D9NXPMMR?tag=eloabder-20&linkCode=osi&th=1&psc=1">View Product</a></div><div class="product"><a href="https://www.amazon.com/dp/B000UHP9EU?tag=eloabder-20&linkCode=osi&th=1&psc=1"><img src="https://m.media-amazon.com/images/I/31wK9xXH7wL._SL500_.jpg" alt="Product Image"></a><p>FIRST ALERT AUTOMAR10 Car and Marine Fire Extinguisher, FE10GR, UL RATED 10-B:C, White, 1-Pack</p><p> -32% 0FF </p><p>$26.44</p><a href="https://www.amazon.com/dp/B000UHP9EU?tag=eloabder-20&linkCode=osi&th=1&psc=1">View Product</a></div><div class="product"><a href="https://www.amazon.com/dp/B0CQSH2J4R?tag=eloabder-20&linkCode=osi&th=1&psc=1"><img src="https://m.media-amazon.com/images/I/41NenTedbdL._SL500_.jpg" alt="Product Image"></a><p>Yaocom 1 Set Slow Moving Vehicle Sign with Mounting Bracket 14 x 16 Inch Slow Moving Vehicle Triangle Signs Aluminum Slow Sign Warning Triangles for Vehicles Golf Cart Tractor Outdoor Accessories</p><p> -5% 0FF </p><p>$18.99</p><a href="https://www.amazon.com/dp/B0CQSH2J4R?tag=eloabder-20&linkCode=osi&th=1&psc=1">View Product</a></div><div class="product"><a href="https://www.amazon.com/dp/B000P0DPGQ?tag=eloabder-20&linkCode=osi&th=1&psc=1"><img src="https://m.media-amazon.com/images/I/41S75Iev+4L._SL500_.jpg" alt="Product Image"></a><p>FIRST ALERT AUTO5 Car Fire Extinguisher, FESA5, UL RATED 5-B:C, Red, 1-Pack</p><p> -39% 0FF </p><p>$23.77</p><a href="https://www.amazon.com/dp/B000P0DPGQ?tag=eloabder-20&linkCode=osi&th=1&psc=1">View Product</a></div><div class="product"><a href="https://www.amazon.com/dp/B00CGSF4F0?tag=eloabder-20&linkCode=osi&th=1&psc=1"><img src="https://m.media-amazon.com/images/I/41O8ARwr2cL._SL500_.jpg" alt="Product Image"></a><p>BAZIC 12 X 16 Inches Sale Sign, 2-Line (L-2)</p><p> -12% 0FF </p><p>$5.13</p><a href="https://www.amazon.com/dp/B00CGSF4F0?tag=eloabder-20&linkCode=osi&th=1&psc=1">View Product</a></div>
<div class="product"><a href="https://www.amazon.com/dp/B0829D1D7V?tag=eloabder-20&linkCode=osi&th=1&psc=1"><img src="https://m.media-amazon.com/images/I/51J7vVLjl6L._SL500_.jpg" alt="Product Image"></a><p>2-Pack Bubble Cushioning Nylon Wrap Rolls, 3/16" x 12" x 72' ft Total, Perforated Every 12", 20 Fragile Stickers for Packaging, Shipping, Mailing</p><p> -15% 0FF </p><p>$15.50 ($7.75 / Count)</p><a href="https://www.amazon.com/dp/B0829D1D7V?tag=eloabder-20&linkCode=osi&th=1&psc=1">View Product</a></div><div class="product"><a href="https://www.amazon.com/dp/B09GPNQCW4?tag=eloabder-20&linkCode=osi&th=1&psc=1"><img src="https://m.media-amazon.com/images/I/416VMuii7+L._SL500_.jpg" alt="Product Image"></a><p>Donyson Frosted T Shirt Bags 10x13, 100 Pack Clear Bags for Packaging, Package Bags, Packaging Bags for Small Business, Shipping Bags with Handle</p><p> -5% 0FF </p><p>$20.99 ($0.21 / Count)</p><a href="https://www.amazon.com/dp/B09GPNQCW4?tag=eloabder-20&linkCode=osi&th=1&psc=1">View Product</a></div><div class="product"><a href="https://www.amazon.com/dp/B000J07BRQ?tag=eloabder-20&linkCode=osi&th=1&psc=1"><img src="https://m.media-amazon.com/images/I/517ZAgVhtNL._SL500_.jpg" alt="Product Image"></a><p>Scotch Heavy Duty Shipping and Moving Packing Tape, Clear, Packing and Moving Supplies, 1.88 in. x 22.2 yd., 6 Tape Rolls with Dispensers</p><p> -31% 0FF </p><p>$13.88</p><a href="https://www.amazon.com/dp/B000J07BRQ?tag=eloabder-20&linkCode=osi&th=1&psc=1">View Product</a></div>

<div class="product"><a href="https://www.amazon.com/dp/B09ZV2364K?tag=eloabder-20&linkCode=osi&th=1&psc=1"><img src="https://m.media-amazon.com/images/I/41Ts3dr3u3L._SL500_.jpg" alt="Product Image"></a><p>DEKOPRO Submersible Water Pump 1/3 HP 2450GPH Utility Pump Thermoplastic Electric Portable Transfer Water Pump with 10-Foot Cord for Pool Tub Garden Pond Draining</p><p> -32% 0FF </p><p>$40.99</p><a href="https://www.amazon.com/dp/B09ZV2364K?tag=eloabder-20&linkCode=osi&th=1&psc=1">View Product</a></div><div class="product"><a href="https://www.amazon.com/dp/B0CRKY91RW?tag=eloabder-20&linkCode=osi&th=1&psc=1"><img src="https://m.media-amazon.com/images/I/31v5rVK5BPL._SL500_.jpg" alt="Product Image"></a><p>Sump Pump Submersible 1.4HP 4800GPH Water Pump Electric for Portable Transfer Water Pump Sump Pumps Utility Pump with 8 Accessories for Pool Draining Basement, 120 Voltage</p><p> -21% 0FF </p><p>$49.00</p><a href="https://www.amazon.com/dp/B0CRKY91RW?tag=eloabder-20&linkCode=osi&th=1&psc=1">View Product</a></div><div class="product"><a href="https://www.amazon.com/dp/B09Y918453?tag=eloabder-20&linkCode=osi&th=1&psc=1"><img src="https://m.media-amazon.com/images/I/41rSFmVH4hL._SL500_.jpg" alt="Product Image"></a><p>FOTING Sump Pump 1HP 3960 GPH for Clean/Dirty Water Use, Thermoplastic Submersible Water Pump Utility Electric Portable Transfer Pump for Swimming Pool Garden Pond Basement Window Wells with 25ft Cord</p><p> -14% 0FF </p><p>$66.99</p><a href="https://www.amazon.com/dp/B09Y918453?tag=eloabder-20&linkCode=osi&th=1&psc=1">View Product</a></div>
<div class="product"><a href="https://www.amazon.com/dp/B085RV5SRY?tag=eloabder-20&linkCode=osi&th=1&psc=1"><img src="https://m.media-amazon.com/images/I/41Irw5yYT4L._SL500_.jpg" alt="Product Image"></a><p>(Pack of 10) EFIELD 1/2 Inch Pex Crimp Brass Full Port Shut-off Ball Valve for Hot and Cold Water, UPC Certified</p><p> -35% 0FF </p><p>$29.95 ($3.00 / Count)</p><a href="https://www.amazon.com/dp/B085RV5SRY?tag=eloabder-20&linkCode=osi&th=1&psc=1">View Product</a></div>
<div class="product"><a href="https://www.amazon.com/dp/B07MTK9Y31?tag=eloabder-20&linkCode=osi&th=1&psc=1"><img src="https://m.media-amazon.com/images/I/41w52vo9Q9L._SL500_.jpg" alt="Product Image"></a><p>GeilSpace 6 Pack 3/4" √ó 12" Pre-Cut Black Metal Pipe, Industrial Steel Fits Standard Three Quarters Inch Black Threaded Pipes and Fittings - Vintage DIY Industrial Shelving (3/4" √ó 12", Black)</p><p> -19% 0FF </p><p>$21.99 ($3.66 / Count)</p><a href="https://www.amazon.com/dp/B07MTK9Y31?tag=eloabder-20&linkCode=osi&th=1&psc=1">View Product</a></div><div class="product"><a href="https://www.amazon.com/dp/B000OHANEM?tag=eloabder-20&linkCode=osi&th=1&psc=1"><img src="https://m.media-amazon.com/images/I/51G4C0ueewL._SL500_.jpg" alt="Product Image"></a><p>Flex-Drain 51710 Flexible/Expandable Solid Drainage Pipe, 3.37in (Inside Diameter) by 12ft</p><p> -16% 0FF </p><p>$14.27</p><a href="https://www.amazon.com/dp/B000OHANEM?tag=eloabder-20&linkCode=osi&th=1&psc=1">View Product</a></div><div class="product"><a href="https://www.amazon.com/dp/B0009PU9CK?tag=eloabder-20&linkCode=osi&th=1&psc=1"><img src="https://m.media-amazon.com/images/I/31NqDYLrlqL._SL500_.jpg" alt="Product Image"></a><p>Rectorseal 25790 1-3/4-Ounce Tube No.5 Pipe Thread Sealant</p><p> -20% 0FF </p><p>$4.63 ($2.63 / Ounce)</p><a href="https://www.amazon.com/dp/B0009PU9CK?tag=eloabder-20&linkCode=osi&th=1&psc=1">View Product</a></div><div class="product"><a href="https://www.amazon.com/dp/B06XDK78GQ?tag=eloabder-20&linkCode=osi&th=1&psc=1"><img src="https://m.media-amazon.com/images/I/41h6Lm9j-EL._SL500_.jpg" alt="Product Image"></a><p>Hiware Drinking Straw Cleaner Brush Kit - (3-Size) 9-Piece Extra Long Pipe Cleaners, Straw Cleaning Brush For Tumbler, Sippy Cup, Bottle and Tube</p><p> -38% 0FF </p><p>$4.99</p><a href="https://www.amazon.com/dp/B06XDK78GQ?tag=eloabder-20&linkCode=osi&th=1&psc=1">View Product</a></div><div class="product"><a href="https://www.amazon.com/dp/B0D75YFQYX?tag=eloabder-20&linkCode=osi&th=1&psc=1"><img src="https://m.media-amazon.com/images/I/31eJKO5QnML._SL500_.jpg" alt="Product Image"></a><p>3/4 inch Water Pipe Repair Clamp,Emergency Pipe Repair Kit for Plastic and Metal Pipes,Suitable for PE/PVC pipe repair,Steel Pipes,Iron Pipes(19mm-21mm)</p><p> -20% 0FF </p><p>$9.99</p><a href="https://www.amazon.com/dp/B0D75YFQYX?tag=eloabder-20&linkCode=osi&th=1&psc=1">View Product</a></div>
<div class="product"><a href="https://www.amazon.com/dp/B098LMBLNW?tag=eloabder-20&linkCode=osi&th=1&psc=1"><img src="https://m.media-amazon.com/images/I/51g1okYsY5L._SL500_.jpg" alt="Product Image"></a><p>1/2" Pex Fittings, SUNGATOR 45 PCS 1/2 Inch Pex Fittings Set, 15 Each Elbow Tee Coupling Pex Fittings for Pex Pipe, No Lead Brass, ASTM F1807</p><p> -8% 0FF </p><p>$33.99</p><a href="https://www.amazon.com/dp/B098LMBLNW?tag=eloabder-20&linkCode=osi&th=1&psc=1">View Product</a></div><div class="product"><a href="https://www.amazon.com/dp/B0C3HBKCBY?tag=eloabder-20&linkCode=osi&th=1&psc=1"><img src="https://m.media-amazon.com/images/I/51PQ+3I4XiL._SL500_.jpg" alt="Product Image"></a><p>KOOTANS 66pcs Brass Pipe Fittings Assortment NPT Adapter Fitting, Reducer Bushing, Hex Nipple, Reducing Hex Coupling, Pipe Head Brass Plug Kit</p><p> -13% 0FF </p><p>$69.99</p><a href="https://www.amazon.com/dp/B0C3HBKCBY?tag=eloabder-20&linkCode=osi&th=1&psc=1">View Product</a></div>
<div class="product"><a href="https://www.amazon.com/dp/B08G1B6Z73?tag=eloabder-20&linkCode=osi&th=1&psc=1"><img src="https://m.media-amazon.com/images/I/41fPrg-ewYS._SL500_.jpg" alt="Product Image"></a><p>SANFU Polyurethane Recoil Air Compressor Hose 1/4"ID x 25FT Long Tail with Bend Restrictor,1/4‚Äù MNPT Fittings Brass Quick Coupler and Plug, Blue(25')</p><p> -50% 0FF </p><p>$8.99 ($0.36 / Foot)</p><a href="https://www.amazon.com/dp/B08G1B6Z73?tag=eloabder-20&linkCode=osi&th=1&psc=1">View Product</a></div><div class="product"><a href="https://www.amazon.com/dp/B0D227WPF7?tag=eloabder-20&linkCode=osi&th=1&psc=1"><img src="https://m.media-amazon.com/images/I/41YwBSYYHuL._SL500_.jpg" alt="Product Image"></a><p>SANFU Polyurethane(PU) Air Hose 1/4-Inch x 100ft Reinforced, lightweight, Flexible, 300PSI With 1/4‚Äù Swivel Aluminum Universal 3IN1 Coupler and Plug, 1PCS Safery Coupler, Bend Restrictor</p><p> -50% 0FF </p><p>$25.99 ($0.26 / Foot)</p><a href="https://www.amazon.com/dp/B0D227WPF7?tag=eloabder-20&linkCode=osi&th=1&psc=1">View Product</a></div><div class="product"><a href="https://www.amazon.com/dp/B09W4KSB5X?tag=eloabder-20&linkCode=osi&th=1&psc=1"><img src="https://m.media-amazon.com/images/I/51w1yQMw7aL._SL500_.jpg" alt="Product Image"></a><p>DAVCO 1/2" ID x 25 ft PVC Reinforced Tubing With Spiral Steel Wire, High Pressure Flexible Vinyl Hose Heavy Duty Clear Suction Tube,Non-Toxic, Vacuum Dust Collection Pipe</p><p> -50% 0FF </p><p>$16.99 ($0.68 / Foot)</p><a href="https://www.amazon.com/dp/B09W4KSB5X?tag=eloabder-20&linkCode=osi&th=1&psc=1">View Product</a></div>

<div class="product"><a href="https://www.amazon.com/dp/B0CYYYZRV9?tag=eloabder-20&linkCode=osi&th=1&psc=1"><img src="https://m.media-amazon.com/images/I/41glXO+YSbL._SL500_.jpg" alt="Product Image"></a><p>YAMASO 20 Pcs 608 2RS Ball Bearings ‚Äì Bearing Steel and Double Rubber Sealed Miniature Deep Groove Ball Bearings (8mm x 22mm x 7mm)</p><p> -8% 0FF </p><p>$5.49</p><a href="https://www.amazon.com/dp/B0CYYYZRV9?tag=eloabder-20&linkCode=osi&th=1&psc=1">View Product</a></div><div class="product"><a href="https://www.amazon.com/dp/B09PKD8QZZ?tag=eloabder-20&linkCode=osi&th=1&psc=1"><img src="https://m.media-amazon.com/images/I/41BYfJNmMoL._SL500_.jpg" alt="Product Image"></a><p>SHKI 20 Pcs 608 2RS Ball Bearings ‚Äì Bearing Steel and Double Rubber Sealed Miniature Deep Groove Ball Bearings (8mm x 22mm x 7mm) (608 2RS)</p><p> -40% 0FF </p><p>$5.99 ($0.30 / Count)</p><a href="https://www.amazon.com/dp/B09PKD8QZZ?tag=eloabder-20&linkCode=osi&th=1&psc=1">View Product</a></div><div class="product"><a href="https://www.amazon.com/dp/B073ST742Z?tag=eloabder-20&linkCode=osi&th=1&psc=1"><img src="https://m.media-amazon.com/images/I/51dWjQm393L._SL500_.jpg" alt="Product Image"></a><p>100 Pack 608-2RS Skateboard Bearing, Rolling Bearings, 8x22x7mm 608rs Bearing</p><p> -11% 0FF </p><p>$17.79</p><a href="https://www.amazon.com/dp/B073ST742Z?tag=eloabder-20&linkCode=osi&th=1&psc=1">View Product</a></div><div class="product"><a href="https://www.amazon.com/dp/B07216D1SZ?tag=eloabder-20&linkCode=osi&th=1&psc=1"><img src="https://m.media-amazon.com/images/I/41P6KPblNDL._SL500_.jpg" alt="Product Image"></a><p>Sackorange 608 ZZ Skateboard Bearings, Double Shielded,8x22x7 Miniature Ball BearingsÔºàPack of 20)</p><p> -29% 0FF </p><p>$7.79</p><a href="https://www.amazon.com/dp/B07216D1SZ?tag=eloabder-20&linkCode=osi&th=1&psc=1">View Product</a></div>
<div class="product"><a href="https://www.amazon.com/dp/B09KRGTLVM?tag=eloabder-20&linkCode=osi&th=1&psc=1"><img src="https://m.media-amazon.com/images/I/41zMlgeopqL._SL500_.jpg" alt="Product Image"></a><p>Vevitts Small Brushed Permanent Magnet Electric Motor for E Scooter Drive Speed Control 24V 350W 3000RPM</p><p> -20% 0FF </p><p>$39.98</p><a href="https://www.amazon.com/dp/B09KRGTLVM?tag=eloabder-20&linkCode=osi&th=1&psc=1">View Product</a></div><div class="product"><a href="https://www.amazon.com/dp/B01M58POHF?tag=eloabder-20&linkCode=osi&th=1&psc=1"><img src="https://m.media-amazon.com/images/I/41dQTChYsBL._SL500_.jpg" alt="Product Image"></a><p>AUTOTOOLHOME 6-12V Mini DC Motor High Torque Gear for Traxxas R/C and Power Wheels PCB DIY Electric Drill</p><p> -23% 0FF </p><p>$6.89</p><a href="https://www.amazon.com/dp/B01M58POHF?tag=eloabder-20&linkCode=osi&th=1&psc=1">View Product</a></div><div class="product"><a href="https://www.amazon.com/dp/B072R5G5GR?tag=eloabder-20&linkCode=osi&th=1&psc=1"><img src="https://m.media-amazon.com/images/I/41Z6ru+wWIL._SL500_.jpg" alt="Product Image"></a><p>Greartisan DC 12V 550RPM Gear Motor High Torque Electric Micro Speed Reduction Geared Motor Centric Output Shaft 37mm Diameter Gearbox</p><p> -6% 0FF </p><p>$14.99</p><a href="https://www.amazon.com/dp/B072R5G5GR?tag=eloabder-20&linkCode=osi&th=1&psc=1">View Product</a></div><div class="product"><a href="https://www.amazon.com/dp/B0CZVH445F?tag=eloabder-20&linkCode=osi&th=1&psc=1"><img src="https://m.media-amazon.com/images/I/51cTdXLKa7L._SL500_.jpg" alt="Product Image"></a><p>6Pcs 280 Micro DC Motors 3V-12V 13500RPM 0.5A with 2.8mm Insulated Connector & 6inch 20AWG Wire for RC Boat, DIY Airplane, Model Toys, 12V DC Motor Compatible</p><p> -23% 0FF </p><p>$9.99</p><a href="https://www.amazon.com/dp/B0CZVH445F?tag=eloabder-20&linkCode=osi&th=1&psc=1">View Product</a></div>
<div class="product"><a href="https://www.amazon.com/dp/B07L7XCSDW?tag=eloabder-20&linkCode=osi&th=1&psc=1"><img src="https://m.media-amazon.com/images/I/31lErudRYvL._SL500_.jpg" alt="Product Image"></a><p>DC HOUSE 12 Inch 12" High Speed 14mm/s Linear Actuator Motor 1000N DC12V with Mounting Brackets</p><p> -7% 0FF </p><p>$39.98</p><a href="https://www.amazon.com/dp/B07L7XCSDW?tag=eloabder-20&linkCode=osi&th=1&psc=1">View Product</a></div><div class="product"><a href="https://www.amazon.com/dp/B07X3Z68GV?tag=eloabder-20&linkCode=osi&th=1&psc=1"><img src="https://m.media-amazon.com/images/I/41j8dmqKsnS._SL500_.jpg" alt="Product Image"></a><p>Electric Micro Linear Actuator 12V - 1.2" Stroke, 64N/14.4lb, Speed 0.6inch/s Mini Waterproof Motion Actuator Small 12 V DC, w/Mounting Brackets, for Sofa Robotic TV Table Cabinet Window Opener Lift</p><p> -16% 0FF </p><p>$30.99 ($19.37 / oz)</p><a href="https://www.amazon.com/dp/B07X3Z68GV?tag=eloabder-20&linkCode=osi&th=1&psc=1">View Product</a></div><div class="product"><a href="https://www.amazon.com/dp/B0CRV927YC?tag=eloabder-20&linkCode=osi&th=1&psc=1"><img src="https://m.media-amazon.com/images/I/41dEUHSH6sL._SL500_.jpg" alt="Product Image"></a><p>ECO-WORTHY Linear Actuator Heavy Duty 3000N/660lbs with Mounting Brackets Multi-Function (12V, 12")</p><p> -18% 0FF </p><p>$59.99</p><a href="https://www.amazon.com/dp/B0CRV927YC?tag=eloabder-20&linkCode=osi&th=1&psc=1">View Product</a></div>
<div class="product"><a href="https://www.amazon.com/dp/B07H8GL44M?tag=eloabder-20&linkCode=osi&th=1&psc=1"><img src="https://m.media-amazon.com/images/I/41TaGFITM0L._SL500_.jpg" alt="Product Image"></a><p>FAERSI 22680-7S000 AF10141 for 2003-2014 Altima & 2006-14 Maxima & 07-13 Sentra & 05-15 Xterra & 2003-2015 Murano | Infiniti 08-13 G37 & 05-08 G35 & More MAF Mass Air Flow Sensor</p><p> -30% 0FF </p><p>$21.68</p><a href="https://www.amazon.com/dp/B07H8GL44M?tag=eloabder-20&linkCode=osi&th=1&psc=1">View Product</a></div><div class="product"><a href="https://www.amazon.com/dp/B08TRKL94H?tag=eloabder-20&linkCode=osi&th=1&psc=1"><img src="https://m.media-amazon.com/images/I/314giu3g36L._SL500_.jpg" alt="Product Image"></a><p>Carbon Monoxide Detector,CO Gas Monitor Alarm Detector,CO Sensor with LED Digital Display for Home,Depot,Battery Powered</p><p> -5% 0FF </p><p>$11.99</p><a href="https://www.amazon.com/dp/B08TRKL94H?tag=eloabder-20&linkCode=osi&th=1&psc=1">View Product</a></div><div class="product"><a href="https://www.amazon.com/dp/B092HK5NJB?tag=eloabder-20&linkCode=osi&th=1&psc=1"><img src="https://m.media-amazon.com/images/I/41RyuQ28lQS._SL500_.jpg" alt="Product Image"></a><p>Marsflex TPMS Sensor, 13598772 for GM 315Mhz, Tire Pressure Monitoring Sensor Compatible with Buick Chevy Cadillac GMC, Tire Pressure Sensor Replacement 13586335,13598771 4 Pack</p><p> -21% 0FF </p><p>$23.81</p><a href="https://www.amazon.com/dp/B092HK5NJB?tag=eloabder-20&linkCode=osi&th=1&psc=1">View Product</a></div><div class="product"><a href="https://www.amazon.com/dp/B0DCBDS359?tag=eloabder-20&linkCode=osi&th=1&psc=1"><img src="https://m.media-amazon.com/images/I/519A7-IMkBL._SL500_.jpg" alt="Product Image"></a><p>Dual Knock Sensors with Wiring Harness and Intake Manifold Gasket Kit | for Chevy Silverado Avalanche Tahoe, GMC Sierra Yukon, Cadillac Hummer & More GM Vehicles | Replace# 12601822,213-3521,89060413</p><p> -6% 0FF </p><p>$33.99</p><a href="https://www.amazon.com/dp/B0DCBDS359?tag=eloabder-20&linkCode=osi&th=1&psc=1">View Product</a></div><div class="product"><a href="https://www.amazon.com/dp/B0CZP2DRW1?tag=eloabder-20&linkCode=osi&th=1&psc=1"><img src="https://m.media-amazon.com/images/I/31CtLXOX-tL._SL500_.jpg" alt="Product Image"></a><p>Mass Air Flow Sensor MAF Fit for 2007-2009 Avalanche Yukon Tahoe Sierra Silverado Suburban 1500 2500 3500 Replace 2451149 MA198 7410146 5S8048 15900023</p><p> -5% 0FF </p><p>$40.99</p><a href="https://www.amazon.com/dp/B0CZP2DRW1?tag=eloabder-20&linkCode=osi&th=1&psc=1">View Product</a></div>
<div class="product"><a href="https://www.amazon.com/dp/B0002YXE7K?tag=eloabder-20&linkCode=osi&th=1&psc=1"><img src="https://m.media-amazon.com/images/I/41hV+B-cOEL._SL500_.jpg" alt="Product Image"></a><p>Titebond, 8 oz, 8 Fl Oz</p><p> -46% 0FF </p><p>$6.51 ($0.81 / Fl Oz)</p><a href="https://www.amazon.com/dp/B0002YXE7K?tag=eloabder-20&linkCode=osi&th=1&psc=1">View Product</a></div><div class="product"><a href="https://www.amazon.com/dp/B077Z6LF91?tag=eloabder-20&linkCode=osi&th=1&psc=1"><img src="https://m.media-amazon.com/images/I/41IeFkWcsyL._SL500_.jpg" alt="Product Image"></a><p>APERA INSTRUMENTS AI209-T Value Series PH20 pH Tester Combo Kit, including the Maintenance Set, and a CalPod Solution Holder for Easy Calibration</p><p> -25% 0FF </p><p>$79.13</p><a href="https://www.amazon.com/dp/B077Z6LF91?tag=eloabder-20&linkCode=osi&th=1&psc=1">View Product</a></div><div class="product"><a href="https://www.amazon.com/dp/B09JV7Y9SZ?tag=eloabder-20&linkCode=osi&th=1&psc=1"><img src="https://m.media-amazon.com/images/I/31TckTV+diL._SL500_.jpg" alt="Product Image"></a><p>Dental Code Rings Instrument 100pcs Dental Color Code Rings Non‚Äë Silicone Dental Color Code Rings Accessory Supplies(02)</p><p> -32% 0FF </p><p>$4.29 ($4.29 / Count)</p><a href="https://www.amazon.com/dp/B09JV7Y9SZ?tag=eloabder-20&linkCode=osi&th=1&psc=1">View Product</a></div>
<div class="product"><a href="https://www.amazon.com/dp/B01NASZ0UM?tag=eloabder-20&linkCode=osi&th=1&psc=1"><img src="https://m.media-amazon.com/images/I/31MgtNuzDdL._SL500_.jpg" alt="Product Image"></a><p>BN-LINK Wireless Remote Control Electrical Outlet Switch for Lights, Fans, Christmas Lights, Small Appliance, Long Range White (Learning Code, 3Rx-1Tx) 1200W/10A</p><p> -43% 0FF </p><p>$16.99</p><a href="https://www.amazon.com/dp/B01NASZ0UM?tag=eloabder-20&linkCode=osi&th=1&psc=1">View Product</a></div><div class="product"><a href="https://www.amazon.com/dp/B0CTH8XDKW?tag=eloabder-20&linkCode=osi&th=1&psc=1"><img src="https://m.media-amazon.com/images/I/31-PaaCxdfL._SL500_.jpg" alt="Product Image"></a><p>DEWENWILS Indoor Remote Control Outlet, Wireless Remote Outlets Switch, 200FT Range, Remote Light Switch for Lights, Fans, Christmas Lights, 15A/1800WÔºåFCC & ETL Listed (5 Outlets + 2 Remotes)</p><p> -19% 0FF </p><p>$23.39</p><a href="https://www.amazon.com/dp/B0CTH8XDKW?tag=eloabder-20&linkCode=osi&th=1&psc=1">View Product</a></div><div class="product"><a href="https://www.amazon.com/dp/B072F9DGRL?tag=eloabder-20&linkCode=osi&th=1&psc=1"><img src="https://m.media-amazon.com/images/I/417lNJFodCS._SL500_.jpg" alt="Product Image"></a><p>Fosmon WavePoint Wireless Remote Control Outdoor Electrical Outlet Switch Weatherproof Heavy Duty 3-Prong Plug-in ETL Listed (Battery Included) 1 Pack</p><p> -50% 0FF </p><p>$11.08</p><a href="https://www.amazon.com/dp/B072F9DGRL?tag=eloabder-20&linkCode=osi&th=1&psc=1">View Product</a></div><div class="product"><a href="https://www.amazon.com/dp/B09X2W2TRT?tag=eloabder-20&linkCode=osi&th=1&psc=1"><img src="https://m.media-amazon.com/images/I/31PoJZqeG-L._SL500_.jpg" alt="Product Image"></a><p>DEWENWILS Indoor Remote Control Outlet, Wireless Remote Light Switch, No Interference Remote Outlet Switch, No Wiring, 15A/1875W, 100ft RF Range, Compact Design, Programmable</p><p> -11% 0FF </p><p>$12.99</p><a href="https://www.amazon.com/dp/B09X2W2TRT?tag=eloabder-20&linkCode=osi&th=1&psc=1">View Product</a></div><div class="product"><a href="https://www.amazon.com/dp/B07CYKNDC2?tag=eloabder-20&linkCode=osi&th=1&psc=1"><img src="https://m.media-amazon.com/images/I/31Fu9a5ikOL._SL500_.jpg" alt="Product Image"></a><p>BN-LINK Mini Wireless Remote Control Outlet Switch Power Plug In for Household Appliances, Wireless Remote Light Switch, LED Light Bulbs, White (1 Remote + 3 Outlet) 1250W/10A</p><p> -11% 0FF </p><p>$15.99</p><a href="https://www.amazon.com/dp/B07CYKNDC2?tag=eloabder-20&linkCode=osi&th=1&psc=1">View Product</a></div>
<div class="product"><a href="https://www.amazon.com/dp/B01AKGRTUM?tag=eloabder-20&linkCode=osi&th=1&psc=1"><img src="https://m.media-amazon.com/images/I/41UKqiyvz6L._SL500_.jpg" alt="Product Image"></a><p>Oral-B Pro 1000 Rechargeable Electric Toothbrush, Black</p><p> -29% 0FF </p><p>$49.94</p><a href="https://www.amazon.com/dp/B01AKGRTUM?tag=eloabder-20&linkCode=osi&th=1&psc=1">View Product</a></div><div class="product"><a href="https://www.amazon.com/dp/B0D6Y9PJJ3?tag=eloabder-20&linkCode=osi&th=1&psc=1"><img src="https://m.media-amazon.com/images/I/31CUz26rR-L._SL500_.jpg" alt="Product Image"></a><p>3Pack Car Carplay Cable for iPhone 16 15 Pro Max 15 Plus Car Charger, USB to USB C Cable 3FT for Car Charger Adapter, Carplay USB C Cord Accessories Charging for iPad 10th Gen/iPad Pro Air 5th-White</p><p> -30% 0FF </p><p>$13.99</p><a href="https://www.amazon.com/dp/B0D6Y9PJJ3?tag=eloabder-20&linkCode=osi&th=1&psc=1">View Product</a></div><div class="product"><a href="https://www.amazon.com/dp/B07DFFYCXS?tag=eloabder-20&linkCode=osi&th=1&psc=1"><img src="https://m.media-amazon.com/images/I/41NIsYLJG1L._SL500_.jpg" alt="Product Image"></a><p>Digital Caliper, Adoric 0-6" Calipers Measuring Tool - Electronic Micrometer Caliper with Large LCD Screen, Auto-Off Feature, Inch and Millimeter Conversion</p><p> -42% 0FF </p><p>$6.99</p><a href="https://www.amazon.com/dp/B07DFFYCXS?tag=eloabder-20&linkCode=osi&th=1&psc=1">View Product</a></div><div class="product"><a href="https://www.amazon.com/dp/B0CR3S4Y5V?tag=eloabder-20&linkCode=osi&th=1&psc=1"><img src="https://m.media-amazon.com/images/I/417gCCQxz9L._SL500_.jpg" alt="Product Image"></a><p>iPhone Charger 3Pack 10FT Apple MFi Certified Lightning Cable Fast Charging iPhone Charger Cord Compatible with iPhone 14 13 12 11 Pro Max XR XS X 8 7 6 Plus SE and More - Colorful</p><p> -64% 0FF </p><p>$9.99</p><a href="https://www.amazon.com/dp/B0CR3S4Y5V?tag=eloabder-20&linkCode=osi&th=1&psc=1">View Product</a></div><div class="product"><a href="https://www.amazon.com/dp/B0DBHTZ6CD?tag=eloabder-20&linkCode=osi&th=1&psc=1"><img src="https://m.media-amazon.com/images/I/41-NMv8UKZL._SL500_.jpg" alt="Product Image"></a><p>iPhone Charger 3pack 10FT Apple MFi Certified Long Lightning Cable Fast Charging Nylon Braided USB Charging Cable High Speed Transfer Cord for iPhone 14 13/12/11 Pro Max/XS MAX/XR/XS/X/8/7/Plus/6S</p><p> -30% 0FF </p><p>$6.99</p><a href="https://www.amazon.com/dp/B0DBHTZ6CD?tag=eloabder-20&linkCode=osi&th=1&psc=1">View Product</a></div>
<div class="product"><a href="https://www.amazon.com/dp/B09YSJQWRG?tag=eloabder-20&linkCode=osi&th=1&psc=1"><img src="https://m.media-amazon.com/images/I/413B1lBD-hL._SL500_.jpg" alt="Product Image"></a><p>Jesverty DC Power Supply Variable, 0-30V 0-10A Adjustable Switching DC Regulated Bench Power Supply with High Precision 4-Digit LED Display, 5V/2A USB Port, Coarse and Fine Adjustment SPS-3010</p><p> -9% 0FF </p><p>$59.99</p><a href="https://www.amazon.com/dp/B09YSJQWRG?tag=eloabder-20&linkCode=osi&th=1&psc=1">View Product</a></div><div class="product"><a href="https://www.amazon.com/dp/B0C17NLZNH?tag=eloabder-20&linkCode=osi&th=1&psc=1"><img src="https://m.media-amazon.com/images/I/41zjhhWu9lL._SL500_.jpg" alt="Product Image"></a><p>DC Power Supply Variable, 32V 10A Bench Power Supply with Encoder Knob, 4-Digits Display, Adjustable Regulated lab Power Supply with 5V 3.6A USB & Type-C Quick-Charge, Output Switch</p><p> -30% 0FF </p><p>$59.99</p><a href="https://www.amazon.com/dp/B0C17NLZNH?tag=eloabder-20&linkCode=osi&th=1&psc=1">View Product</a></div><div class="product"><a href="https://www.amazon.com/dp/B09BFCF13Y?tag=eloabder-20&linkCode=osi&th=1&psc=1"><img src="https://m.media-amazon.com/images/I/51J2ypqHaML._SL500_.jpg" alt="Product Image"></a><p>DC Power Supply Variable, Bench Power Supply with Encoder Adjustment Knob, Output Enable/Disable Button, Adjustable Power Supply with USB Quick-Charge, Short Circuit Alam (30V 10A Black)</p><p> -43% 0FF </p><p>$39.99</p><a href="https://www.amazon.com/dp/B09BFCF13Y?tag=eloabder-20&linkCode=osi&th=1&psc=1">View Product</a></div><div class="product"><a href="https://www.amazon.com/dp/B0CLY9B5XL?tag=eloabder-20&linkCode=osi&th=1&psc=1"><img src="https://m.media-amazon.com/images/I/41Z-aOJT4pL._SL500_.jpg" alt="Product Image"></a><p>Jesverty DC Power Supply Variable, 0-30V 0-10A Adjustable Switching DC Regulated Bench Power Supply with 20W USB & Type-C Quick-Charge, Encoder Knob, 4-Digit LED Display, Preset Memory - SPS-3010X</p><p> -39% 0FF </p><p>$39.99</p><a href="https://www.amazon.com/dp/B0CLY9B5XL?tag=eloabder-20&linkCode=osi&th=1&psc=1">View Product</a></div><div class="product"><a href="https://www.amazon.com/dp/B00R5CI1W0?tag=eloabder-20&linkCode=osi&th=1&psc=1"><img src="https://m.media-amazon.com/images/I/41ffWbR+GVL._SL500_.jpg" alt="Product Image"></a><p>MEAN WELL NDR-120-24 Single Output Industrial DIN Rail Power Supply, 24 Volts 5 Amps 120 Watts</p><p> -19% 0FF </p><p>$27.00</p><a href="https://www.amazon.com/dp/B00R5CI1W0?tag=eloabder-20&linkCode=osi&th=1&psc=1">View Product</a></div><div class="product"><a href="https://www.amazon.com/dp/B07512KQDW?tag=eloabder-20&linkCode=osi&th=1&psc=1"><img src="https://m.media-amazon.com/images/I/41Z+0wP-6xL._SL500_.jpg" alt="Product Image"></a><p>DC Power Supply Variable,0-30 V / 0-10 A LW-K3010D Adjustable Switching Regulated Power Supply Digital,with Alligator Leads US Power Cord Used for Spectrophotometer and lab Equipment Repair</p><p> -9% 0FF </p><p>$38.99</p><a href="https://www.amazon.com/dp/B07512KQDW?tag=eloabder-20&linkCode=osi&th=1&psc=1">View Product</a></div><div class="product"><a href="https://www.amazon.com/dp/B0CGX39NMK?tag=eloabder-20&linkCode=osi&th=1&psc=1"><img src="https://m.media-amazon.com/images/I/41IyjEYE7iL._SL500_.jpg" alt="Product Image"></a><p>Abestop AT6301 DC Power Supply Variable, 60V/10A/300W Adjustable Bench Power Supply with 10mV / 1mA High Resolution 4-Digits 2.8 inch LCD Display, 5V/1A USB Output</p><p> -11% 0FF </p><p>$129.99</p><a href="https://www.amazon.com/dp/B0CGX39NMK?tag=eloabder-20&linkCode=osi&th=1&psc=1">View Product</a></div>
<div class="product"><a href="https://www.amazon.com/dp/B0BD772SK3?tag=eloabder-20&linkCode=osi&th=1&psc=1"><img src="https://m.media-amazon.com/images/I/516CGhpMaUL._SL500_.jpg" alt="Product Image"></a><p>LED Garage Lights Bulb 2 Pack 180W 18000LM 6500K Led Shop Light with 6 Plus 1 Deformable Panels Basement Barn Ceiling Lights E26 and E27</p><p> -13% 0FF </p><p>$25.99 ($13.00 / Count)</p><a href="https://www.amazon.com/dp/B0BD772SK3?tag=eloabder-20&linkCode=osi&th=1&psc=1">View Product</a></div><div class="product"><a href="https://www.amazon.com/dp/B087JDFH4K?tag=eloabder-20&linkCode=osi&th=1&psc=1"><img src="https://m.media-amazon.com/images/I/310SxRkxkfL._SL500_.jpg" alt="Product Image"></a><p>Amico 6 Pack 6 Inch 5CCT Ultra-Thin LED Recessed Ceiling Light with Junction Box, 2700K/3000K/3500K/4000K/5000K Selectable, 12W Eqv 110W 1050LM Brightness Dimmable Canless Wafer Downlight, ETL & FCC</p><p> -29% 0FF </p><p>$49.99 ($8.33 / Count)</p><a href="https://www.amazon.com/dp/B087JDFH4K?tag=eloabder-20&linkCode=osi&th=1&psc=1">View Product</a></div><div class="product"><a href="https://www.amazon.com/dp/B0BZJ9MTST?tag=eloabder-20&linkCode=osi&th=1&psc=1"><img src="https://m.media-amazon.com/images/I/41nTB2ouhZL._SL500_.jpg" alt="Product Image"></a><p>Amico 36 Pack 6 Inch 5CCT Ultra-Thin LED Recessed Ceiling Light with Junction Box, 2700K/3000K/3500K/4000K/5000K Selectable, 12W Eqv 110W, Dimmable Can-Killer Downlight, 1050LM Brightness - ETL&FCC</p><p> -22% 0FF </p><p>$179.99 ($5.00 / Count)</p><a href="https://www.amazon.com/dp/B0BZJ9MTST?tag=eloabder-20&linkCode=osi&th=1&psc=1">View Product</a></div><div class="product"><a href="https://www.amazon.com/dp/B0B8MJV3HN?tag=eloabder-20&linkCode=osi&th=1&psc=1"><img src="https://m.media-amazon.com/images/I/51J2PJDbNgL._SL500_.jpg" alt="Product Image"></a><p>Ensenior 24 Pack 6 Inch LED Recessed Ceiling Light, Dimmable, 2700K-5000K 5CCT, 1050LM 12W 120V, High Brightness Canless Wafer Downlight - ETL&FCC&IC</p><p> -14% 0FF </p><p>$162.48 ($6.77 / Count)</p><a href="https://www.amazon.com/dp/B0B8MJV3HN?tag=eloabder-20&linkCode=osi&th=1&psc=1">View Product</a></div><div class="product"><a href="https://www.amazon.com/dp/B09QHSY5CP?tag=eloabder-20&linkCode=osi&th=1&psc=1"><img src="https://m.media-amazon.com/images/I/514QSD+bYiL._SL500_.jpg" alt="Product Image"></a><p>2 Pack LED Garage Light, 200W 20000LM 6500K LED Shop Lights, Garage Lights Ceiling Led with 6+1 Deformable Panels, Screw in E26/E27 Socket Bulb for Warehouse, Workshop, Basement, Barn, Garage Lighting</p><p> -18% 0FF </p><p>$26.99 ($13.50 / Count)</p><a href="https://www.amazon.com/dp/B09QHSY5CP?tag=eloabder-20&linkCode=osi&th=1&psc=1">View Product</a></div><div class="product"><a href="https://www.amazon.com/dp/B085SZQCL7?tag=eloabder-20&linkCode=osi&th=1&psc=1"><img src="https://m.media-amazon.com/images/I/41is51nuuHL._SL500_.jpg" alt="Product Image"></a><p>6 Pack 4FT Linkable LED Shop Light, Utility Shop Light Fixture, 4400lm, 42W [250W Equivalent], 5000K Daylight Shop Lights for Garage, Hanging or Surface Mount, with Power Cord, ETL, Black</p><p> -29% 0FF </p><p>$49.69 ($24.84 / Count)</p><a href="https://www.amazon.com/dp/B085SZQCL7?tag=eloabder-20&linkCode=osi&th=1&psc=1">View Product</a></div>
<div class="product"><a href="https://www.amazon.com/dp/B00075M1T6?tag=eloabder-20&linkCode=osi&th=1&psc=1"><img src="https://m.media-amazon.com/images/I/31Qodi9u+XL._SL500_.jpg" alt="Product Image"></a><p>Sunbeam¬Æ Heating Pad Standard Size</p><p> -28% 0FF </p><p>$17.99</p><a href="https://www.amazon.com/dp/B00075M1T6?tag=eloabder-20&linkCode=osi&th=1&psc=1">View Product</a></div><div class="product"><a href="https://www.amazon.com/dp/B08MV3Z3GK?tag=eloabder-20&linkCode=osi&th=1&psc=1"><img src="https://m.media-amazon.com/images/I/51D3Ss7U1DL._SL500_.jpg" alt="Product Image"></a><p>GENIANI King Size Heating Pad for Back Pain & Cramps Relief, FSA HSA Eligible, Auto Shut Off, Machine Washable, Moist Heat Pad for Neck & Shoulder, Knee, Leg, Heat Patches 12'‚Äò√ó24‚Äô‚Äô(Aqua Blue)</p><p> -38% 0FF </p><p>$24.97</p><a href="https://www.amazon.com/dp/B08MV3Z3GK?tag=eloabder-20&linkCode=osi&th=1&psc=1">View Product</a></div><div class="product"><a href="https://www.amazon.com/dp/B0B3MBQC57?tag=eloabder-20&linkCode=osi&th=1&psc=1"><img src="https://m.media-amazon.com/images/I/51nlW3dSxQL._SL500_.jpg" alt="Product Image"></a><p>Heating Pad for Back Pain Relief, Extra Large 33 x 17, Portable Heating Pad for Shoulder, Neck, Cramp, Menstrual Pain, with Upgraded 6 Timer & 6 Temperature Controller</p><p> -56% 0FF </p><p>$39.99 ($1.28 / Ounce)</p><a href="https://www.amazon.com/dp/B0B3MBQC57?tag=eloabder-20&linkCode=osi&th=1&psc=1">View Product</a></div><div class="product"><a href="https://www.amazon.com/dp/B00LX5CR0M?tag=eloabder-20&linkCode=osi&th=1&psc=1"><img src="https://m.media-amazon.com/images/I/51OIEWerJUL._SL500_.jpg" alt="Product Image"></a><p>Sunbeam Heating Pad for Neck & Shoulder Pain Relief, XL Renue, 4 Heat Settings with Auto-Off, Blue, 25-Inch x 25-Inch, Sapphire</p><p> -8% 0FF </p><p>$59.99</p><a href="https://www.amazon.com/dp/B00LX5CR0M?tag=eloabder-20&linkCode=osi&th=1&psc=1">View Product</a></div>
<div class="product"><a href="https://www.amazon.com/dp/B00L2LTYDK?tag=eloabder-20&linkCode=osi&th=1&psc=1"><img src="https://m.media-amazon.com/images/I/418TOAEPGxL._SL500_.jpg" alt="Product Image"></a><p>Ergodyne Chill Its 6602 Cooling Towel, Long Lasting Cooling Relief, Gray 29.50" x 13.00"</p><p> -88% 0FF </p><p>$6.23</p><a href="https://www.amazon.com/dp/B00L2LTYDK?tag=eloabder-20&linkCode=osi&th=1&psc=1">View Product</a></div><div class="product"><a href="https://www.amazon.com/dp/B08SHJ47JL?tag=eloabder-20&linkCode=osi&th=1&psc=1"><img src="https://m.media-amazon.com/images/I/41wR--y8NxL._SL500_.jpg" alt="Product Image"></a><p>Arctic Air Freedom Personal Air Cooler - Portable 3-Speed Neck Fan, Hands-Free Wearable Design, Lightweight, Cordless And Rechargeable</p><p> -34% 0FF </p><p>$19.65</p><a href="https://www.amazon.com/dp/B08SHJ47JL?tag=eloabder-20&linkCode=osi&th=1&psc=1">View Product</a></div><div class="product"><a href="https://www.amazon.com/dp/B003FO2B5U?tag=eloabder-20&linkCode=osi&th=1&psc=1"><img src="https://m.media-amazon.com/images/I/41fgkBDrkxL._SL500_.jpg" alt="Product Image"></a><p>Cool Coolers by Fit + Fresh, 4 Pack Slim Ice Packs, Space Saving Reusable Ice Packs for Lunch Boxes or Coolers, Blue, Single Pack</p><p> -6% 0FF </p><p>$9.44</p><a href="https://www.amazon.com/dp/B003FO2B5U?tag=eloabder-20&linkCode=osi&th=1&psc=1">View Product</a></div><div class="product"><a href="https://www.amazon.com/dp/B008A6M34C?tag=eloabder-20&linkCode=osi&th=1&psc=1"><img src="https://m.media-amazon.com/images/I/41ytzrZrLcL._SL500_.jpg" alt="Product Image"></a><p>FlexiKold Gel Soft Flexible Ice Packs for Injuries - Reusable Freezer Cold Pack, Cold Compress & Cooling Gel Pad for Face, Shoulder, Hip, Leg, Arm, Ankle & Foot Injury - Medium - 7.5‚Äù x 11.5‚Äù</p><p> -56% 0FF </p><p>$10.99 ($10.99 / Count)</p><a href="https://www.amazon.com/dp/B008A6M34C?tag=eloabder-20&linkCode=osi&th=1&psc=1">View Product</a></div><div class="product"><a href="https://www.amazon.com/dp/B00GAU74IK?tag=eloabder-20&linkCode=osi&th=1&psc=1"><img src="https://m.media-amazon.com/images/I/41n1pSkwTeL._SL500_.jpg" alt="Product Image"></a><p>BEKOOOL Soft Gel Sheets for Kids for Cooling Relief from Fever discomfort | 4 Count</p><p> -33% 0FF </p><p>$3.99 ($1.00 / Count)</p><a href="https://www.amazon.com/dp/B00GAU74IK?tag=eloabder-20&linkCode=osi&th=1&psc=1">View Product</a></div><div class="product"><a href="https://www.amazon.com/dp/B0CMJMB9J2?tag=eloabder-20&linkCode=osi&th=1&psc=1"><img src="https://m.media-amazon.com/images/I/41t6as6YB8L._SL500_.jpg" alt="Product Image"></a><p>TheraICE Shoulder Ice Pack Wrap/Reusable Ice Pack for Rotator Cuff & Shoulder Pain Relief Cold Therapy Compression/FocusZone Technology with Extra Cooling Support for Targeted Pain Relief</p><p> -33% 0FF </p><p>$39.95 ($39.95 / Count)</p><a href="https://www.amazon.com/dp/B0CMJMB9J2?tag=eloabder-20&linkCode=osi&th=1&psc=1">View Product</a></div>
<div class="product"><a href="https://www.amazon.com/dp/B07SHB2WF9?tag=eloabder-20&linkCode=osi&th=1&psc=1"><img src="https://m.media-amazon.com/images/I/51jQaLCBOvL._SL500_.jpg" alt="Product Image"></a><p>VIVOSUN 4 Inch 190 CFM Inline Fan with Speed Controller, 4 Inch Carbon Filter and 8 Feet of Ducting, Temperature Humidity Monitor for Grow Tent Ventilation</p><p> -16% 0FF </p><p>$129.99</p><a href="https://www.amazon.com/dp/B07SHB2WF9?tag=eloabder-20&linkCode=osi&th=1&psc=1">View Product</a></div><div class="product"><a href="https://www.amazon.com/dp/B01C82SYZ0?tag=eloabder-20&linkCode=osi&th=1&psc=1"><img src="https://m.media-amazon.com/images/I/412vSql4EpL._SL500_.jpg" alt="Product Image"></a><p>VIVOSUN 4 Inch Inline Duct Fan 100 CFM, HVAC Exhaust Ventilation Fan with Low Noise for Basements, Bathrooms, Kitchens and Attics, Silver</p><p> -8% 0FF </p><p>$22.99</p><a href="https://www.amazon.com/dp/B01C82SYZ0?tag=eloabder-20&linkCode=osi&th=1&psc=1">View Product</a></div><div class="product"><a href="https://www.amazon.com/dp/B0D2P8ZHLD?tag=eloabder-20&linkCode=osi&th=1&psc=1"><img src="https://m.media-amazon.com/images/I/41Y+uClljFL._SL500_.jpg" alt="Product Image"></a><p>Multifunctional 3D Printer Enclosure w/Adjustable Ventilation Kit Eliminate Odors Tent Cover Compatible with Anycubic Photon Mono, Elegoo Saturn/Mars 3/4 & Creality Halot Series Resin 3D Printer</p><p> -6% 0FF </p><p>$65.88</p><a href="https://www.amazon.com/dp/B0D2P8ZHLD?tag=eloabder-20&linkCode=osi&th=1&psc=1">View Product</a></div><div class="product"><a href="https://www.amazon.com/dp/B0CS6K1TM4?tag=eloabder-20&linkCode=osi&th=1&psc=1"><img src="https://m.media-amazon.com/images/I/51Xfkoo1eTL._SL500_.jpg" alt="Product Image"></a><p>HOCENWAY Upgrade 3-Layers Filter System Smoke Exhaust Kit with 5000RPM Fan and Speed Control Power Adapter for All Laser Engraver 3D Printer Enclosure Tent Cover DIY (Ventilation Kit)</p><p> -8% 0FF </p><p>$27.48</p><a href="https://www.amazon.com/dp/B0CS6K1TM4?tag=eloabder-20&linkCode=osi&th=1&psc=1">View Product</a></div>
<div class="product"><a href="https://www.amazon.com/dp/B086QNLBB4?tag=eloabder-20&linkCode=osi&th=1&psc=1"><img src="https://m.media-amazon.com/images/I/41qiFymeklL._SL500_.jpg" alt="Product Image"></a><p>Waterdrop Gravity Water Filter Straw, Camping Water Filtration System, Water Purifier Survival for Travel, Backpacking and Emergency Preparedness, 1.5 gal Bag, 0.1 Micron, 5 Stage Filtration</p><p> -7% 0FF </p><p>$39.99</p><a href="https://www.amazon.com/dp/B086QNLBB4?tag=eloabder-20&linkCode=osi&th=1&psc=1">View Product</a></div><div class="product"><a href="https://www.amazon.com/dp/B0BBQNZK7Y?tag=eloabder-20&linkCode=osi&th=1&psc=1"><img src="https://m.media-amazon.com/images/I/41uwbKvNw5L._SL500_.jpg" alt="Product Image"></a><p>SimPure V7 Under Sink Water Filter, 5-Stage Stainless Steel Water Filtration System Direct Connect to Kitchen Faucet, Reduces 99% Lead, Chlorine, Bad Taste, 20K Gallons (No Drilling Required)</p><p> -18% 0FF </p><p>$65.99 ($30.00 / kg)</p><a href="https://www.amazon.com/dp/B0BBQNZK7Y?tag=eloabder-20&linkCode=osi&th=1&psc=1">View Product</a></div><div class="product"><a href="https://www.amazon.com/dp/B07CHXVRS5?tag=eloabder-20&linkCode=osi&th=1&psc=1"><img src="https://m.media-amazon.com/images/I/41KdIPuSgRL._SL500_.jpg" alt="Product Image"></a><p>iSpring US31 Classic 3-Stage Under Sink Water Filtration System for Drinking, Tankless, High Capacity, Sediment + Carbon + Carbon (Newest Version)</p><p> -26% 0FF </p><p>$101.16</p><a href="https://www.amazon.com/dp/B07CHXVRS5?tag=eloabder-20&linkCode=osi&th=1&psc=1">View Product</a></div><div class="product"><a href="https://www.amazon.com/dp/B00QFXGSIY?tag=eloabder-20&linkCode=osi&th=1&psc=1"><img src="https://m.media-amazon.com/images/I/31c5SLHf3GL._SL500_.jpg" alt="Product Image"></a><p>Survivor Filter PRO - Hand Pump Camping Water Filtration System Survival - Water Purifier Survival</p><p> -20% 0FF </p><p>$55.96</p><a href="https://www.amazon.com/dp/B00QFXGSIY?tag=eloabder-20&linkCode=osi&th=1&psc=1">View Product</a></div>
<div class="product"><a href="https://www.amazon.com/dp/B0D8NXKXBK?tag=eloabder-20&linkCode=osi&th=1&psc=1"><img src="https://m.media-amazon.com/images/I/31sV17bo3CL._SL500_.jpg" alt="Product Image"></a><p>Pro Electric Water Purifier Survival w/Hand Pump, Portable Water Filter Camping Backpacking Hiking Outdoor Travel Emergency, Water Filtration System Survival, Water Purification Tablets Alternative</p><p> -20% 0FF </p><p>$79.99</p><a href="https://www.amazon.com/dp/B0D8NXKXBK?tag=eloabder-20&linkCode=osi&th=1&psc=1">View Product</a></div><div class="product"><a href="https://www.amazon.com/dp/B07PZBY7RL?tag=eloabder-20&linkCode=osi&th=1&psc=1"><img src="https://m.media-amazon.com/images/I/41YJFTk3wDL._SL500_.jpg" alt="Product Image"></a><p>Invigorated Water Alkaline Water Purification Unit, White, Plastic, pH001 Filter Included, Convenient Anti-Slip Design</p><p> -36% 0FF </p><p>$50.00</p><a href="https://www.amazon.com/dp/B07PZBY7RL?tag=eloabder-20&linkCode=osi&th=1&psc=1">View Product</a></div>
<div class="product"><a href="https://www.amazon.com/dp/B0CJ1B6D6S?tag=eloabder-20&linkCode=osi&th=1&psc=1"><img src="https://m.media-amazon.com/images/I/41Upf8lJ6ML._SL500_.jpg" alt="Product Image"></a><p>Scrub Daddy Scrub Mommy Sponges - Dish Scrubber + Non-Scratch Cleaning Sponges Kitchen, Bathroom + Multi-Surface Safe - Dual-Sided Dish Sponges for Scrubbing - Online Exclusive (3 Count)</p><p> -7% 0FF </p><p>$13.00 ($4.33 / Count)</p><a href="https://www.amazon.com/dp/B0CJ1B6D6S?tag=eloabder-20&linkCode=osi&th=1&psc=1">View Product</a></div><div class="product"><a href="https://www.amazon.com/dp/B07HF1GTYN?tag=eloabder-20&linkCode=osi&th=1&psc=1"><img src="https://m.media-amazon.com/images/I/61pFb41tDhL._SL500_.jpg" alt="Product Image"></a><p>Tamicy Mop Slippers Shoes 5 Pairs (10 Pieces) - Microfiber Cleaning House Mop Slippers Floor Cleaning Tools Shoe Cover Soft Washable Reusable Microfiber Foot Socks Floor Cleaning Tools Shoe Cover</p><p> -58% 0FF </p><p>$9.98 ($2.00 / Count)</p><a href="https://www.amazon.com/dp/B07HF1GTYN?tag=eloabder-20&linkCode=osi&th=1&psc=1">View Product</a></div><div class="product"><a href="https://www.amazon.com/dp/B07F268WY8?tag=eloabder-20&linkCode=osi&th=1&psc=1"><img src="https://m.media-amazon.com/images/I/51hKjGZILAL._SL500_.jpg" alt="Product Image"></a><p>Holikme 2 Pack Dryer Vent Cleaner Kit Clothes Dryer Lint Brush Vent Trap Cleaner Home Essentials Long Flexible Vacuum Brush</p><p> -50% 0FF </p><p>$7.99 ($4.00 / Count)</p><a href="https://www.amazon.com/dp/B07F268WY8?tag=eloabder-20&linkCode=osi&th=1&psc=1">View Product</a></div>


<div class="product"><a href="https://www.amazon.com/dp/B06XJ17JVD?tag=eloabder-20&linkCode=osi&th=1&psc=1"><img src="https://m.media-amazon.com/images/I/51OoCqwxbrL._SL500_.jpg" alt="Product Image"></a><p>Rust-Oleum 293513 Rocksolid Polycuramine Garage Oil Floor Coating, 2.5 Car Kit, Gray, 180 Fl Oz (Pack of 1)</p><p> -35% 0FF </p><p>$240.00 ($1.33 / Fl Oz)</p><a href="https://www.amazon.com/dp/B06XJ17JVD?tag=eloabder-20&linkCode=osi&th=1&psc=1">View Product</a></div><div class="product"><a href="https://www.amazon.com/dp/B099SFV2MB?tag=eloabder-20&linkCode=osi&th=1&psc=1"><img src="https://m.media-amazon.com/images/I/41SuYdUgtXL._SL500_.jpg" alt="Product Image"></a><p>Adam's Polishes Advanced Graphene Ceramic Coating - 10H Graphene Coating for Auto Detailing, 9+ Years of Car Protection & Patented UV Technology, Apply After Car Wash & Paint Correction</p><p> -15% 0FF </p><p>$138.54</p><a href="https://www.amazon.com/dp/B099SFV2MB?tag=eloabder-20&linkCode=osi&th=1&psc=1">View Product</a></div><div class="product"><a href="https://www.amazon.com/dp/B07B8RY7M6?tag=eloabder-20&linkCode=osi&th=1&psc=1"><img src="https://m.media-amazon.com/images/I/31G91iuk9RL._SL500_.jpg" alt="Product Image"></a><p>MG Chemicals - 419D-55ML 419D Premium Acrylic Conformal Coating, 55 mL Bottle, IPC 830, UL 94V-0 (File # E203094), Clear, 1.86 Fl Oz (Pack of 1)</p><p> -17% 0FF </p><p>$15.95 ($8.62 / Fl Oz)</p><a href="https://www.amazon.com/dp/B07B8RY7M6?tag=eloabder-20&linkCode=osi&th=1&psc=1">View Product</a></div>
<div class="product"><a href="https://www.amazon.com/dp/B005E9KJYE?tag=eloabder-20&linkCode=osi&th=1&psc=1"><img src="https://m.media-amazon.com/images/I/517PNa1vQiL._SL500_.jpg" alt="Product Image"></a><p>Colorations - SWT16 Simply Washable Tempera Paints, 16 fl oz, Set of 11 Colors, Non Toxic, Vibrant, Bold, Kids Paint, Craft, Hobby, Arts & Crafts, Fun, Art Supplies</p><p> -15% 0FF </p><p>$45.89 ($0.26 / Fl Oz)</p><a href="https://www.amazon.com/dp/B005E9KJYE?tag=eloabder-20&linkCode=osi&th=1&psc=1">View Product</a></div><div class="product"><a href="https://www.amazon.com/dp/B01HZP45BM?tag=eloabder-20&linkCode=osi&th=1&psc=1"><img src="https://m.media-amazon.com/images/I/51qsgeT-koL._SL500_.jpg" alt="Product Image"></a><p>Colorations Washable Tempera Paint, Set of 6 Colors, 8oz Each, Non Toxic Paint, Vibrant Paint, Craft Paint Children, Art Supplies, Homeschool, Home School Use</p><p> -15% 0FF </p><p>$16.99 ($0.35 / Fl Oz)</p><a href="https://www.amazon.com/dp/B01HZP45BM?tag=eloabder-20&linkCode=osi&th=1&psc=1">View Product</a></div><div class="product"><a href="https://www.amazon.com/dp/B01HZP4IFA?tag=eloabder-20&linkCode=osi&th=1&psc=1"><img src="https://m.media-amazon.com/images/I/41tdzr9-azL._SL500_.jpg" alt="Product Image"></a><p>Colorations - LWPACK Liquid Watercolor Paint, 4 fl oz, Set of 6, Non-Toxic, Painting, Kids, Craft, Hobby, Fun, Water Color, Posters, Cool Effects, Versatile, Gift</p><p> -10% 0FF </p><p>$18.89 ($0.79 / Fl Oz)</p><a href="https://www.amazon.com/dp/B01HZP4IFA?tag=eloabder-20&linkCode=osi&th=1&psc=1">View Product</a></div><div class="product"><a href="https://www.amazon.com/dp/B000PIK1YC?tag=eloabder-20&linkCode=osi&th=1&psc=1"><img src="https://m.media-amazon.com/images/I/31-jP8tO9yL._SL500_.jpg" alt="Product Image"></a><p>Rust-Oleum 7579838 Professional High Performance Enamel Spray Paint, 15 Oz, Gloss Black</p><p> -9% 0FF </p><p>$9.98 ($0.67 / Ounce)</p><a href="https://www.amazon.com/dp/B000PIK1YC?tag=eloabder-20&linkCode=osi&th=1&psc=1">View Product</a></div>


<div class="product"><a href="https://www.amazon.com/dp/B002SG7PPC?tag=eloabder-20&linkCode=osi&th=1&psc=1"><img src="https://m.media-amazon.com/images/I/31YVD0b4-1L._SL500_.jpg" alt="Product Image"></a><p>Mitutoyo 050101, Edge Finder, 3/8" Dia. Shank, .200" Dia. Tip</p><p> -21% 0FF </p><p>$16.55</p><a href="https://www.amazon.com/dp/B002SG7PPC?tag=eloabder-20&linkCode=osi&th=1&psc=1">View Product</a></div><div class="product"><a href="https://www.amazon.com/dp/1259827445?tag=eloabder-20&linkCode=osi&th=1&psc=1"><img src="https://m.media-amazon.com/images/I/41+0n7UFhrL._SL500_.jpg" alt="Product Image"></a><p>Machining and CNC Technology</p><p> -42% 0FF </p><p>$199.97</p><a href="https://www.amazon.com/dp/1259827445?tag=eloabder-20&linkCode=osi&th=1&psc=1">View Product</a></div><div class="product"><a href="https://www.amazon.com/dp/B07RM1D6WD?tag=eloabder-20&linkCode=osi&th=1&psc=1"><img src="https://m.media-amazon.com/images/I/41WW3tVXkmL._SL500_.jpg" alt="Product Image"></a><p>AFA Tooling - Deburring Tool with 11 High Speed Steel Swivel Blades - Works on Metal, Resin, PVC Pipes, Copper, Plastic and 3D Printed Edges - Plumbing & 3D Printing Burr Removal Reamer Tool</p><p> -20% 0FF </p><p>$15.95 ($9.11 / 100 g)</p><a href="https://www.amazon.com/dp/B07RM1D6WD?tag=eloabder-20&linkCode=osi&th=1&psc=1">View Product</a></div>
<div class="product"><a href="https://www.amazon.com/dp/B08VHYX96W?tag=eloabder-20&linkCode=osi&th=1&psc=1"><img src="https://m.media-amazon.com/images/I/518vzX0FwcL._SL500_.jpg" alt="Product Image"></a><p>HARDELL Mini Cordless Rotary Tool Kit, 5-Speed and USB Charging with 61 Accessories, Multi-Purpose 3.7V Power Rotary Tool for Sanding, Polishing, Drilling, Etching, Engraving, DIY Crafts</p><p> -17% 0FF </p><p>$24.99</p><a href="https://www.amazon.com/dp/B08VHYX96W?tag=eloabder-20&linkCode=osi&th=1&psc=1">View Product</a></div><div class="product"><a href="https://www.amazon.com/dp/B093229VY9?tag=eloabder-20&linkCode=osi&th=1&psc=1"><img src="https://m.media-amazon.com/images/I/51Wby41ESCL._SL500_.jpg" alt="Product Image"></a><p>KATA 4-PACK Folding Utility Knife, Heavy Duty Box Cutter with 20pcs SK5 Quick Change Blades, Safety Lock Back Design, Used for Cutting Cartons, Cardboards and Boxes</p><p> -23% 0FF </p><p>$9.99 ($2.50 / Count)</p><a href="https://www.amazon.com/dp/B093229VY9?tag=eloabder-20&linkCode=osi&th=1&psc=1">View Product</a></div><div class="product"><a href="https://www.amazon.com/dp/B09QXBC6XL?tag=eloabder-20&linkCode=osi&th=1&psc=1"><img src="https://m.media-amazon.com/images/I/41JcpPv9cXL._SL500_.jpg" alt="Product Image"></a><p>180W Rotary Tool Kit, 1.5-Amp PHALANX 6 Variable Speed with Flex Shaft, 8000-32000RPM Multi-Tool& 139pcs Accessories Kit, Power Multiuse Set Prefect for Crafting Projects and DIY Creations‚Ä¶</p><p> -23% 0FF </p><p>$39.99</p><a href="https://www.amazon.com/dp/B09QXBC6XL?tag=eloabder-20&linkCode=osi&th=1&psc=1">View Product</a></div><div class="product"><a href="https://www.amazon.com/dp/B07GR7QF63?tag=eloabder-20&linkCode=osi&th=1&psc=1"><img src="https://m.media-amazon.com/images/I/319qwqAeKXL._SL500_.jpg" alt="Product Image"></a><p>IGAN-170 Wire Cutters, Precision Electronics Flush Cutter, One of the Strongest and Sharpest Side Cutting pliers with an Opening Spring, Ideal for Ultra-fine Cutting Needs.</p><p> -24% 0FF </p><p>$6.97</p><a href="https://www.amazon.com/dp/B07GR7QF63?tag=eloabder-20&linkCode=osi&th=1&psc=1">View Product</a></div>

<div class="product"><a href="https://www.amazon.com/dp/B01LRVX4AS?tag=eloabder-20&linkCode=osi&th=1&psc=1"><img src="https://m.media-amazon.com/images/I/41eRX8GkL8L._SL500_.jpg" alt="Product Image"></a><p>JKSafety 9 Pockets Class 2 High Visibility Zipper Front Safety Vest With Reflective Strips,Meets ANSI/ISEA Standard (Large, 150-Yellow)</p><p> -10% 0FF </p><p>$8.99</p><a href="https://www.amazon.com/dp/B01LRVX4AS?tag=eloabder-20&linkCode=osi&th=1&psc=1">View Product</a></div><div class="product"><a href="https://www.amazon.com/dp/B01LDPHX7S?tag=eloabder-20&linkCode=osi&th=1&psc=1"><img src="https://m.media-amazon.com/images/I/41pcC4hFanL._SL500_.jpg" alt="Product Image"></a><p>Ergodyne GloWear 8377 Type R Class 3 Lime Quilted Bomber Jacket, High Visibility Reflective Insulation, X-Large</p><p> -17% 0FF </p><p>$34.99</p><a href="https://www.amazon.com/dp/B01LDPHX7S?tag=eloabder-20&linkCode=osi&th=1&psc=1">View Product</a></div><div class="product"><a href="https://www.amazon.com/dp/B0CRV7G3WW?tag=eloabder-20&linkCode=osi&th=1&psc=1"><img src="https://m.media-amazon.com/images/I/41KOsJq8HTL._SL500_.jpg" alt="Product Image"></a><p>Bilymate LED Reflective Vest Running Gear,High Visibility with usb Rechargeable Light Up safety Vest for Walking Running Cycling,Adjustable for Men Women Kids Flourence Green</p><p> -50% 0FF </p><p>$6.45</p><a href="https://www.amazon.com/dp/B0CRV7G3WW?tag=eloabder-20&linkCode=osi&th=1&psc=1">View Product</a></div>
<div class="product"><a href="https://www.amazon.com/dp/B01N2ZTB7M?tag=eloabder-20&linkCode=osi&th=1&psc=1"><img src="https://m.media-amazon.com/images/I/419b0AGprhL._SL500_.jpg" alt="Product Image"></a><p>Sellstrom Advantage Face Shield - Lightweight Mask with Crown & Ratchet Headgear, for Work, Grinding, Cutting - ANSI Z87.1 - Clear Uncoated Polycarbonate Window</p><p> -8% 0FF </p><p>$14.39</p><a href="https://www.amazon.com/dp/B01N2ZTB7M?tag=eloabder-20&linkCode=osi&th=1&psc=1">View Product</a></div><div class="product"><a href="https://www.amazon.com/dp/B008MCUZZS?tag=eloabder-20&linkCode=osi&th=1&psc=1"><img src="https://m.media-amazon.com/images/I/51FPpkx4CEL._SL500_.jpg" alt="Product Image"></a><p>3M 8210 Particulate Respirator, N95, Pack of 20 Disposable Respirator, Two-Strap Cup Style Design, Lightweight with Cushioning Nose Foam, NIOSH Approved</p><p> -45% 0FF </p><p>$15.49 ($0.77 / Count)</p><a href="https://www.amazon.com/dp/B008MCUZZS?tag=eloabder-20&linkCode=osi&th=1&psc=1">View Product</a></div><div class="product"><a href="https://www.amazon.com/dp/B08GBRY816?tag=eloabder-20&linkCode=osi&th=1&psc=1"><img src="https://m.media-amazon.com/images/I/51Z0iPJV4uL._SL500_.jpg" alt="Product Image"></a><p>NEIKO 53880A Forestry Helmet for Safety with Shield and Earmuffs, Chainsaw Helmet with Face Shield, Hard Hat Safety Gear Equipment, Protective Face Shield and Mesh Shield for Face Protection</p><p> -18% 0FF </p><p>$27.16</p><a href="https://www.amazon.com/dp/B08GBRY816?tag=eloabder-20&linkCode=osi&th=1&psc=1">View Product</a></div><div class="product"><a href="https://www.amazon.com/dp/B0BLF15Y9Q?tag=eloabder-20&linkCode=osi&th=1&psc=1"><img src="https://m.media-amazon.com/images/I/51+GJrSaWPL._SL500_.jpg" alt="Product Image"></a><p>Tanden Skating Protective Gear Adult Knee and Elbow Pads Wrist Guards for Roller Skating Skateboarding, Skate Pads Adult Knee Pads for Men Women Black</p><p> -6% 0FF </p><p>$26.99</p><a href="https://www.amazon.com/dp/B0BLF15Y9Q?tag=eloabder-20&linkCode=osi&th=1&psc=1">View Product</a></div>
<div class="product"><a href="https://www.amazon.com/dp/B0C9SBFGZR?tag=eloabder-20&linkCode=osi&th=1&psc=1"><img src="https://m.media-amazon.com/images/I/51yTPVBbEUL._SL500_.jpg" alt="Product Image"></a><p>Supmedic Nitrile Exam Glove, 3.5 mil Disposable Medical Gloves Powder-Free Latex-Free, Box of 100 pcs (Blue) (Medium)</p><p> -16% 0FF </p><p>$8.42</p><a href="https://www.amazon.com/dp/B0C9SBFGZR?tag=eloabder-20&linkCode=osi&th=1&psc=1">View Product</a></div><div class="product"><a href="https://www.amazon.com/dp/B07KYWVCP6?tag=eloabder-20&linkCode=osi&th=1&psc=1"><img src="https://m.media-amazon.com/images/I/41q59vUJw6L._SL500_.jpg" alt="Product Image"></a><p>MED PRIDE Medical Vinyl Examination Gloves (Large, 100-Count) Latex & Rubber Free, Ultra-Strong, Clear Disposable Powder-Free Gloves for Healthcare & Food Handling Use</p><p> -11% 0FF </p><p>$7.99 ($0.08 / Count)</p><a href="https://www.amazon.com/dp/B07KYWVCP6?tag=eloabder-20&linkCode=osi&th=1&psc=1">View Product</a></div><div class="product"><a href="https://www.amazon.com/dp/B09KTQMMCM?tag=eloabder-20&linkCode=osi&th=1&psc=1"><img src="https://m.media-amazon.com/images/I/41mQ4yEa-wL._SL500_.jpg" alt="Product Image"></a><p>Schneider Black Vinyl Exam Gloves, 4mil, Disposable Latex-Free, Plastic Gloves for Medical, Cooking, Cleaning, and Food Prep, Sizes Medium</p><p> -20% 0FF </p><p>$7.99</p><a href="https://www.amazon.com/dp/B09KTQMMCM?tag=eloabder-20&linkCode=osi&th=1&psc=1">View Product</a></div><div class="product"><a href="https://www.amazon.com/dp/B09KRT18KC?tag=eloabder-20&linkCode=osi&th=1&psc=1"><img src="https://m.media-amazon.com/images/I/415qb2LeE6L._SL500_.jpg" alt="Product Image"></a><p>Schneider Clear Vinyl Exam Gloves, 4-mil, Medium 100-ct Box, Latex-Free, Rubber Disposable Gloves For Medical, Cleaning , Food Prep, Food Safe, Powder-Free, Non-Sterile</p><p> -20% 0FF </p><p>$7.97 ($0.08 / Count)</p><a href="https://www.amazon.com/dp/B09KRT18KC?tag=eloabder-20&linkCode=osi&th=1&psc=1">View Product</a></div><div class="product"><a href="https://www.amazon.com/dp/B08WJQR2CR?tag=eloabder-20&linkCode=osi&th=1&psc=1"><img src="https://m.media-amazon.com/images/I/414Y7CgkL2L._SL500_.jpg" alt="Product Image"></a><p>FifthPulse Black Vinyl Disposable Gloves Large 50 Pack - Latex Free, Powder Free Medical Exam Gloves - Surgical, Home, Cleaning, and Food Gloves - 3 Mil Thickness</p><p> -60% 0FF </p><p>$5.59</p><a href="https://www.amazon.com/dp/B08WJQR2CR?tag=eloabder-20&linkCode=osi&th=1&psc=1">View Product</a></div><div class="product"><a href="https://www.amazon.com/dp/B0C9MZRBR7?tag=eloabder-20&linkCode=osi&th=1&psc=1"><img src="https://m.media-amazon.com/images/I/41STIBt58JL._SL500_.jpg" alt="Product Image"></a><p>Caring Nitrile Exam Gloves (100ct), Powder Free and Not Made with Natural Rubber Latex, Gloves for Medical Use, Cleaning, Food Prep and More, Large</p><p> -13% 0FF </p><p>$6.99</p><a href="https://www.amazon.com/dp/B0C9MZRBR7?tag=eloabder-20&linkCode=osi&th=1&psc=1">View Product</a></div><div class="product"><a href="https://www.amazon.com/dp/B087LXWY99?tag=eloabder-20&linkCode=osi&th=1&psc=1"><img src="https://m.media-amazon.com/images/I/51ILZr2xj3L._SL500_.jpg" alt="Product Image"></a><p>Basic Medical Blue Nitrile Exam Gloves - Latex-Free & Powder-Free - NGPF-7002 (Case of 1,000), Medium</p><p> -16% 0FF </p><p>$32.82 ($0.03 / Count)</p><a href="https://www.amazon.com/dp/B087LXWY99?tag=eloabder-20&linkCode=osi&th=1&psc=1">View Product</a></div>
<div class="product"><a href="https://www.amazon.com/dp/B09P4DBZHY?tag=eloabder-20&linkCode=osi&th=1&psc=1"><img src="https://m.media-amazon.com/images/I/31YZa5T8JCL._SL500_.jpg" alt="Product Image"></a><p>3M Hard Hat SecureFit H-701SFR-UV, White, Non-Vented Cap Style Safety Helmet with Uvicator Sensor, 4-Point Pressure Diffusion Ratchet Suspension, ANSI Z87.1</p><p> -12% 0FF </p><p>$16.25</p><a href="https://www.amazon.com/dp/B09P4DBZHY?tag=eloabder-20&linkCode=osi&th=1&psc=1">View Product</a></div><div class="product"><a href="https://www.amazon.com/dp/B09VBV3T78?tag=eloabder-20&linkCode=osi&th=1&psc=1"><img src="https://m.media-amazon.com/images/I/31BEt7CIKkL._SL500_.jpg" alt="Product Image"></a><p>UNINOVA Vented Hard Hat with Visor OSHA Construction Safety Helmet 6 pt. Ratchet Suspension Cascos De Construccion ANSI Z89.1 Type I Class C Hardhats(S1 White Smoked)</p><p> -46% 0FF </p><p>$29.99</p><a href="https://www.amazon.com/dp/B09VBV3T78?tag=eloabder-20&linkCode=osi&th=1&psc=1">View Product</a></div>
<div class="product"><a href="https://www.amazon.com/dp/B08C7HDF1F?tag=eloabder-20&linkCode=osi&th=1&psc=1"><img src="https://m.media-amazon.com/images/I/51v5EoPjf3L._SL500_.jpg" alt="Product Image"></a><p>NNPCBT 100PCS 3 Ply Black Disposable Face Mask Filter Protection Face Masks</p><p> -33% 0FF </p><p>$9.98 ($0.10 / Count)</p><a href="https://www.amazon.com/dp/B08C7HDF1F?tag=eloabder-20&linkCode=osi&th=1&psc=1">View Product</a></div><div class="product"><a href="https://www.amazon.com/dp/B09GNXYWDQ?tag=eloabder-20&linkCode=osi&th=1&psc=1"><img src="https://m.media-amazon.com/images/I/41VrygLbB9L._SL500_.jpg" alt="Product Image"></a><p>Gleeporte [Pack Of 100] Black Disposable Face Mask, 3-Ply Adult Masks, Facial Cover with Elastic Earloops For Home, Office, School, and Outdoors</p><p> -22% 0FF </p><p>$6.99 ($0.07 / Count)</p><a href="https://www.amazon.com/dp/B09GNXYWDQ?tag=eloabder-20&linkCode=osi&th=1&psc=1">View Product</a></div><div class="product"><a href="https://www.amazon.com/dp/B08Y8NVW6Y?tag=eloabder-20&linkCode=osi&th=1&psc=1"><img src="https://m.media-amazon.com/images/I/51-zA01VM0L._SL500_.jpg" alt="Product Image"></a><p>LEMENT 50pcs KN95 Face Mask Black 5 Layer Cup Dust Safety Masks Filter Efficiency‚â•95% Breathable Elastic Ear Loops Black Masks</p><p> -33% 0FF </p><p>$19.99 ($0.40 / Count)</p><a href="https://www.amazon.com/dp/B08Y8NVW6Y?tag=eloabder-20&linkCode=osi&th=1&psc=1">View Product</a></div><div class="product"><a href="https://www.amazon.com/dp/B089TX3BPY?tag=eloabder-20&linkCode=osi&th=1&psc=1"><img src="https://m.media-amazon.com/images/I/41qr1sidczL._SL500_.jpg" alt="Product Image"></a><p>Hygenix 3ply Disposable Face Masks PFE 99% Filter Quality Tested by a US lab (Pack of 50 Pcs)</p><p> -13% 0FF </p><p>$12.99 ($0.26 / Count)</p><a href="https://www.amazon.com/dp/B089TX3BPY?tag=eloabder-20&linkCode=osi&th=1&psc=1">View Product</a></div><div class="product"><a href="https://www.amazon.com/dp/B09GLY1S79?tag=eloabder-20&linkCode=osi&th=1&psc=1"><img src="https://m.media-amazon.com/images/I/511vKreiG-L._SL500_.jpg" alt="Product Image"></a><p>Funight KN95 Face Masks 50 Pack 5-Ply Breathable Filter Disposable Face Masks Black</p><p> -50% 0FF </p><p>$19.99 ($0.40 / Count)</p><a href="https://www.amazon.com/dp/B09GLY1S79?tag=eloabder-20&linkCode=osi&th=1&psc=1">View Product</a></div>
<div class="product"><a href="https://www.amazon.com/dp/B07MNZ7C1M?tag=eloabder-20&linkCode=osi&th=1&psc=1"><img src="https://m.media-amazon.com/images/I/41qn5bUxuzL._SL500_.jpg" alt="Product Image"></a><p>ProCase Noise Reduction Ear Muffs, SNR 34dB Noise Cancelling Headphones for Adults Kids Autism, Adjustable Sound Proof Ear Protection for Shooting Mowing Construction -Red</p><p> -21% 0FF </p><p>$14.99</p><a href="https://www.amazon.com/dp/B07MNZ7C1M?tag=eloabder-20&linkCode=osi&th=1&psc=1">View Product</a></div><div class="product"><a href="https://www.amazon.com/dp/B0C5SMT3TX?tag=eloabder-20&linkCode=osi&th=1&psc=1"><img src="https://m.media-amazon.com/images/I/31TGEeMQNBL._SL500_.jpg" alt="Product Image"></a><p>ZOHAN 012 Hearing Protection Earmuffs for Noise Reduction - NRR 28dB Adjustable Safety Ear Muffs for Mowing, Autism, Sporting Events, Outdoor Work, Construction - Purple</p><p> -50% 0FF </p><p>$7.99</p><a href="https://www.amazon.com/dp/B0C5SMT3TX?tag=eloabder-20&linkCode=osi&th=1&psc=1">View Product</a></div><div class="product"><a href="https://www.amazon.com/dp/B01MXYJ2QP?tag=eloabder-20&linkCode=osi&th=1&psc=1"><img src="https://m.media-amazon.com/images/I/412QOjQpaKL._SL500_.jpg" alt="Product Image"></a><p>3M Pro-Grade Earmuff, Noise Reduction Rating (NRR) 30 dB, Lightweight & Adjustable Ear Muffs, Reduce Pressure Points For All-Day Comfort, Steel Wire Headband With Rubber Overmold Design (90565-4DC-PS)</p><p> -19% 0FF </p><p>$27.49</p><a href="https://www.amazon.com/dp/B01MXYJ2QP?tag=eloabder-20&linkCode=osi&th=1&psc=1">View Product</a></div><div class="product"><a href="https://www.amazon.com/dp/B01N7LMH5K?tag=eloabder-20&linkCode=osi&th=1&psc=1"><img src="https://m.media-amazon.com/images/I/516EUUjXKUL._SL500_.jpg" alt="Product Image"></a><p>10 Pair Corded Reusable Ear Plugs for Shooting Range Ear Protection for Gun Range - Hunting Ear Plugs for Construction Firearm Ear Protection Shooting Gun Hearing Protection Ear Plugs Corded</p><p> -13% 0FF </p><p>$6.95 ($0.70 / Count)</p><a href="https://www.amazon.com/dp/B01N7LMH5K?tag=eloabder-20&linkCode=osi&th=1&psc=1">View Product</a></div>
<div class="product"><a href="https://www.amazon.com/dp/B09G8FJNRT?tag=eloabder-20&linkCode=osi&th=1&psc=1"><img src="https://m.media-amazon.com/images/I/414WbTnlb1L._SL500_.jpg" alt="Product Image"></a><p>Aqulius 2 Pack Stylish Safety Glasses Goggles Anti Fog, Scratch Resistant, Safety Glasses for Women, Blue Light, Glasses for Nurses</p><p> -18% 0FF </p><p>$13.99</p><a href="https://www.amazon.com/dp/B09G8FJNRT?tag=eloabder-20&linkCode=osi&th=1&psc=1">View Product</a></div><div class="product"><a href="https://www.amazon.com/dp/B0833VW43J?tag=eloabder-20&linkCode=osi&th=1&psc=1"><img src="https://m.media-amazon.com/images/I/41iY6mE3j6L._SL500_.jpg" alt="Product Image"></a><p>amoolo Clear Safety Glasses Bulk of 24, Protective Eyewear for Men Women, ANSI Z87.1 Impact Resistant Eye Protection for Work, Lab, Construction</p><p> -18% 0FF </p><p>$24.69 ($1.03 / Count)</p><a href="https://www.amazon.com/dp/B0833VW43J?tag=eloabder-20&linkCode=osi&th=1&psc=1">View Product</a></div><div class="product"><a href="https://www.amazon.com/dp/B07YLVH342?tag=eloabder-20&linkCode=osi&th=1&psc=1"><img src="https://m.media-amazon.com/images/I/41bR3jQbKXL._SL500_.jpg" alt="Product Image"></a><p>SolidWork Safety Glasses Clear Lens with Side Shields, Anti Fog, Anti Scratch, Anti-Glare, Protective Eyewear for Men & Women</p><p> -11% 0FF </p><p>$9.99</p><a href="https://www.amazon.com/dp/B07YLVH342?tag=eloabder-20&linkCode=osi&th=1&psc=1">View Product</a></div>

<div class="product"><a href="https://www.amazon.com/dp/B078JGY2MJ?tag=eloabder-20&linkCode=osi&th=1&psc=1"><img src="https://m.media-amazon.com/images/I/41V4pUwXteL._SL500_.jpg" alt="Product Image"></a><p>Cherokee Scrubs for Men Workwear Professionals V-Neck Four-Pocket Scrub Top WW695, L, Navy</p><p> -23% 0FF </p><p>$24.99</p><a href="https://www.amazon.com/dp/B078JGY2MJ?tag=eloabder-20&linkCode=osi&th=1&psc=1">View Product</a></div><div class="product"><a href="https://www.amazon.com/dp/B0721NWRKT?tag=eloabder-20&linkCode=osi&th=1&psc=1"><img src="https://m.media-amazon.com/images/I/41Qw3a-DoWL._SL500_.jpg" alt="Product Image"></a><p>Cherokee Women's V-Neck Top, Navy, X-Large</p><p> -15% 0FF </p><p>$23.99</p><a href="https://www.amazon.com/dp/B0721NWRKT?tag=eloabder-20&linkCode=osi&th=1&psc=1">View Product</a></div><div class="product"><a href="https://www.amazon.com/dp/B012H3JOOK?tag=eloabder-20&linkCode=osi&th=1&psc=1"><img src="https://m.media-amazon.com/images/I/41GrV-dIDYL._SL500_.jpg" alt="Product Image"></a><p>Workwear Women Underscrubs Long Sleeve Knit Tee 4881, L, Caribbean Blue</p><p> -19% 0FF </p><p>$10.47</p><a href="https://www.amazon.com/dp/B012H3JOOK?tag=eloabder-20&linkCode=osi&th=1&psc=1">View Product</a></div>
<div class="product"><a href="https://www.amazon.com/dp/B010QWNDX2?tag=eloabder-20&linkCode=osi&th=1&psc=1"><img src="https://m.media-amazon.com/images/I/31V3r0a9C1L._SL500_.jpg" alt="Product Image"></a><p>Just Love Women's Scrub Sets Six Pocket Medical Scrubs (V-Neck With Cargo Pant), Navy, Medium</p><p> -16% 0FF </p><p>$19.99</p><a href="https://www.amazon.com/dp/B010QWNDX2?tag=eloabder-20&linkCode=osi&th=1&psc=1">View Product</a></div><div class="product"><a href="https://www.amazon.com/dp/B0985Y2RB4?tag=eloabder-20&linkCode=osi&th=1&psc=1"><img src="https://m.media-amazon.com/images/I/3176BjqvasS._SL500_.jpg" alt="Product Image"></a><p>Natural Uniforms Women's Cool Stretch V-Neck Top and Cargo Pant Set (True Navy Blue, Large)</p><p> -17% 0FF </p><p>$24.99</p><a href="https://www.amazon.com/dp/B0985Y2RB4?tag=eloabder-20&linkCode=osi&th=1&psc=1">View Product</a></div><div class="product"><a href="https://www.amazon.com/dp/B0CBNDXYJT?tag=eloabder-20&linkCode=osi&th=1&psc=1"><img src="https://m.media-amazon.com/images/I/31DhOD5-BwL._SL500_.jpg" alt="Product Image"></a><p>MONARCH UNIFORMS Stretchy Scrubs Women's Jogger Scrub Set In Regular and Petite Jogger Scrubs with Tuck-In Top for Women(Navy-L)</p><p> -6% 0FF </p><p>$46.95</p><a href="https://www.amazon.com/dp/B0CBNDXYJT?tag=eloabder-20&linkCode=osi&th=1&psc=1">View Product</a></div><div class="product"><a href="https://www.amazon.com/dp/B0D1TL84LR?tag=eloabder-20&linkCode=osi&th=1&psc=1"><img src="https://m.media-amazon.com/images/I/51iGPF-PnRL._SL500_.jpg" alt="Product Image"></a><p>Electric Warming Trays for Food and Hot Plates, Large and Uniform Surface Heating, Foldable, Durable, 3 Temperature Levels, Can Be On for 12 Hours, Silicone Food Warmer for Gatherings (Beige)</p><p> -8% 0FF </p><p>$36.99</p><a href="https://www.amazon.com/dp/B0D1TL84LR?tag=eloabder-20&linkCode=osi&th=1&psc=1">View Product</a></div><div class="product"><a href="https://www.amazon.com/dp/B09MM2LG84?tag=eloabder-20&linkCode=osi&th=1&psc=1"><img src="https://m.media-amazon.com/images/I/31B25JsiYTL._SL500_.jpg" alt="Product Image"></a><p>Scrubs Set for Women Joggers V-Neck Pocket Top Uniforms (Pink, L)</p><p> -10% 0FF </p><p>$25.99</p><a href="https://www.amazon.com/dp/B09MM2LG84?tag=eloabder-20&linkCode=osi&th=1&psc=1">View Product</a></div>
<div class="product"><a href="https://www.amazon.com/dp/B07K8M42Q5?tag=eloabder-20&linkCode=osi&th=1&psc=1"><img src="https://m.media-amazon.com/images/I/41UMPYXm6lS._SL500_.jpg" alt="Product Image"></a><p>Insulated Thermal Bib Overalls, High Visibility, Weather-Resistant, Large, Ergodyne GloWear 8928,Lime</p><p> -33% 0FF </p><p>$74.69</p><a href="https://www.amazon.com/dp/B07K8M42Q5?tag=eloabder-20&linkCode=osi&th=1&psc=1">View Product</a></div><div class="product"><a href="https://www.amazon.com/dp/B07SB2Z38J?tag=eloabder-20&linkCode=osi&th=1&psc=1"><img src="https://m.media-amazon.com/images/I/31gv4F1tgnL._SL500_.jpg" alt="Product Image"></a><p>Pioneer Hi Vis Ripstop Waterproof Bib Pants/Overalls for Men - Reflective Safety Work Rain Pants - High Visibility Yellow</p><p> -11% 0FF </p><p>$51.72</p><a href="https://www.amazon.com/dp/B07SB2Z38J?tag=eloabder-20&linkCode=osi&th=1&psc=1">View Product</a></div>
<div class="product"><a href="https://www.amazon.com/dp/B000BQRGFU?tag=eloabder-20&linkCode=osi&th=1&psc=1"><img src="https://m.media-amazon.com/images/I/51gnFiaxIAS._SL500_.jpg" alt="Product Image"></a><p>Trimaco SuperTuff Polypropylene Coverall, Medium</p><p> -51% 0FF </p><p>$4.90</p><a href="https://www.amazon.com/dp/B000BQRGFU?tag=eloabder-20&linkCode=osi&th=1&psc=1">View Product</a></div><div class="product"><a href="https://www.amazon.com/dp/B01JOWAOEG?tag=eloabder-20&linkCode=osi&th=1&psc=1"><img src="https://m.media-amazon.com/images/I/31jcH7zLurL._SL500_.jpg" alt="Product Image"></a><p>DuPont unisex-adult TY122S-XL-EACH Disposable Elastic Wrist, Bootie and Hood Tyvek Coverall Suit 1414, X-Large, White</p><p> -16% 0FF </p><p>$9.77</p><a href="https://www.amazon.com/dp/B01JOWAOEG?tag=eloabder-20&linkCode=osi&th=1&psc=1">View Product</a></div>
<div class="product"><a href="https://www.amazon.com/dp/B07D8G82G8?tag=eloabder-20&linkCode=osi&th=1&psc=1"><img src="https://m.media-amazon.com/images/I/317xFAdHZWL._SL500_.jpg" alt="Product Image"></a><p>VOGRYE Professional Lab Coat for Men Women Long Sleeve, White, Unisex</p><p> -12% 0FF </p><p>$14.99</p><a href="https://www.amazon.com/dp/B07D8G82G8?tag=eloabder-20&linkCode=osi&th=1&psc=1">View Product</a></div><div class="product"><a href="https://www.amazon.com/dp/B07HBL83B4?tag=eloabder-20&linkCode=osi&th=1&psc=1"><img src="https://m.media-amazon.com/images/I/31TG2roZU-L._SL500_.jpg" alt="Product Image"></a><p>VOGRYE Professional Lab Coat for Women Men Long Sleeve, White, Unisex (Small, White)</p><p> -32% 0FF </p><p>$16.99</p><a href="https://www.amazon.com/dp/B07HBL83B4?tag=eloabder-20&linkCode=osi&th=1&psc=1">View Product</a></div><div class="product"><a href="https://www.amazon.com/dp/B08VDZ6KCT?tag=eloabder-20&linkCode=osi&th=1&psc=1"><img src="https://m.media-amazon.com/images/I/31ERfg1k-nL._SL500_.jpg" alt="Product Image"></a><p>NY Threads Professional Lab Coat for Men Long Sleeve Poly Cotton Medical Coat 1 Pack, Medium, White</p><p> -11% 0FF </p><p>$16.99</p><a href="https://www.amazon.com/dp/B08VDZ6KCT?tag=eloabder-20&linkCode=osi&th=1&psc=1">View Product</a></div><div class="product"><a href="https://www.amazon.com/dp/B097NS2MHG?tag=eloabder-20&linkCode=osi&th=1&psc=1"><img src="https://m.media-amazon.com/images/I/31jtnrdiCcL._SL500_.jpg" alt="Product Image"></a><p>NY Threads Professional Lab Coat for Women, Long Sleeve Poly Cotton Medical Coat 1 Pack, Medium, White</p><p> -10% 0FF </p><p>$17.99</p><a href="https://www.amazon.com/dp/B097NS2MHG?tag=eloabder-20&linkCode=osi&th=1&psc=1">View Product</a></div>
<div class="product"><a href="https://www.amazon.com/dp/B08LSQFJCL?tag=eloabder-20&linkCode=osi&th=1&psc=1"><img src="https://m.media-amazon.com/images/I/410PoD7Tw+L._SL500_.jpg" alt="Product Image"></a><p>Walking Boot Fracture Boot for Broken Foot, Sprained Ankle-Medium</p><p> -25% 0FF </p><p>$39.85</p><a href="https://www.amazon.com/dp/B08LSQFJCL?tag=eloabder-20&linkCode=osi&th=1&psc=1">View Product</a></div><div class="product"><a href="https://www.amazon.com/dp/B09YPT42D5?tag=eloabder-20&linkCode=osi&th=1&psc=1"><img src="https://m.media-amazon.com/images/I/418-GYTrMOL._SL500_.jpg" alt="Product Image"></a><p>Jewlri Air Walking Boot Fracture Boot Short Walker Protective Boot Fits Left or Right Foot Ankle for Injuries Fractures Sprains Black M</p><p> -13% 0FF </p><p>$39.15</p><a href="https://www.amazon.com/dp/B09YPT42D5?tag=eloabder-20&linkCode=osi&th=1&psc=1">View Product</a></div><div class="product"><a href="https://www.amazon.com/dp/B019T9EHME?tag=eloabder-20&linkCode=osi&th=1&psc=1"><img src="https://m.media-amazon.com/images/I/41vMjfPsvUL._SL500_.jpg" alt="Product Image"></a><p>WOLVERINE Men's Floorhand Waterproof Steeltoe 6" Work Boot, Dark Brown, 9M</p><p> -23% 0FF </p><p>$92.90</p><a href="https://www.amazon.com/dp/B019T9EHME?tag=eloabder-20&linkCode=osi&th=1&psc=1">View Product</a></div>
<div class="product"><a href="https://www.amazon.com/dp/B073WH3WDR?tag=eloabder-20&linkCode=osi&th=1&psc=1"><img src="https://m.media-amazon.com/images/I/31s4J9BNC5L._SL500_.jpg" alt="Product Image"></a><p>Skechers Women's Squad SR Shoe, Black, 8.5</p><p> -63% 0FF </p><p>$25.00</p><a href="https://www.amazon.com/dp/B073WH3WDR?tag=eloabder-20&linkCode=osi&th=1&psc=1">View Product</a></div><div class="product"><a href="https://www.amazon.com/dp/B0C73MZF8M?tag=eloabder-20&linkCode=osi&th=1&psc=1"><img src="https://m.media-amazon.com/images/I/41yuAR+ADmL._SL500_.jpg" alt="Product Image"></a><p>LARNMERN Men Shoes Non Slip Work Sneakers Plantar Fasciitis Food Service Zapatos Trabajo Antideslizantes Orthopedic Walking Shoes Water Resistant Slip-on, Black 10.5</p><p> -15% 0FF </p><p>$42.42</p><a href="https://www.amazon.com/dp/B0C73MZF8M?tag=eloabder-20&linkCode=osi&th=1&psc=1">View Product</a></div><div class="product"><a href="https://www.amazon.com/dp/B0CJ8ZXF49?tag=eloabder-20&linkCode=osi&th=1&psc=1"><img src="https://m.media-amazon.com/images/I/41FQGDRzYhL._SL500_.jpg" alt="Product Image"></a><p>Bruno Marc Men's Non Slip Shoes, Lightweight Mens Work Shoes & Restaurant or Food Service Sneakers,Size 12,Black,SBWO2302M</p><p> -18% 0FF </p><p>$40.99</p><a href="https://www.amazon.com/dp/B0CJ8ZXF49?tag=eloabder-20&linkCode=osi&th=1&psc=1">View Product</a></div><div class="product"><a href="https://www.amazon.com/dp/B08XK8NZ82?tag=eloabder-20&linkCode=osi&th=1&psc=1"><img src="https://m.media-amazon.com/images/I/41VlYm6BhQL._SL500_.jpg" alt="Product Image"></a><p>Shoes for Crews Everlight Mens Non Slip Work Shoes - Men's Work & Safety Footwear, Lace-Up Breathable Work Shoes for Men, Zapato de Trabajo para Hombre, Size 10 Black</p><p> -14% 0FF </p><p>$59.98</p><a href="https://www.amazon.com/dp/B08XK8NZ82?tag=eloabder-20&linkCode=osi&th=1&psc=1">View Product</a></div><div class="product"><a href="https://www.amazon.com/dp/B01N2ZIDHO?tag=eloabder-20&linkCode=osi&th=1&psc=1"><img src="https://m.media-amazon.com/images/I/41TB3tRdI3L._SL500_.jpg" alt="Product Image"></a><p>Skechers Men's Flex Advantage Bendon Work Shoe, Black, 9.5 Wide</p><p> -25% 0FF </p><p>$63.73</p><a href="https://www.amazon.com/dp/B01N2ZIDHO?tag=eloabder-20&linkCode=osi&th=1&psc=1">View Product</a></div><div class="product"><a href="https://www.amazon.com/dp/B0D95RCCV4?tag=eloabder-20&linkCode=osi&th=1&psc=1"><img src="https://m.media-amazon.com/images/I/414THsyORKL._SL500_.jpg" alt="Product Image"></a><p>Bruno Marc Men's Hands Free Non Slip Work Shoes, Water Resistance Restaurant Slip on Food Service Sneakers,Size 11,Black,SNIC2410M</p><p> -15% 0FF </p><p>$33.14</p><a href="https://www.amazon.com/dp/B0D95RCCV4?tag=eloabder-20&linkCode=osi&th=1&psc=1">View Product</a></div><div class="product"><a href="https://www.amazon.com/dp/B08XLPHX2K?tag=eloabder-20&linkCode=osi&th=1&psc=1"><img src="https://m.media-amazon.com/images/I/41hIoqZEa+L._SL500_.jpg" alt="Product Image"></a><p>Shoes for Crews Everlight, Women's Slip Resistant Work Shoes, Water Resistant, Black, Size 9</p><p> -14% 0FF </p><p>$59.98</p><a href="https://www.amazon.com/dp/B08XLPHX2K?tag=eloabder-20&linkCode=osi&th=1&psc=1">View Product</a></div>

<div class="product"><a href="https://www.amazon.com/dp/B0CP3Q6CCG?tag=eloabder-20&linkCode=osi&th=1&psc=1"><img src="https://m.media-amazon.com/images/I/41sFYNo44HL._SL500_.jpg" alt="Product Image"></a><p>SAFETOE Welding Boots for Men Composite Toe Safety Boots Fire Resistant Welding Boot 300‚ÑÉHeat Resistant Welder Working Boots</p><p> -20% 0FF </p><p>$71.99</p><a href="https://www.amazon.com/dp/B0CP3Q6CCG?tag=eloabder-20&linkCode=osi&th=1&psc=1">View Product</a></div><div class="product"><a href="https://www.amazon.com/dp/B08L6HJJ7C?tag=eloabder-20&linkCode=osi&th=1&psc=1"><img src="https://m.media-amazon.com/images/I/41RzvjdVq0S._SL500_.jpg" alt="Product Image"></a><p>TOSAFZXY Work Safety Boots for Men Durable Crazy-Horse Leather Indestructible Steel Toe Waterproof and Non-Slip Better Warmth Men Work Shoes Black 13</p><p> -21% 0FF </p><p>$76.99</p><a href="https://www.amazon.com/dp/B08L6HJJ7C?tag=eloabder-20&linkCode=osi&th=1&psc=1">View Product</a></div><div class="product"><a href="https://www.amazon.com/dp/B01E7T2S7M?tag=eloabder-20&linkCode=osi&th=1&psc=1"><img src="https://m.media-amazon.com/images/I/41h2ZazEbDL._SL500_.jpg" alt="Product Image"></a><p>Timberland PRO Men's Powertrain Sport Alloy Safety Toe Industrial Athletic Work Shoe AL, Black/Grey, 11</p><p> -15% 0FF </p><p>$93.45</p><a href="https://www.amazon.com/dp/B01E7T2S7M?tag=eloabder-20&linkCode=osi&th=1&psc=1">View Product</a></div>

<div class="product"><a href="https://www.amazon.com/dp/B08G5DNWPH?tag=eloabder-20&linkCode=osi&th=1&psc=1"><img src="https://m.media-amazon.com/images/I/51z+-4Ne7OS._SL500_.jpg" alt="Product Image"></a><p>Palmer Safety Safety Harness w/Detachable 6 ft Lanyard I Single Leg Lanyard w/Internal Shock Absorbing & Snap Hook I OSHA/ANSI Fall Arrest Kit</p><p> -19% 0FF </p><p>$41.80</p><a href="https://www.amazon.com/dp/B08G5DNWPH?tag=eloabder-20&linkCode=osi&th=1&psc=1">View Product</a></div>
<div class="product"><a href="https://www.amazon.com/dp/B07MPC2DL1?tag=eloabder-20&linkCode=osi&th=1&psc=1"><img src="https://m.media-amazon.com/images/I/414lPL-+oSL._SL500_.jpg" alt="Product Image"></a><p>SHINKODA Black Glasses Strap, Sports Sunglasses & Eyeglasses Holder Straps for Men Women, String Holder, Neck Lanyard Cord, Adjustable Rope Eyewear Keeper Strap, Pack of 6</p><p> -30% 0FF </p><p>$6.99</p><a href="https://www.amazon.com/dp/B07MPC2DL1?tag=eloabder-20&linkCode=osi&th=1&psc=1">View Product</a></div>

<div class="product"><a href="https://www.amazon.com/dp/B07N42HH5R?tag=eloabder-20&linkCode=osi&th=1&psc=1"><img src="https://m.media-amazon.com/images/I/41ckLVLEd2L._SL500_.jpg" alt="Product Image"></a><p>X MONSTER HMPE Synthetic Winch Rope 3/8" x 90' Off Road for UTV/ATV Winch Line Cable Rope with Black Protecting Sleeve 18,000 lbs, Orange</p><p> -50% 0FF </p><p>$39.99 ($0.44 / Foot)</p><a href="https://www.amazon.com/dp/B07N42HH5R?tag=eloabder-20&linkCode=osi&th=1&psc=1">View Product</a></div><div class="product"><a href="https://www.amazon.com/dp/B08GC5NMY2?tag=eloabder-20&linkCode=osi&th=1&psc=1"><img src="https://m.media-amazon.com/images/I/41DLu2HOubL._SL500_.jpg" alt="Product Image"></a><p>AuInn Pack of 2 Velvet Stanchion Ropes, 4.9 Feet Stanchion Queue Barrier Rope Velvet Rope, Crowd Control Rope Barrier, with Mirror Polished Hooks (Red)</p><p> -50% 0FF </p><p>$8.24</p><a href="https://www.amazon.com/dp/B08GC5NMY2?tag=eloabder-20&linkCode=osi&th=1&psc=1">View Product</a></div><div class="product"><a href="https://www.amazon.com/dp/B004XAD2IU?tag=eloabder-20&linkCode=osi&th=1&psc=1"><img src="https://m.media-amazon.com/images/I/41OMk7JUdRL._SL500_.jpg" alt="Product Image"></a><p>SeaSense Rope Cutting Gun for Fishing, Boating & Camping ‚Äì 4‚Äô Cord, 1.5 Lbs, 120 V, 100 W & 1.5 A ‚Äì Lightweight Electric Cutter Tool for Synthetic Rope or Line</p><p> -17% 0FF </p><p>$34.49</p><a href="https://www.amazon.com/dp/B004XAD2IU?tag=eloabder-20&linkCode=osi&th=1&psc=1">View Product</a></div><div class="product"><a href="https://www.amazon.com/dp/B000KA4NZI?tag=eloabder-20&linkCode=osi&th=1&psc=1"><img src="https://m.media-amazon.com/images/I/41dG6S68MnL._SL500_.jpg" alt="Product Image"></a><p>Champion Sports DD Series Double Dutch Licorice Jump Ropes - Pink, 16-Feet (Set)</p><p> -37% 0FF </p><p>$10.10</p><a href="https://www.amazon.com/dp/B000KA4NZI?tag=eloabder-20&linkCode=osi&th=1&psc=1">View Product</a></div><div class="product"><a href="https://www.amazon.com/dp/B0BMVK163Z?tag=eloabder-20&linkCode=osi&th=1&psc=1"><img src="https://m.media-amazon.com/images/I/41lSc76CkEL._SL500_.jpg" alt="Product Image"></a><p>FVIEXE 6 Pack Red Velvet Stanchion Rope, 5 Feet Crowd Control Velvet Ropes with Gold Clasps, Foam Core Red Rope Queue Safety Sarriers Stanchion Post Rope for Party Event and Red Carpet</p><p> -6% 0FF </p><p>$32.99</p><a href="https://www.amazon.com/dp/B0BMVK163Z?tag=eloabder-20&linkCode=osi&th=1&psc=1">View Product</a></div>


<div class="product"><a href="https://www.amazon.com/dp/B06X9CYNJF?tag=eloabder-20&linkCode=osi&th=1&psc=1"><img src="https://m.media-amazon.com/images/I/51ZZNuuD3RL._SL500_.jpg" alt="Product Image"></a><p>VIVOHOME Motorcycle Lift Scissor Jack Steel Wide Deck Hoist Crank Center Stand 1100 LBS Capacity for Motorcycles, ATVs, Dirt Bikes Red</p><p> -20% 0FF </p><p>$79.99</p><a href="https://www.amazon.com/dp/B06X9CYNJF?tag=eloabder-20&linkCode=osi&th=1&psc=1">View Product</a></div><div class="product"><a href="https://www.amazon.com/dp/B0B19LHQG9?tag=eloabder-20&linkCode=osi&th=1&psc=1"><img src="https://m.media-amazon.com/images/I/41KGf+arU0L._SL500_.jpg" alt="Product Image"></a><p>EnryKuo Labor Saving Arm Jack 2 Pack,15.5 Inch Multifunctional Furniture Lifter Jacks for Installing Cabinets and Wall Tile Height Adjuster Handheld Tool</p><p> -42% 0FF </p><p>$28.99</p><a href="https://www.amazon.com/dp/B0B19LHQG9?tag=eloabder-20&linkCode=osi&th=1&psc=1">View Product</a></div><div class="product"><a href="https://www.amazon.com/dp/B002671WFC?tag=eloabder-20&linkCode=osi&th=1&psc=1"><img src="https://m.media-amazon.com/images/I/41SUknvQFBL._SL500_.jpg" alt="Product Image"></a><p>Lumex Stand Assist Patient Lift - Safely Sit, Stand, Transfer & Transport - LF1600</p><p> -11% 0FF </p><p>$648.29</p><a href="https://www.amazon.com/dp/B002671WFC?tag=eloabder-20&linkCode=osi&th=1&psc=1">View Product</a></div><div class="product"><a href="https://www.amazon.com/dp/B00022749Q?tag=eloabder-20&linkCode=osi&th=1&psc=1"><img src="https://m.media-amazon.com/images/I/41yCiXKQqmL._SL500_.jpg" alt="Product Image"></a><p>Shoulder Dolly Moving Straps - Lifting Strap for 2 Movers - Move, Lift, Carry, And Secure Furniture, Appliances, Heavy, Bulky Objects Safely, Efficiently, More Easily Like The Pros - LD1000</p><p> -11% 0FF </p><p>$39.99</p><a href="https://www.amazon.com/dp/B00022749Q?tag=eloabder-20&linkCode=osi&th=1&psc=1">View Product</a></div>
<div class="product"><a href="https://www.amazon.com/dp/B01MT1C80C?tag=eloabder-20&linkCode=osi&th=1&psc=1"><img src="https://m.media-amazon.com/images/I/41lL1b8gXCL._SL500_.jpg" alt="Product Image"></a><p>Happybuy Belt Conveyor 59 x 7.8 inch Conveyor Table Heavy Duty Stainless Steel Motorized Belt Conveyor for Inkjet Coding Applications Powered Rubber PVC Belt Anti Static (One Guardrail)</p><p> -30% 0FF </p><p>$249.99</p><a href="https://www.amazon.com/dp/B01MT1C80C?tag=eloabder-20&linkCode=osi&th=1&psc=1">View Product</a></div><div class="product"><a href="https://www.amazon.com/dp/B0C1PBQT7R?tag=eloabder-20&linkCode=osi&th=1&psc=1"><img src="https://m.media-amazon.com/images/I/41qlOkZESjL._SL500_.jpg" alt="Product Image"></a><p>Winco ECT-300 Commercial Conveyor Toaster, 300 Slices/Hour</p><p> -6% 0FF </p><p>$387.41</p><a href="https://www.amazon.com/dp/B0C1PBQT7R?tag=eloabder-20&linkCode=osi&th=1&psc=1">View Product</a></div>

<div class="product"><a href="https://www.amazon.com/dp/B018ANYYJG?tag=eloabder-20&linkCode=osi&th=1&psc=1"><img src="https://m.media-amazon.com/images/I/416JDvu6ogL._SL500_.jpg" alt="Product Image"></a><p>Global Industrial Pallet Jack Truck, 6600 Lb. Capacity, 27 x 48</p><p> -9% 0FF </p><p>$569.73</p><a href="https://www.amazon.com/dp/B018ANYYJG?tag=eloabder-20&linkCode=osi&th=1&psc=1">View Product</a></div>
<div class="product"><a href="https://www.amazon.com/dp/B0D6FZH97Y?tag=eloabder-20&linkCode=osi&th=1&psc=1"><img src="https://m.media-amazon.com/images/I/31pz8LhlttL._SL500_.jpg" alt="Product Image"></a><p>Golpart 6 Tier Adjustable Storage Shelves,Narrow Mesh Gaps Metal Utility Shelf,Wire Shelving Unit Organizer Rack for Home,Kitchen,Office,Bathroom,Pantry Room,10" D x 16" W x 60" H,Black</p><p> -28% 0FF </p><p>$42.99</p><a href="https://www.amazon.com/dp/B0D6FZH97Y?tag=eloabder-20&linkCode=osi&th=1&psc=1">View Product</a></div>

<div class="product"><a href="https://www.amazon.com/dp/B0CC5GTNPG?tag=eloabder-20&linkCode=osi&th=1&psc=1"><img src="https://m.media-amazon.com/images/I/51I6UsNZ7CL._SL500_.jpg" alt="Product Image"></a><p>VEVOR TF23 Hydraulic Lift Table Cart, 500lbs Capacity 28.5" with 4 Wheels and Non-Slip Pad, for Material Handling and Transportation, Red</p><p> -30% 0FF </p><p>$211.49</p><a href="https://www.amazon.com/dp/B0CC5GTNPG?tag=eloabder-20&linkCode=osi&th=1&psc=1">View Product</a></div><div class="product"><a href="https://www.amazon.com/dp/B0CH33RLV1?tag=eloabder-20&linkCode=osi&th=1&psc=1"><img src="https://m.media-amazon.com/images/I/51wMAvcoyJL._SL500_.jpg" alt="Product Image"></a><p>Kolvoii Labor Saving Arm Jack, 2 Pack Stainless Steel Furniture Jack Lifter, Versatile and Easy to Use Arm Jack Improved Quality Lifting Device</p><p> -31% 0FF </p><p>$45.51</p><a href="https://www.amazon.com/dp/B0CH33RLV1?tag=eloabder-20&linkCode=osi&th=1&psc=1">View Product</a></div>
<div class="product"><a href="https://www.amazon.com/dp/B07KCL992V?tag=eloabder-20&linkCode=osi&th=1&psc=1"><img src="https://m.media-amazon.com/images/I/41ebYUzCm3L._SL500_.jpg" alt="Product Image"></a><p>Really Good Stuff Rainbow Organizing Bins, Premium Plastic Book Holders With Name Labels, Vertical Storage & Organization for Classroom & Home, Color Code Files, Books, Binders, Supplies, 12 pk</p><p> -10% 0FF </p><p>$62.09</p><a href="https://www.amazon.com/dp/B07KCL992V?tag=eloabder-20&linkCode=osi&th=1&psc=1">View Product</a></div><div class="product"><a href="https://www.amazon.com/dp/B0768DC8G6?tag=eloabder-20&linkCode=osi&th=1&psc=1"><img src="https://m.media-amazon.com/images/I/51BKAcmJ9qL._SL500_.jpg" alt="Product Image"></a><p>HORUSDY Wall Mounted Storage Bins Parts Rack 30PC Organizer Garage Plastic Shop Tool for Men's Gift, Blue,Orange,Red</p><p> -40% 0FF </p><p>$29.99</p><a href="https://www.amazon.com/dp/B0768DC8G6?tag=eloabder-20&linkCode=osi&th=1&psc=1">View Product</a></div><div class="product"><a href="https://www.amazon.com/dp/B002VK7D5C?tag=eloabder-20&linkCode=osi&th=1&psc=1"><img src="https://m.media-amazon.com/images/I/31Z-XvLCdRL._SL500_.jpg" alt="Product Image"></a><p>Akro-Mils 30210 AkroBins Plastic Hanging Stackable Storage Organizer Bin, 5-Inch x 4-Inch x 3-Inch, Clear, 24-Pack</p><p> -16% 0FF </p><p>$45.97</p><a href="https://www.amazon.com/dp/B002VK7D5C?tag=eloabder-20&linkCode=osi&th=1&psc=1">View Product</a></div>
<div class="product"><a href="https://www.amazon.com/dp/B0BTHQ64ZY?tag=eloabder-20&linkCode=osi&th=1&psc=1"><img src="https://m.media-amazon.com/images/I/310KexriEhL._SL500_.jpg" alt="Product Image"></a><p>PEUKC Display Cabinet with Glass Doors, Curio Cabinets with 4 Adjustable Shelves, Locking Glass Cabinet Display Case for Home, Office, Clinic, Pantry, Assemble Required, Black</p><p> -7% 0FF </p><p>$124.98</p><a href="https://www.amazon.com/dp/B0BTHQ64ZY?tag=eloabder-20&linkCode=osi&th=1&psc=1">View Product</a></div><div class="product"><a href="https://www.amazon.com/dp/B0CRDQFRXC?tag=eloabder-20&linkCode=osi&th=1&psc=1"><img src="https://m.media-amazon.com/images/I/41kJKgAwQTL._SL500_.jpg" alt="Product Image"></a><p>YDTOP Double Tilt Out Trash Cabinet 20 Gallon, Dual Kitchen Wood Trash Can Cabinet with Hideaway Drawers, Freestanding Hidden Garbage Recycling Cabinet Pet Proof, Black</p><p> -29% 0FF </p><p>$119.99</p><a href="https://www.amazon.com/dp/B0CRDQFRXC?tag=eloabder-20&linkCode=osi&th=1&psc=1">View Product</a></div><div class="product"><a href="https://www.amazon.com/dp/B0CPPKWZT1?tag=eloabder-20&linkCode=osi&th=1&psc=1"><img src="https://m.media-amazon.com/images/I/41NLwoLkXbL._SL500_.jpg" alt="Product Image"></a><p>Insputer Pull Out Trash Can Under Cabinet with Soft-Close Slides, Heavy Duty Under Sink Trash Can Kit for Kitchen, Garbage Can Not Included, Requires Minimum Cabinets Opening 12" W X 18" D</p><p> -13% 0FF </p><p>$69.99</p><a href="https://www.amazon.com/dp/B0CPPKWZT1?tag=eloabder-20&linkCode=osi&th=1&psc=1">View Product</a></div><div class="product"><a href="https://www.amazon.com/dp/B0CVQVXN4R?tag=eloabder-20&linkCode=osi&th=1&psc=1"><img src="https://m.media-amazon.com/images/I/41zO0HSzOsL._SL500_.jpg" alt="Product Image"></a><p>HOLDN‚Äô STORAGE Pull Out Trash Can Under Cabinet - Trash Can Not Included - Dedicated Space for Disposable Trash Bags, Requires a 11‚Äù Cabinet Opening, Adjustable, Heavy Duty, Anti Rust Chrome Finish</p><p> -50% 0FF </p><p>$14.99</p><a href="https://www.amazon.com/dp/B0CVQVXN4R?tag=eloabder-20&linkCode=osi&th=1&psc=1">View Product</a></div><div class="product"><a href="https://www.amazon.com/dp/B01N74P0QB?tag=eloabder-20&linkCode=osi&th=1&psc=1"><img src="https://m.media-amazon.com/images/I/41nGX9ZrByL._SL500_.jpg" alt="Product Image"></a><p>Scotch Clear Adhesive Bumper Pads 40 PCS, Self-Stick Rubber Pads 1/2" round, Cabinet Door Rubber Bumpers, Designed to Protect Cabinets and Drawers, Sound Dampening, Transparent (SP951-NA)</p><p> -26% 0FF </p><p>$5.17 ($0.13 / Count)</p><a href="https://www.amazon.com/dp/B01N74P0QB?tag=eloabder-20&linkCode=osi&th=1&psc=1">View Product</a></div><div class="product"><a href="https://www.amazon.com/dp/B0B3WSZ3QP?tag=eloabder-20&linkCode=osi&th=1&psc=1"><img src="https://m.media-amazon.com/images/I/414o0TQt26L._SL500_.jpg" alt="Product Image"></a><p>Set of 4, 10 Inch Non-Skid Lazy Susan Organizers - Turntable Rack for Cabinet, Pantry Organization and Storage, Kitchen, Fridge, Bathroom Makeup Vanity Countertop, Under Sink Organizing, Spice Rack</p><p> -14% 0FF </p><p>$24.96 ($6.24 / Count)</p><a href="https://www.amazon.com/dp/B0B3WSZ3QP?tag=eloabder-20&linkCode=osi&th=1&psc=1">View Product</a></div>
<div class="product"><a href="https://www.amazon.com/dp/B07QSTF4YW?tag=eloabder-20&linkCode=osi&th=1&psc=1"><img src="https://m.media-amazon.com/images/I/41lmEyfx8mL._SL500_.jpg" alt="Product Image"></a><p>Fayleeko Combination Lock, 4 Digit Padlock for School Gym Sports Locker, Fence, Toolbox, Case, Hasp Cabinet Storage (2 Pack, Black)</p><p> -42% 0FF </p><p>$7.48 ($3.74 / Count)</p><a href="https://www.amazon.com/dp/B07QSTF4YW?tag=eloabder-20&linkCode=osi&th=1&psc=1">View Product</a></div><div class="product"><a href="https://www.amazon.com/dp/B0039XQUMM?tag=eloabder-20&linkCode=osi&th=1&psc=1"><img src="https://m.media-amazon.com/images/I/41I1akF19UL._SL500_.jpg" alt="Product Image"></a><p>Master Lock 1561DLTBLU Locker Lock Combination Padlock, 1 Pack, Light Blue</p><p> -11% 0FF </p><p>$11.26</p><a href="https://www.amazon.com/dp/B0039XQUMM?tag=eloabder-20&linkCode=osi&th=1&psc=1">View Product</a></div><div class="product"><a href="https://www.amazon.com/dp/B07RJ9VLTX?tag=eloabder-20&linkCode=osi&th=1&psc=1"><img src="https://m.media-amazon.com/images/I/31SBHrrChGL._SL500_.jpg" alt="Product Image"></a><p>Zarker XD35 Combination Lock, 3-Digit Padlock for School Gym Sports LockerLock, Fence, Toolbox, Case, Hasp Storage (1-Pack, Emerald)</p><p> -29% 0FF </p><p>$8.39</p><a href="https://www.amazon.com/dp/B07RJ9VLTX?tag=eloabder-20&linkCode=osi&th=1&psc=1">View Product</a></div><div class="product"><a href="https://www.amazon.com/dp/B075DFPR2W?tag=eloabder-20&linkCode=osi&th=1&psc=1"><img src="https://m.media-amazon.com/images/I/41RIUm3PW9L._SL500_.jpg" alt="Product Image"></a><p>Puroma 2 Pack Combination Lock 4 Digit Locker Lock Outdoor Waterproof Padlock for School Gym Locker, Sports Locker, Fence, Toolbox, Gate, Case, Hasp Storage (Black)</p><p> -23% 0FF </p><p>$9.99 ($5.00 / Count)</p><a href="https://www.amazon.com/dp/B075DFPR2W?tag=eloabder-20&linkCode=osi&th=1&psc=1">View Product</a></div>
<div class="product"><a href="https://www.amazon.com/dp/B0BD6B5K4Y?tag=eloabder-20&linkCode=osi&th=1&psc=1"><img src="https://m.media-amazon.com/images/I/31yLOibS4VL._SL500_.jpg" alt="Product Image"></a><p>Upgraded Foldable Push Cart Dolly | 330 lbs. Capacity Moving Platform Hand Truck | Heavy Duty Space Saving Collapsible | Swivel Push Handle Flat Bed Wagon - Blue</p><p> -42% 0FF </p><p>$46.25</p><a href="https://www.amazon.com/dp/B0BD6B5K4Y?tag=eloabder-20&linkCode=osi&th=1&psc=1">View Product</a></div><div class="product"><a href="https://www.amazon.com/dp/B00NIXNULM?tag=eloabder-20&linkCode=osi&th=1&psc=1"><img src="https://m.media-amazon.com/images/I/31BEpG+nf1L._SL500_.jpg" alt="Product Image"></a><p>dbest products Trolley Dolly Black Foldable Shopping cart for Groceries with Wheels and Removable Bag and Rolling Personal Handtruck Standard</p><p> -35% 0FF </p><p>$49.99</p><a href="https://www.amazon.com/dp/B00NIXNULM?tag=eloabder-20&linkCode=osi&th=1&psc=1">View Product</a></div><div class="product"><a href="https://www.amazon.com/dp/B09WKC9RCF?tag=eloabder-20&linkCode=osi&th=1&psc=1"><img src="https://m.media-amazon.com/images/I/41jd9gO9acL._SL500_.jpg" alt="Product Image"></a><p>Folding Hand Truck Iron Tube Pull Rod Folding Cart Foldable Trolley Dolly with Wheels Utility Lightweight Expandable Large Chassis Foldable into Backpack,Portable Luggage Cart for Airport Travel</p><p> -16% 0FF </p><p>$25.99</p><a href="https://www.amazon.com/dp/B09WKC9RCF?tag=eloabder-20&linkCode=osi&th=1&psc=1">View Product</a></div><div class="product"><a href="https://www.amazon.com/dp/B09LS718PL?tag=eloabder-20&linkCode=osi&th=1&psc=1"><img src="https://m.media-amazon.com/images/I/41L7uGB-X9L._SL500_.jpg" alt="Product Image"></a><p>GtIiFmTe Folding Hand Truck, Lightweight Hand Truck Dolly Foldable,Luggage cart with 4 Rotate Wheels, Utility Cart with Adjustable Handle,Collapsible Dolly for Moving Travel Shopping Airport Office</p><p> -8% 0FF </p><p>$34.99</p><a href="https://www.amazon.com/dp/B09LS718PL?tag=eloabder-20&linkCode=osi&th=1&psc=1">View Product</a></div><div class="product"><a href="https://www.amazon.com/dp/B097PJC4LW?tag=eloabder-20&linkCode=osi&th=1&psc=1"><img src="https://m.media-amazon.com/images/I/41blpdzW8mL._SL500_.jpg" alt="Product Image"></a><p>SOLEJAZZ Folding Hand Truck Portable Dolly for Moving, 500LB Luggage Cart Dolly with 6 Wheels & 2 Bungee Cords for Travel, Moving, Shopping Use, Black</p><p> -37% 0FF </p><p>$37.98</p><a href="https://www.amazon.com/dp/B097PJC4LW?tag=eloabder-20&linkCode=osi&th=1&psc=1">View Product</a></div><div class="product"><a href="https://www.amazon.com/dp/B091B4769L?tag=eloabder-20&linkCode=osi&th=1&psc=1"><img src="https://m.media-amazon.com/images/I/41sHihEAqdL._SL500_.jpg" alt="Product Image"></a><p>CLAX¬Æ The Original | Made in Germany | Multi use Functional Collapsible carts | Mobile Folding Trolley | Shopping cart with Storage Crate | Platform Truck (Green)</p><p> -23% 0FF </p><p>$231.19</p><a href="https://www.amazon.com/dp/B091B4769L?tag=eloabder-20&linkCode=osi&th=1&psc=1">View Product</a></div>
<div class="product"><a href="https://www.amazon.com/dp/B00H1V4EB2?tag=eloabder-20&linkCode=osi&th=1&psc=1"><img src="https://m.media-amazon.com/images/I/41uauvGKiQL._SL500_.jpg" alt="Product Image"></a><p>WEN Service Utility Cart, 500-Pound Capacity, 40 x 17-Inch</p><p> -22% 0FF </p><p>$81.39</p><a href="https://www.amazon.com/dp/B00H1V4EB2?tag=eloabder-20&linkCode=osi&th=1&psc=1">View Product</a></div><div class="product"><a href="https://www.amazon.com/dp/B07BF1LM98?tag=eloabder-20&linkCode=osi&th=1&psc=1"><img src="https://m.media-amazon.com/images/I/41paG6ShZVL._SL500_.jpg" alt="Product Image"></a><p>MaxWorks 80774 3-Shelf Utility Plastic Cart with Wheels-225 Lbs Maximum Capacity , Black</p><p> -13% 0FF </p><p>$69.99</p><a href="https://www.amazon.com/dp/B07BF1LM98?tag=eloabder-20&linkCode=osi&th=1&psc=1">View Product</a></div><div class="product"><a href="https://www.amazon.com/dp/B00FZ318KS?tag=eloabder-20&linkCode=osi&th=1&psc=1"><img src="https://m.media-amazon.com/images/I/41GsMzOPlpL._SL500_.jpg" alt="Product Image"></a><p>Rubbermaid Commercial Products 2-Shelf Utility/Service Cart, Medium, Black, Lipped Shelves, Ergonomic Handle, 500 lbs. Capacity, Suitable for for Warehouse/Garage/Cleaning/Manufacturing</p><p> -48% 0FF </p><p>$188.00</p><a href="https://www.amazon.com/dp/B00FZ318KS?tag=eloabder-20&linkCode=osi&th=1&psc=1">View Product</a></div><div class="product"><a href="https://www.amazon.com/dp/B00FJUZY8Y?tag=eloabder-20&linkCode=osi&th=1&psc=1"><img src="https://m.media-amazon.com/images/I/41KmJWNUVdL._SL500_.jpg" alt="Product Image"></a><p>LUXOR EC111-B Tub Storage Cart 3 Shelves - Black,32" x 18"</p><p> -19% 0FF </p><p>$89.96</p><a href="https://www.amazon.com/dp/B00FJUZY8Y?tag=eloabder-20&linkCode=osi&th=1&psc=1">View Product</a></div>
<div class="product"><a href="https://www.amazon.com/dp/B0D31B2MV9?tag=eloabder-20&linkCode=osi&th=1&psc=1"><img src="https://m.media-amazon.com/images/I/218balqxJSL._SL500_.jpg" alt="Product Image"></a><p>550lb Scale for Body Weight with Ultra-Wide Platform and Large LED Bezel-Less Display, Accurate High Precision Digital Bathroom Scale with Extra-High Capacity</p><p> -21% 0FF </p><p>$39.59</p><a href="https://www.amazon.com/dp/B0D31B2MV9?tag=eloabder-20&linkCode=osi&th=1&psc=1">View Product</a></div><div class="product"><a href="https://www.amazon.com/dp/B0CC3HTJWN?tag=eloabder-20&linkCode=osi&th=1&psc=1"><img src="https://m.media-amazon.com/images/I/41XGTMGKgbL._SL500_.jpg" alt="Product Image"></a><p>Upgraded Foldable Push Cart Dolly | 660 lbs. Capacity Moving Platform Hand Truck | Heavy Duty Space Saving Collapsible | Swivel Push Handle Flat Bed Wagon - Yellow</p><p> -17% 0FF </p><p>$66.75</p><a href="https://www.amazon.com/dp/B0CC3HTJWN?tag=eloabder-20&linkCode=osi&th=1&psc=1">View Product</a></div><div class="product"><a href="https://www.amazon.com/dp/B09KL24KGJ?tag=eloabder-20&linkCode=osi&th=1&psc=1"><img src="https://m.media-amazon.com/images/I/314KDuZC6xL._SL500_.jpg" alt="Product Image"></a><p>Nefish Furniture Dolly Adjustable Mini Fridge Stand Washing Machine Stand Mobile Roller with 4 Locking Swivel Wheels Universal Mobile Base Moving Cart for Dryer Refrigerator</p><p> -19% 0FF </p><p>$28.99</p><a href="https://www.amazon.com/dp/B09KL24KGJ?tag=eloabder-20&linkCode=osi&th=1&psc=1">View Product</a></div><div class="product"><a href="https://www.amazon.com/dp/B07DP9VG6M?tag=eloabder-20&linkCode=osi&th=1&psc=1"><img src="https://m.media-amazon.com/images/I/41VYZ-H2brL._SL500_.jpg" alt="Product Image"></a><p>MaxWorks 80876- Foldable Platform Truck Push Dolly 330 lb. Weight Capacity Black and Yellow 28.75" x 18.75" x 33"</p><p> -6% 0FF </p><p>$46.99</p><a href="https://www.amazon.com/dp/B07DP9VG6M?tag=eloabder-20&linkCode=osi&th=1&psc=1">View Product</a></div><div class="product"><a href="https://www.amazon.com/dp/B0BQST9QP4?tag=eloabder-20&linkCode=osi&th=1&psc=1"><img src="https://m.media-amazon.com/images/I/2104YegzE0L._SL500_.jpg" alt="Product Image"></a><p>Converse Women's Chuck Taylor All Star Lift Platforms, Wonder Stone/White/Black, 9.5 Medium US</p><p> -13% 0FF </p><p>$65.00</p><a href="https://www.amazon.com/dp/B0BQST9QP4?tag=eloabder-20&linkCode=osi&th=1&psc=1">View Product</a></div><div class="product"><a href="https://www.amazon.com/dp/B0DDQ1P222?tag=eloabder-20&linkCode=osi&th=1&psc=1"><img src="https://m.media-amazon.com/images/I/51gpTwsILmL._SL500_.jpg" alt="Product Image"></a><p>Platform Truck Cart with Cage,5in1 Heavy Duty Flatbed Cart, Foldable Hand Truck Flat Cart, Load 2500LB with 4 Swivel Casters,Multi-Functional Push Cart for Grocery, Laundry, Shelving, Pantry</p><p> -10% 0FF </p><p>$179.99</p><a href="https://www.amazon.com/dp/B0DDQ1P222?tag=eloabder-20&linkCode=osi&th=1&psc=1">View Product</a></div>            </div>
              
            <!-- Bouton flottant -->
            <button class="floating-button" onclick="window.location.href='https://www.iasmarket.us'">HOME</button>
            <div class="pagination">
            <a href="https://iasmarket.github.io/Industrial/">Back</a>
                  </div>
              
                      <!-- Ajoutez plus de liens si n√©cessaire -->
                  </div>
                  <script>
                      function updateTime() {
                          const optionsDate = {
                              timeZone: 'America/Los_Angeles',
                              year: 'numeric',
                              month: 'long',
                              day: 'numeric',
                              weekday: 'long'
                          };
                          const optionsTime = {
                              timeZone: 'America/Los_Angeles',
                              hour: '2-digit',
                              minute: '2-digit',
                              second: '2-digit'
                          };
              
                          const now = new Date();
                          const formatterDate = new Intl.DateTimeFormat('en-US', optionsDate);
                          const formatterTime = new Intl.DateTimeFormat('en-US', optionsTime);
              
                          const formattedDate = formatterDate.format(now);
                          const formattedTime = formatterTime.format(now);
              
                          document.getElementById('comment').textContent = "As an AMAZON Associate, I earn from qualifying purchases.";
                          document.getElementById('date').textContent = formattedDate;
                          document.getElementById('time').textContent = formattedTime;
                      }
              
                      updateTime();
                      setInterval(updateTime, 1000);
                  </script>
              </body>
              
              </html>
                      