1

<div class="product"><a href="https://www.amazon.com/dp/B0B4DH2K9M?tag=eloabder-20&linkCode=osi&th=1&psc=1"><img src="https://m.media-amazon.com/images/I/41PjRlYpOIL._SL500_.jpg" alt="Product Image"></a><p>[100 Count] Clear Plastic Forks Heavy Duty, Premium Disposable Forks, Durable Plastic Cutlery for Parties, Picnics, Big Event, Daily Use - Heat Resistant & BPA Free</p><p>$6.99</p><a href="https://www.amazon.com/dp/B0B4DH2K9M?tag=eloabder-20&linkCode=osi&th=1&psc=1">View Product</a></div><div class="product"><a href="https://www.amazon.com/dp/B0BPM26K4W?tag=eloabder-20&linkCode=osi&th=1&psc=1"><img src="https://m.media-amazon.com/images/I/51lq2mIP7iL._SL500_.jpg" alt="Product Image"></a><p>360 Count Plastic Silver Ware Heavy Duty, 120 Forks, 120 Spoons, 120 Knives, Heat Resistant & BPA Free Disposable SilverWare, Disposable Cutlery set, Premium Clear Utencils for Party Supply</p><p>$19.99</p><a href="https://www.amazon.com/dp/B0BPM26K4W?tag=eloabder-20&linkCode=osi&th=1&psc=1">View Product</a></div><div class="product"><a href="https://www.amazon.com/dp/B0CZJ4G4L9?tag=eloabder-20&linkCode=osi&th=1&psc=1"><img src="https://m.media-amazon.com/images/I/41JhaO2sBzL._SL500_.jpg" alt="Product Image"></a><p>Dealusy 100 Count Clear Plastic Spoons Disposable, BPA-Free, Heat Resistant, Solid and Durable Disposable Spoons Heavy Duty Bulk, Premium Spoons plastic disposable for Party Supply</p><p>$6.99</p><a href="https://www.amazon.com/dp/B0CZJ4G4L9?tag=eloabder-20&linkCode=osi&th=1&psc=1">View Product</a></div><div class="product"><a href="https://www.amazon.com/dp/B085T6685R?tag=eloabder-20&linkCode=osi&th=1&psc=1"><img src="https://m.media-amazon.com/images/I/41RbX0YJ2PL._SL500_.jpg" alt="Product Image"></a><p>POSATE Heavy Weight Plastic Forks, Clear Disposable, 100 Count</p><p>$9.97</p><a href="https://www.amazon.com/dp/B085T6685R?tag=eloabder-20&linkCode=osi&th=1&psc=1">View Product</a></div><div class="product"><a href="https://www.amazon.com/dp/B0CBQFKXP2?tag=eloabder-20&linkCode=osi&th=1&psc=1"><img src="https://m.media-amazon.com/images/I/41VpEpWpC6L._SL500_.jpg" alt="Product Image"></a><p>Dealusy 360 Count Extra Heavy Duty Clear Plastic Forks Disposable, BPA-Free, Heat Resistant, Solid and Durable Disposable Forks Bulk, Premium Plastic Forks heavy duty for Party Supply</p><p>$19.99</p><a href="https://www.amazon.com/dp/B0CBQFKXP2?tag=eloabder-20&linkCode=osi&th=1&psc=1">View Product</a></div>

<div class="product"><a href="https://www.amazon.com/dp/B0B4DH2K9M?tag=eloabder-20&linkCode=osi&th=1&psc=1"><img src="https://m.media-amazon.com/images/I/41PjRlYpOIL._SL500_.jpg" alt="Product Image"></a><p>[100 Count] Clear Plastic Forks Heavy Duty, Premium Disposable Forks, Durable Plastic Cutlery for Parties, Picnics, Big Event, Daily Use - Heat Resistant & BPA Free</p><p>$6.99</p><a href="https://www.amazon.com/dp/B0B4DH2K9M?tag=eloabder-20&linkCode=osi&th=1&psc=1">View Product</a></div><div class="product"><a href="https://www.amazon.com/dp/B0BPM26K4W?tag=eloabder-20&linkCode=osi&th=1&psc=1"><img src="https://m.media-amazon.com/images/I/51lq2mIP7iL._SL500_.jpg" alt="Product Image"></a><p>360 Count Plastic Silver Ware Heavy Duty, 120 Forks, 120 Spoons, 120 Knives, Heat Resistant & BPA Free Disposable SilverWare, Disposable Cutlery set, Premium Clear Utencils for Party Supply</p><p>$19.99</p><a href="https://www.amazon.com/dp/B0BPM26K4W?tag=eloabder-20&linkCode=osi&th=1&psc=1">View Product</a></div><div class="product"><a href="https://www.amazon.com/dp/B0CZJ4G4L9?tag=eloabder-20&linkCode=osi&th=1&psc=1"><img src="https://m.media-amazon.com/images/I/41JhaO2sBzL._SL500_.jpg" alt="Product Image"></a><p>Dealusy 100 Count Clear Plastic Spoons Disposable, BPA-Free, Heat Resistant, Solid and Durable Disposable Spoons Heavy Duty Bulk, Premium Spoons plastic disposable for Party Supply</p><p>$6.99</p><a href="https://www.amazon.com/dp/B0CZJ4G4L9?tag=eloabder-20&linkCode=osi&th=1&psc=1">View Product</a></div><div class="product"><a href="https://www.amazon.com/dp/B085T6685R?tag=eloabder-20&linkCode=osi&th=1&psc=1"><img src="https://m.media-amazon.com/images/I/41RbX0YJ2PL._SL500_.jpg" alt="Product Image"></a><p>POSATE Heavy Weight Plastic Forks, Clear Disposable, 100 Count</p><p>$9.97</p><a href="https://www.amazon.com/dp/B085T6685R?tag=eloabder-20&linkCode=osi&th=1&psc=1">View Product</a></div><div class="product"><a href="https://www.amazon.com/dp/B0CBQFKXP2?tag=eloabder-20&linkCode=osi&th=1&psc=1"><img src="https://m.media-amazon.com/images/I/41VpEpWpC6L._SL500_.jpg" alt="Product Image"></a><p>Dealusy 360 Count Extra Heavy Duty Clear Plastic Forks Disposable, BPA-Free, Heat Resistant, Solid and Durable Disposable Forks Bulk, Premium Plastic Forks heavy duty for Party Supply</p><p>$19.99</p><a href="https://www.amazon.com/dp/B0CBQFKXP2?tag=eloabder-20&linkCode=osi&th=1&psc=1">View Product</a></div>
<div class="product"><a href="https://www.amazon.com/dp/B07QJ1Y527?tag=eloabder-20&linkCode=osi&th=1&psc=1"><img src="https://m.media-amazon.com/images/I/41EKsAkAC9L._SL500_.jpg" alt="Product Image"></a><p>YESWELDER True Color Solar Powered Auto Darkening Welding Helmet, Wide Shade 4/9-13 for TIG MIG ARC Weld Hood Helmet</p><p>$39.99</p><a href="https://www.amazon.com/dp/B07QJ1Y527?tag=eloabder-20&linkCode=osi&th=1&psc=1">View Product</a></div>

<div class="product"><a href="https://www.amazon.com/dp/B0B4DH2K9M?tag=eloabder-20&linkCode=osi&th=1&psc=1"><img src="https://m.media-amazon.com/images/I/41PjRlYpOIL._SL500_.jpg" alt="Product Image"></a><p>[100 Count] Clear Plastic Forks Heavy Duty, Premium Disposable Forks, Durable Plastic Cutlery for Parties, Picnics, Big Event, Daily Use - Heat Resistant & BPA Free</p><p>$6.99</p><a href="https://www.amazon.com/dp/B0B4DH2K9M?tag=eloabder-20&linkCode=osi&th=1&psc=1">View Product</a></div><div class="product"><a href="https://www.amazon.com/dp/B0BPM26K4W?tag=eloabder-20&linkCode=osi&th=1&psc=1"><img src="https://m.media-amazon.com/images/I/51lq2mIP7iL._SL500_.jpg" alt="Product Image"></a><p>360 Count Plastic Silver Ware Heavy Duty, 120 Forks, 120 Spoons, 120 Knives, Heat Resistant & BPA Free Disposable SilverWare, Disposable Cutlery set, Premium Clear Utencils for Party Supply</p><p>$19.99</p><a href="https://www.amazon.com/dp/B0BPM26K4W?tag=eloabder-20&linkCode=osi&th=1&psc=1">View Product</a></div><div class="product"><a href="https://www.amazon.com/dp/B0CZJ4G4L9?tag=eloabder-20&linkCode=osi&th=1&psc=1"><img src="https://m.media-amazon.com/images/I/41JhaO2sBzL._SL500_.jpg" alt="Product Image"></a><p>Dealusy 100 Count Clear Plastic Spoons Disposable, BPA-Free, Heat Resistant, Solid and Durable Disposable Spoons Heavy Duty Bulk, Premium Spoons plastic disposable for Party Supply</p><p>$6.99</p><a href="https://www.amazon.com/dp/B0CZJ4G4L9?tag=eloabder-20&linkCode=osi&th=1&psc=1">View Product</a></div><div class="product"><a href="https://www.amazon.com/dp/B085T6685R?tag=eloabder-20&linkCode=osi&th=1&psc=1"><img src="https://m.media-amazon.com/images/I/41RbX0YJ2PL._SL500_.jpg" alt="Product Image"></a><p>POSATE Heavy Weight Plastic Forks, Clear Disposable, 100 Count</p><p>$9.97</p><a href="https://www.amazon.com/dp/B085T6685R?tag=eloabder-20&linkCode=osi&th=1&psc=1">View Product</a></div><div class="product"><a href="https://www.amazon.com/dp/B0CBQFKXP2?tag=eloabder-20&linkCode=osi&th=1&psc=1"><img src="https://m.media-amazon.com/images/I/41VpEpWpC6L._SL500_.jpg" alt="Product Image"></a><p>Dealusy 360 Count Extra Heavy Duty Clear Plastic Forks Disposable, BPA-Free, Heat Resistant, Solid and Durable Disposable Forks Bulk, Premium Plastic Forks heavy duty for Party Supply</p><p>$19.99</p><a href="https://www.amazon.com/dp/B0CBQFKXP2?tag=eloabder-20&linkCode=osi&th=1&psc=1">View Product</a></div>
<div class="product"><a href="https://www.amazon.com/dp/B07QJ1Y527?tag=eloabder-20&linkCode=osi&th=1&psc=1"><img src="https://m.media-amazon.com/images/I/41EKsAkAC9L._SL500_.jpg" alt="Product Image"></a><p>YESWELDER True Color Solar Powered Auto Darkening Welding Helmet, Wide Shade 4/9-13 for TIG MIG ARC Weld Hood Helmet</p><p>$39.99</p><a href="https://www.amazon.com/dp/B07QJ1Y527?tag=eloabder-20&linkCode=osi&th=1&psc=1">View Product</a></div>


<div class="product"><a href="https://www.amazon.com/dp/B0B4DH2K9M?tag=eloabder-20&linkCode=osi&th=1&psc=1"><img src="https://m.media-amazon.com/images/I/41PjRlYpOIL._SL500_.jpg" alt="Product Image"></a><p>[100 Count] Clear Plastic Forks Heavy Duty, Premium Disposable Forks, Durable Plastic Cutlery for Parties, Picnics, Big Event, Daily Use - Heat Resistant & BPA Free</p><p>$6.99</p><a href="https://www.amazon.com/dp/B0B4DH2K9M?tag=eloabder-20&linkCode=osi&th=1&psc=1">View Product</a></div><div class="product"><a href="https://www.amazon.com/dp/B0BPM26K4W?tag=eloabder-20&linkCode=osi&th=1&psc=1"><img src="https://m.media-amazon.com/images/I/51lq2mIP7iL._SL500_.jpg" alt="Product Image"></a><p>360 Count Plastic Silver Ware Heavy Duty, 120 Forks, 120 Spoons, 120 Knives, Heat Resistant & BPA Free Disposable SilverWare, Disposable Cutlery set, Premium Clear Utencils for Party Supply</p><p>$19.99</p><a href="https://www.amazon.com/dp/B0BPM26K4W?tag=eloabder-20&linkCode=osi&th=1&psc=1">View Product</a></div><div class="product"><a href="https://www.amazon.com/dp/B0CZJ4G4L9?tag=eloabder-20&linkCode=osi&th=1&psc=1"><img src="https://m.media-amazon.com/images/I/41JhaO2sBzL._SL500_.jpg" alt="Product Image"></a><p>Dealusy 100 Count Clear Plastic Spoons Disposable, BPA-Free, Heat Resistant, Solid and Durable Disposable Spoons Heavy Duty Bulk, Premium Spoons plastic disposable for Party Supply</p><p>$6.99</p><a href="https://www.amazon.com/dp/B0CZJ4G4L9?tag=eloabder-20&linkCode=osi&th=1&psc=1">View Product</a></div><div class="product"><a href="https://www.amazon.com/dp/B085T6685R?tag=eloabder-20&linkCode=osi&th=1&psc=1"><img src="https://m.media-amazon.com/images/I/41RbX0YJ2PL._SL500_.jpg" alt="Product Image"></a><p>POSATE Heavy Weight Plastic Forks, Clear Disposable, 100 Count</p><p>$9.97</p><a href="https://www.amazon.com/dp/B085T6685R?tag=eloabder-20&linkCode=osi&th=1&psc=1">View Product</a></div><div class="product"><a href="https://www.amazon.com/dp/B0CBQFKXP2?tag=eloabder-20&linkCode=osi&th=1&psc=1"><img src="https://m.media-amazon.com/images/I/41VpEpWpC6L._SL500_.jpg" alt="Product Image"></a><p>Dealusy 360 Count Extra Heavy Duty Clear Plastic Forks Disposable, BPA-Free, Heat Resistant, Solid and Durable Disposable Forks Bulk, Premium Plastic Forks heavy duty for Party Supply</p><p>$19.99</p><a href="https://www.amazon.com/dp/B0CBQFKXP2?tag=eloabder-20&linkCode=osi&th=1&psc=1">View Product</a></div>
<div class="product"><a href="https://www.amazon.com/dp/B07QJ1Y527?tag=eloabder-20&linkCode=osi&th=1&psc=1"><img src="https://m.media-amazon.com/images/I/41EKsAkAC9L._SL500_.jpg" alt="Product Image"></a><p>YESWELDER True Color Solar Powered Auto Darkening Welding Helmet, Wide Shade 4/9-13 for TIG MIG ARC Weld Hood Helmet</p><p>$39.99</p><a href="https://www.amazon.com/dp/B07QJ1Y527?tag=eloabder-20&linkCode=osi&th=1&psc=1">View Product</a></div>



<div class="product"><a href="https://www.amazon.com/dp/B0B4DH2K9M?tag=eloabder-20&linkCode=osi&th=1&psc=1"><img src="https://m.media-amazon.com/images/I/41PjRlYpOIL._SL500_.jpg" alt="Product Image"></a><p>[100 Count] Clear Plastic Forks Heavy Duty, Premium Disposable Forks, Durable Plastic Cutlery for Parties, Picnics, Big Event, Daily Use - Heat Resistant & BPA Free</p><p>$6.99</p><a href="https://www.amazon.com/dp/B0B4DH2K9M?tag=eloabder-20&linkCode=osi&th=1&psc=1">View Product</a></div><div class="product"><a href="https://www.amazon.com/dp/B0BPM26K4W?tag=eloabder-20&linkCode=osi&th=1&psc=1"><img src="https://m.media-amazon.com/images/I/51lq2mIP7iL._SL500_.jpg" alt="Product Image"></a><p>360 Count Plastic Silver Ware Heavy Duty, 120 Forks, 120 Spoons, 120 Knives, Heat Resistant & BPA Free Disposable SilverWare, Disposable Cutlery set, Premium Clear Utencils for Party Supply</p><p>$19.99</p><a href="https://www.amazon.com/dp/B0BPM26K4W?tag=eloabder-20&linkCode=osi&th=1&psc=1">View Product</a></div><div class="product"><a href="https://www.amazon.com/dp/B0CZJ4G4L9?tag=eloabder-20&linkCode=osi&th=1&psc=1"><img src="https://m.media-amazon.com/images/I/41JhaO2sBzL._SL500_.jpg" alt="Product Image"></a><p>Dealusy 100 Count Clear Plastic Spoons Disposable, BPA-Free, Heat Resistant, Solid and Durable Disposable Spoons Heavy Duty Bulk, Premium Spoons plastic disposable for Party Supply</p><p>$6.99</p><a href="https://www.amazon.com/dp/B0CZJ4G4L9?tag=eloabder-20&linkCode=osi&th=1&psc=1">View Product</a></div><div class="product"><a href="https://www.amazon.com/dp/B085T6685R?tag=eloabder-20&linkCode=osi&th=1&psc=1"><img src="https://m.media-amazon.com/images/I/41RbX0YJ2PL._SL500_.jpg" alt="Product Image"></a><p>POSATE Heavy Weight Plastic Forks, Clear Disposable, 100 Count</p><p>$9.97</p><a href="https://www.amazon.com/dp/B085T6685R?tag=eloabder-20&linkCode=osi&th=1&psc=1">View Product</a></div><div class="product"><a href="https://www.amazon.com/dp/B0CBQFKXP2?tag=eloabder-20&linkCode=osi&th=1&psc=1"><img src="https://m.media-amazon.com/images/I/41VpEpWpC6L._SL500_.jpg" alt="Product Image"></a><p>Dealusy 360 Count Extra Heavy Duty Clear Plastic Forks Disposable, BPA-Free, Heat Resistant, Solid and Durable Disposable Forks Bulk, Premium Plastic Forks heavy duty for Party Supply</p><p>$19.99</p><a href="https://www.amazon.com/dp/B0CBQFKXP2?tag=eloabder-20&linkCode=osi&th=1&psc=1">View Product</a></div>
<div class="product"><a href="https://www.amazon.com/dp/B07QJ1Y527?tag=eloabder-20&linkCode=osi&th=1&psc=1"><img src="https://m.media-amazon.com/images/I/41EKsAkAC9L._SL500_.jpg" alt="Product Image"></a><p>YESWELDER True Color Solar Powered Auto Darkening Welding Helmet, Wide Shade 4/9-13 for TIG MIG ARC Weld Hood Helmet</p><p>$39.99</p><a href="https://www.amazon.com/dp/B07QJ1Y527?tag=eloabder-20&linkCode=osi&th=1&psc=1">View Product</a></div>


<div class="product"><a href="https://www.amazon.com/dp/B0B9G9KJF6?tag=eloabder-20&linkCode=osi&th=1&psc=1"><img src="https://m.media-amazon.com/images/I/41kHyu3KoNL._SL500_.jpg" alt="Product Image"></a><p>[Breath Towel] Anti-Fire Smoke Mask, Dust and Smoke Protection, Disaster Safety Supplies, Firefighting Equipment</p><p>$11.99</p><a href="https://www.amazon.com/dp/B0B9G9KJF6?tag=eloabder-20&linkCode=osi&th=1&psc=1">View Product</a></div><div class="product"><a href="https://www.amazon.com/dp/B096R4FZ3Z?tag=eloabder-20&linkCode=osi&th=1&psc=1"><img src="https://m.media-amazon.com/images/I/41Pa1hZoYaS._SL500_.jpg" alt="Product Image"></a><p>Komodo K-101 Advanced Fire Protection - Home Perimeter Shield - Next Generation All Season Fire Retardant - 5 Pound Bag</p><p>$195.00 ($2.44 / Ounce)</p><a href="https://www.amazon.com/dp/B096R4FZ3Z?tag=eloabder-20&linkCode=osi&th=1&psc=1">View Product</a></div>

<div class="product"><a href="https://www.amazon.com/dp/B0B4DH2K9M?tag=eloabder-20&linkCode=osi&th=1&psc=1"><img src="https://m.media-amazon.com/images/I/41PjRlYpOIL._SL500_.jpg" alt="Product Image"></a><p>[100 Count] Clear Plastic Forks Heavy Duty, Premium Disposable Forks, Durable Plastic Cutlery for Parties, Picnics, Big Event, Daily Use - Heat Resistant & BPA Free</p><p>$6.99</p><a href="https://www.amazon.com/dp/B0B4DH2K9M?tag=eloabder-20&linkCode=osi&th=1&psc=1">View Product</a></div><div class="product"><a href="https://www.amazon.com/dp/B0BPM26K4W?tag=eloabder-20&linkCode=osi&th=1&psc=1"><img src="https://m.media-amazon.com/images/I/51lq2mIP7iL._SL500_.jpg" alt="Product Image"></a><p>360 Count Plastic Silver Ware Heavy Duty, 120 Forks, 120 Spoons, 120 Knives, Heat Resistant & BPA Free Disposable SilverWare, Disposable Cutlery set, Premium Clear Utencils for Party Supply</p><p>$19.99</p><a href="https://www.amazon.com/dp/B0BPM26K4W?tag=eloabder-20&linkCode=osi&th=1&psc=1">View Product</a></div><div class="product"><a href="https://www.amazon.com/dp/B0CZJ4G4L9?tag=eloabder-20&linkCode=osi&th=1&psc=1"><img src="https://m.media-amazon.com/images/I/41JhaO2sBzL._SL500_.jpg" alt="Product Image"></a><p>Dealusy 100 Count Clear Plastic Spoons Disposable, BPA-Free, Heat Resistant, Solid and Durable Disposable Spoons Heavy Duty Bulk, Premium Spoons plastic disposable for Party Supply</p><p>$6.99</p><a href="https://www.amazon.com/dp/B0CZJ4G4L9?tag=eloabder-20&linkCode=osi&th=1&psc=1">View Product</a></div><div class="product"><a href="https://www.amazon.com/dp/B085T6685R?tag=eloabder-20&linkCode=osi&th=1&psc=1"><img src="https://m.media-amazon.com/images/I/41RbX0YJ2PL._SL500_.jpg" alt="Product Image"></a><p>POSATE Heavy Weight Plastic Forks, Clear Disposable, 100 Count</p><p>$9.97</p><a href="https://www.amazon.com/dp/B085T6685R?tag=eloabder-20&linkCode=osi&th=1&psc=1">View Product</a></div><div class="product"><a href="https://www.amazon.com/dp/B0CBQFKXP2?tag=eloabder-20&linkCode=osi&th=1&psc=1"><img src="https://m.media-amazon.com/images/I/41VpEpWpC6L._SL500_.jpg" alt="Product Image"></a><p>Dealusy 360 Count Extra Heavy Duty Clear Plastic Forks Disposable, BPA-Free, Heat Resistant, Solid and Durable Disposable Forks Bulk, Premium Plastic Forks heavy duty for Party Supply</p><p>$19.99</p><a href="https://www.amazon.com/dp/B0CBQFKXP2?tag=eloabder-20&linkCode=osi&th=1&psc=1">View Product</a></div>
<div class="product"><a href="https://www.amazon.com/dp/B07QJ1Y527?tag=eloabder-20&linkCode=osi&th=1&psc=1"><img src="https://m.media-amazon.com/images/I/41EKsAkAC9L._SL500_.jpg" alt="Product Image"></a><p>YESWELDER True Color Solar Powered Auto Darkening Welding Helmet, Wide Shade 4/9-13 for TIG MIG ARC Weld Hood Helmet</p><p>$39.99</p><a href="https://www.amazon.com/dp/B07QJ1Y527?tag=eloabder-20&linkCode=osi&th=1&psc=1">View Product</a></div>


<div class="product"><a href="https://www.amazon.com/dp/B0B9G9KJF6?tag=eloabder-20&linkCode=osi&th=1&psc=1"><img src="https://m.media-amazon.com/images/I/41kHyu3KoNL._SL500_.jpg" alt="Product Image"></a><p>[Breath Towel] Anti-Fire Smoke Mask, Dust and Smoke Protection, Disaster Safety Supplies, Firefighting Equipment</p><p>$11.99</p><a href="https://www.amazon.com/dp/B0B9G9KJF6?tag=eloabder-20&linkCode=osi&th=1&psc=1">View Product</a></div><div class="product"><a href="https://www.amazon.com/dp/B096R4FZ3Z?tag=eloabder-20&linkCode=osi&th=1&psc=1"><img src="https://m.media-amazon.com/images/I/41Pa1hZoYaS._SL500_.jpg" alt="Product Image"></a><p>Komodo K-101 Advanced Fire Protection - Home Perimeter Shield - Next Generation All Season Fire Retardant - 5 Pound Bag</p><p>$195.00 ($2.44 / Ounce)</p><a href="https://www.amazon.com/dp/B096R4FZ3Z?tag=eloabder-20&linkCode=osi&th=1&psc=1">View Product</a></div>
<div class="product"><a href="https://www.amazon.com/dp/B019660RPG?tag=eloabder-20&linkCode=osi&th=1&psc=1"><img src="https://m.media-amazon.com/images/I/41wsMk2hIZL._SL500_.jpg" alt="Product Image"></a><p>Vashe Wound Solution OTC | Pure Hypochlorous Acid-Preserved Wound Cleanser | Home Wound Care | Non-Cytotoxic and Skin-Neutral pH | 8.5 Fl Oz</p><p>$23.99</p><a href="https://www.amazon.com/dp/B019660RPG?tag=eloabder-20&linkCode=osi&th=1&psc=1">View Product</a></div><div class="product"><a href="https://www.amazon.com/dp/B07KLFC2Y9?tag=eloabder-20&linkCode=osi&th=1&psc=1"><img src="https://m.media-amazon.com/images/I/41GocGphpRL._SL500_.jpg" alt="Product Image"></a><p>Bioesque Botanical Disinfectant Solution, Heavy Duty Broad-Spectrum Disinfectant, Kills 99.9% of Bacteria, Viruses*, Fungi, & Molds, 1 Gallon (Pack of 1)</p><p>$29.99 ($0.23 / FL Oz)</p><a href="https://www.amazon.com/dp/B07KLFC2Y9?tag=eloabder-20&linkCode=osi&th=1&psc=1">View Product</a></div><div class="product"><a href="https://www.amazon.com/dp/B01DBP3YTO?tag=eloabder-20&linkCode=osi&th=1&psc=1"><img src="https://m.media-amazon.com/images/I/31UXo0CedPL._SL500_.jpg" alt="Product Image"></a><p>iSonic - CSGJ01x2 CSGJ01-8OZx2 Ultrasonic Jewelry/Eye Wear Cleaning Solution Concentrate (Pack of 2)</p><p>$14.29 ($0.89 / Ounce)</p><a href="https://www.amazon.com/dp/B01DBP3YTO?tag=eloabder-20&linkCode=osi&th=1&psc=1">View Product</a></div><div class="product"><a href="https://www.amazon.com/dp/B002C2O5EQ?tag=eloabder-20&linkCode=osi&th=1&psc=1"><img src="https://m.media-amazon.com/images/I/412RaKelAmL._SL500_.jpg" alt="Product Image"></a><p>Betadine Antiseptic Liquid First Aid Solution, Povidone-iodine 10%, Infection Protection, Kills Germs In Minor Cuts Scrapes And Burns, No Sting Promise, No Alcohol or Hydrogen Peroxide, 8 FL OZ</p><p>$10.99 ($1.37 / Fl Oz)</p><a href="https://www.amazon.com/dp/B002C2O5EQ?tag=eloabder-20&linkCode=osi&th=1&psc=1">View Product</a></div><div class="product"><a href="https://www.amazon.com/dp/B0CN6F2GBN?tag=eloabder-20&linkCode=osi&th=1&psc=1"><img src="https://m.media-amazon.com/images/I/314BZ1QOH0L._SL500_.jpg" alt="Product Image"></a><p>Listerine Clinical Solutions Gum Health Antiseptic Mouthwash, Antigingivitis & Antiplaque Oral Rinse Helps Prevent Buildup & Immediately Kills Germs for Healthier Gums, Icy Mint, 1 L</p><p>$11.97 ($0.35 / Fl Oz)</p><a href="https://www.amazon.com/dp/B0CN6F2GBN?tag=eloabder-20&linkCode=osi&th=1&psc=1">View Product</a></div><div class="product"><a href="https://www.amazon.com/dp/B07HMHNHPZ?tag=eloabder-20&linkCode=osi&th=1&psc=1"><img src="https://m.media-amazon.com/images/I/31yVHZbeC1L._SL500_.jpg" alt="Product Image"></a><p>Stuart Pet Supply Co. Professional Strength Deep Clean (Gal.) 3X Carpet Cleaner Solution & Deodorizer, Concentrated Encapsulating Carpet Shampoo, Pet Odor & Dirty Carpet Cleaning Solution 128 fl oz.</p><p>$32.97 ($0.26 / Fl Oz)</p><a href="https://www.amazon.com/dp/B07HMHNHPZ?tag=eloabder-20&linkCode=osi&th=1&psc=1">View Product</a></div><div class="product"><a href="https://www.amazon.com/dp/B07N2X9ZPP?tag=eloabder-20&linkCode=osi&th=1&psc=1"><img src="https://m.media-amazon.com/images/I/41sdWXmDR1L._SL500_.jpg" alt="Product Image"></a><p>Calyptus Ultrasonic Jewelry Cleaner Solution Concentrate | Professional Power for Use in All Ultrasonic Machines | Plant-Based Eyeglass and Jewelry Cleaner | USA Made, 8 Ounces</p><p>$8.99 ($1.12 / Fl Oz)</p><a href="https://www.amazon.com/dp/B07N2X9ZPP?tag=eloabder-20&linkCode=osi&th=1&psc=1">View Product</a></div><div class="product"><a href="https://www.amazon.com/dp/B002S52WX8?tag=eloabder-20&linkCode=osi&th=1&psc=1"><img src="https://m.media-amazon.com/images/I/41+tl9gd+IL._SL500_.jpg" alt="Product Image"></a><p>Bissell 74R7 Pet Stain & Odor Portable Machine Formula, 32-Ounce, Fl Oz</p><p>$7.79 ($0.24 / Fl Oz)</p><a href="https://www.amazon.com/dp/B002S52WX8?tag=eloabder-20&linkCode=osi&th=1&psc=1">View Product</a></div><div class="product"><a href="https://www.amazon.com/dp/B002A615DS?tag=eloabder-20&linkCode=osi&th=1&psc=1"><img src="https://m.media-amazon.com/images/I/31u3+BIo8TL._SL500_.jpg" alt="Product Image"></a><p>PhysiciansCare Eye Wash Solution, Sterile Isotonic Buffered Solution for Flushing & Irrigating Eyes, 32-oz Bottle</p><p>$12.99</p><a href="https://www.amazon.com/dp/B002A615DS?tag=eloabder-20&linkCode=osi&th=1&psc=1">View Product</a></div>

<div class="product"><a href="https://www.amazon.com/dp/B0B4DH2K9M?tag=eloabder-20&linkCode=osi&th=1&psc=1"><img src="https://m.media-amazon.com/images/I/41PjRlYpOIL._SL500_.jpg" alt="Product Image"></a><p>[100 Count] Clear Plastic Forks Heavy Duty, Premium Disposable Forks, Durable Plastic Cutlery for Parties, Picnics, Big Event, Daily Use - Heat Resistant & BPA Free</p><p>$6.99</p><a href="https://www.amazon.com/dp/B0B4DH2K9M?tag=eloabder-20&linkCode=osi&th=1&psc=1">View Product</a></div><div class="product"><a href="https://www.amazon.com/dp/B0BPM26K4W?tag=eloabder-20&linkCode=osi&th=1&psc=1"><img src="https://m.media-amazon.com/images/I/51lq2mIP7iL._SL500_.jpg" alt="Product Image"></a><p>360 Count Plastic Silver Ware Heavy Duty, 120 Forks, 120 Spoons, 120 Knives, Heat Resistant & BPA Free Disposable SilverWare, Disposable Cutlery set, Premium Clear Utencils for Party Supply</p><p>$19.99</p><a href="https://www.amazon.com/dp/B0BPM26K4W?tag=eloabder-20&linkCode=osi&th=1&psc=1">View Product</a></div><div class="product"><a href="https://www.amazon.com/dp/B0CZJ4G4L9?tag=eloabder-20&linkCode=osi&th=1&psc=1"><img src="https://m.media-amazon.com/images/I/41JhaO2sBzL._SL500_.jpg" alt="Product Image"></a><p>Dealusy 100 Count Clear Plastic Spoons Disposable, BPA-Free, Heat Resistant, Solid and Durable Disposable Spoons Heavy Duty Bulk, Premium Spoons plastic disposable for Party Supply</p><p>$6.99</p><a href="https://www.amazon.com/dp/B0CZJ4G4L9?tag=eloabder-20&linkCode=osi&th=1&psc=1">View Product</a></div><div class="product"><a href="https://www.amazon.com/dp/B085T6685R?tag=eloabder-20&linkCode=osi&th=1&psc=1"><img src="https://m.media-amazon.com/images/I/41RbX0YJ2PL._SL500_.jpg" alt="Product Image"></a><p>POSATE Heavy Weight Plastic Forks, Clear Disposable, 100 Count</p><p>$9.97</p><a href="https://www.amazon.com/dp/B085T6685R?tag=eloabder-20&linkCode=osi&th=1&psc=1">View Product</a></div><div class="product"><a href="https://www.amazon.com/dp/B0CBQFKXP2?tag=eloabder-20&linkCode=osi&th=1&psc=1"><img src="https://m.media-amazon.com/images/I/41VpEpWpC6L._SL500_.jpg" alt="Product Image"></a><p>Dealusy 360 Count Extra Heavy Duty Clear Plastic Forks Disposable, BPA-Free, Heat Resistant, Solid and Durable Disposable Forks Bulk, Premium Plastic Forks heavy duty for Party Supply</p><p>$19.99</p><a href="https://www.amazon.com/dp/B0CBQFKXP2?tag=eloabder-20&linkCode=osi&th=1&psc=1">View Product</a></div>
<div class="product"><a href="https://www.amazon.com/dp/B07QJ1Y527?tag=eloabder-20&linkCode=osi&th=1&psc=1"><img src="https://m.media-amazon.com/images/I/41EKsAkAC9L._SL500_.jpg" alt="Product Image"></a><p>YESWELDER True Color Solar Powered Auto Darkening Welding Helmet, Wide Shade 4/9-13 for TIG MIG ARC Weld Hood Helmet</p><p>$39.99</p><a href="https://www.amazon.com/dp/B07QJ1Y527?tag=eloabder-20&linkCode=osi&th=1&psc=1">View Product</a></div>


<div class="product"><a href="https://www.amazon.com/dp/B0B9G9KJF6?tag=eloabder-20&linkCode=osi&th=1&psc=1"><img src="https://m.media-amazon.com/images/I/41kHyu3KoNL._SL500_.jpg" alt="Product Image"></a><p>[Breath Towel] Anti-Fire Smoke Mask, Dust and Smoke Protection, Disaster Safety Supplies, Firefighting Equipment</p><p>$11.99</p><a href="https://www.amazon.com/dp/B0B9G9KJF6?tag=eloabder-20&linkCode=osi&th=1&psc=1">View Product</a></div><div class="product"><a href="https://www.amazon.com/dp/B096R4FZ3Z?tag=eloabder-20&linkCode=osi&th=1&psc=1"><img src="https://m.media-amazon.com/images/I/41Pa1hZoYaS._SL500_.jpg" alt="Product Image"></a><p>Komodo K-101 Advanced Fire Protection - Home Perimeter Shield - Next Generation All Season Fire Retardant - 5 Pound Bag</p><p>$195.00 ($2.44 / Ounce)</p><a href="https://www.amazon.com/dp/B096R4FZ3Z?tag=eloabder-20&linkCode=osi&th=1&psc=1">View Product</a></div>
<div class="product"><a href="https://www.amazon.com/dp/B019660RPG?tag=eloabder-20&linkCode=osi&th=1&psc=1"><img src="https://m.media-amazon.com/images/I/41wsMk2hIZL._SL500_.jpg" alt="Product Image"></a><p>Vashe Wound Solution OTC | Pure Hypochlorous Acid-Preserved Wound Cleanser | Home Wound Care | Non-Cytotoxic and Skin-Neutral pH | 8.5 Fl Oz</p><p>$23.99</p><a href="https://www.amazon.com/dp/B019660RPG?tag=eloabder-20&linkCode=osi&th=1&psc=1">View Product</a></div><div class="product"><a href="https://www.amazon.com/dp/B07KLFC2Y9?tag=eloabder-20&linkCode=osi&th=1&psc=1"><img src="https://m.media-amazon.com/images/I/41GocGphpRL._SL500_.jpg" alt="Product Image"></a><p>Bioesque Botanical Disinfectant Solution, Heavy Duty Broad-Spectrum Disinfectant, Kills 99.9% of Bacteria, Viruses*, Fungi, & Molds, 1 Gallon (Pack of 1)</p><p>$29.99 ($0.23 / FL Oz)</p><a href="https://www.amazon.com/dp/B07KLFC2Y9?tag=eloabder-20&linkCode=osi&th=1&psc=1">View Product</a></div><div class="product"><a href="https://www.amazon.com/dp/B01DBP3YTO?tag=eloabder-20&linkCode=osi&th=1&psc=1"><img src="https://m.media-amazon.com/images/I/31UXo0CedPL._SL500_.jpg" alt="Product Image"></a><p>iSonic - CSGJ01x2 CSGJ01-8OZx2 Ultrasonic Jewelry/Eye Wear Cleaning Solution Concentrate (Pack of 2)</p><p>$14.29 ($0.89 / Ounce)</p><a href="https://www.amazon.com/dp/B01DBP3YTO?tag=eloabder-20&linkCode=osi&th=1&psc=1">View Product</a></div><div class="product"><a href="https://www.amazon.com/dp/B002C2O5EQ?tag=eloabder-20&linkCode=osi&th=1&psc=1"><img src="https://m.media-amazon.com/images/I/412RaKelAmL._SL500_.jpg" alt="Product Image"></a><p>Betadine Antiseptic Liquid First Aid Solution, Povidone-iodine 10%, Infection Protection, Kills Germs In Minor Cuts Scrapes And Burns, No Sting Promise, No Alcohol or Hydrogen Peroxide, 8 FL OZ</p><p>$10.99 ($1.37 / Fl Oz)</p><a href="https://www.amazon.com/dp/B002C2O5EQ?tag=eloabder-20&linkCode=osi&th=1&psc=1">View Product</a></div><div class="product"><a href="https://www.amazon.com/dp/B0CN6F2GBN?tag=eloabder-20&linkCode=osi&th=1&psc=1"><img src="https://m.media-amazon.com/images/I/314BZ1QOH0L._SL500_.jpg" alt="Product Image"></a><p>Listerine Clinical Solutions Gum Health Antiseptic Mouthwash, Antigingivitis & Antiplaque Oral Rinse Helps Prevent Buildup & Immediately Kills Germs for Healthier Gums, Icy Mint, 1 L</p><p>$11.97 ($0.35 / Fl Oz)</p><a href="https://www.amazon.com/dp/B0CN6F2GBN?tag=eloabder-20&linkCode=osi&th=1&psc=1">View Product</a></div><div class="product"><a href="https://www.amazon.com/dp/B07HMHNHPZ?tag=eloabder-20&linkCode=osi&th=1&psc=1"><img src="https://m.media-amazon.com/images/I/31yVHZbeC1L._SL500_.jpg" alt="Product Image"></a><p>Stuart Pet Supply Co. Professional Strength Deep Clean (Gal.) 3X Carpet Cleaner Solution & Deodorizer, Concentrated Encapsulating Carpet Shampoo, Pet Odor & Dirty Carpet Cleaning Solution 128 fl oz.</p><p>$32.97 ($0.26 / Fl Oz)</p><a href="https://www.amazon.com/dp/B07HMHNHPZ?tag=eloabder-20&linkCode=osi&th=1&psc=1">View Product</a></div><div class="product"><a href="https://www.amazon.com/dp/B07N2X9ZPP?tag=eloabder-20&linkCode=osi&th=1&psc=1"><img src="https://m.media-amazon.com/images/I/41sdWXmDR1L._SL500_.jpg" alt="Product Image"></a><p>Calyptus Ultrasonic Jewelry Cleaner Solution Concentrate | Professional Power for Use in All Ultrasonic Machines | Plant-Based Eyeglass and Jewelry Cleaner | USA Made, 8 Ounces</p><p>$8.99 ($1.12 / Fl Oz)</p><a href="https://www.amazon.com/dp/B07N2X9ZPP?tag=eloabder-20&linkCode=osi&th=1&psc=1">View Product</a></div><div class="product"><a href="https://www.amazon.com/dp/B002S52WX8?tag=eloabder-20&linkCode=osi&th=1&psc=1"><img src="https://m.media-amazon.com/images/I/41+tl9gd+IL._SL500_.jpg" alt="Product Image"></a><p>Bissell 74R7 Pet Stain & Odor Portable Machine Formula, 32-Ounce, Fl Oz</p><p>$7.79 ($0.24 / Fl Oz)</p><a href="https://www.amazon.com/dp/B002S52WX8?tag=eloabder-20&linkCode=osi&th=1&psc=1">View Product</a></div><div class="product"><a href="https://www.amazon.com/dp/B002A615DS?tag=eloabder-20&linkCode=osi&th=1&psc=1"><img src="https://m.media-amazon.com/images/I/31u3+BIo8TL._SL500_.jpg" alt="Product Image"></a><p>PhysiciansCare Eye Wash Solution, Sterile Isotonic Buffered Solution for Flushing & Irrigating Eyes, 32-oz Bottle</p><p>$12.99</p><a href="https://www.amazon.com/dp/B002A615DS?tag=eloabder-20&linkCode=osi&th=1&psc=1">View Product</a></div>


<div class="product"><a href="https://www.amazon.com/dp/B0B4DH2K9M?tag=eloabder-20&linkCode=osi&th=1&psc=1"><img src="https://m.media-amazon.com/images/I/41PjRlYpOIL._SL500_.jpg" alt="Product Image"></a><p>[100 Count] Clear Plastic Forks Heavy Duty, Premium Disposable Forks, Durable Plastic Cutlery for Parties, Picnics, Big Event, Daily Use - Heat Resistant & BPA Free</p><p>$6.99</p><a href="https://www.amazon.com/dp/B0B4DH2K9M?tag=eloabder-20&linkCode=osi&th=1&psc=1">View Product</a></div><div class="product"><a href="https://www.amazon.com/dp/B0BPM26K4W?tag=eloabder-20&linkCode=osi&th=1&psc=1"><img src="https://m.media-amazon.com/images/I/51lq2mIP7iL._SL500_.jpg" alt="Product Image"></a><p>360 Count Plastic Silver Ware Heavy Duty, 120 Forks, 120 Spoons, 120 Knives, Heat Resistant & BPA Free Disposable SilverWare, Disposable Cutlery set, Premium Clear Utencils for Party Supply</p><p>$19.99</p><a href="https://www.amazon.com/dp/B0BPM26K4W?tag=eloabder-20&linkCode=osi&th=1&psc=1">View Product</a></div><div class="product"><a href="https://www.amazon.com/dp/B0CZJ4G4L9?tag=eloabder-20&linkCode=osi&th=1&psc=1"><img src="https://m.media-amazon.com/images/I/41JhaO2sBzL._SL500_.jpg" alt="Product Image"></a><p>Dealusy 100 Count Clear Plastic Spoons Disposable, BPA-Free, Heat Resistant, Solid and Durable Disposable Spoons Heavy Duty Bulk, Premium Spoons plastic disposable for Party Supply</p><p>$6.99</p><a href="https://www.amazon.com/dp/B0CZJ4G4L9?tag=eloabder-20&linkCode=osi&th=1&psc=1">View Product</a></div><div class="product"><a href="https://www.amazon.com/dp/B085T6685R?tag=eloabder-20&linkCode=osi&th=1&psc=1"><img src="https://m.media-amazon.com/images/I/41RbX0YJ2PL._SL500_.jpg" alt="Product Image"></a><p>POSATE Heavy Weight Plastic Forks, Clear Disposable, 100 Count</p><p>$9.97</p><a href="https://www.amazon.com/dp/B085T6685R?tag=eloabder-20&linkCode=osi&th=1&psc=1">View Product</a></div><div class="product"><a href="https://www.amazon.com/dp/B0CBQFKXP2?tag=eloabder-20&linkCode=osi&th=1&psc=1"><img src="https://m.media-amazon.com/images/I/41VpEpWpC6L._SL500_.jpg" alt="Product Image"></a><p>Dealusy 360 Count Extra Heavy Duty Clear Plastic Forks Disposable, BPA-Free, Heat Resistant, Solid and Durable Disposable Forks Bulk, Premium Plastic Forks heavy duty for Party Supply</p><p>$19.99</p><a href="https://www.amazon.com/dp/B0CBQFKXP2?tag=eloabder-20&linkCode=osi&th=1&psc=1">View Product</a></div>
<div class="product"><a href="https://www.amazon.com/dp/B07QJ1Y527?tag=eloabder-20&linkCode=osi&th=1&psc=1"><img src="https://m.media-amazon.com/images/I/41EKsAkAC9L._SL500_.jpg" alt="Product Image"></a><p>YESWELDER True Color Solar Powered Auto Darkening Welding Helmet, Wide Shade 4/9-13 for TIG MIG ARC Weld Hood Helmet</p><p>$39.99</p><a href="https://www.amazon.com/dp/B07QJ1Y527?tag=eloabder-20&linkCode=osi&th=1&psc=1">View Product</a></div>


<div class="product"><a href="https://www.amazon.com/dp/B0B9G9KJF6?tag=eloabder-20&linkCode=osi&th=1&psc=1"><img src="https://m.media-amazon.com/images/I/41kHyu3KoNL._SL500_.jpg" alt="Product Image"></a><p>[Breath Towel] Anti-Fire Smoke Mask, Dust and Smoke Protection, Disaster Safety Supplies, Firefighting Equipment</p><p>$11.99</p><a href="https://www.amazon.com/dp/B0B9G9KJF6?tag=eloabder-20&linkCode=osi&th=1&psc=1">View Product</a></div><div class="product"><a href="https://www.amazon.com/dp/B096R4FZ3Z?tag=eloabder-20&linkCode=osi&th=1&psc=1"><img src="https://m.media-amazon.com/images/I/41Pa1hZoYaS._SL500_.jpg" alt="Product Image"></a><p>Komodo K-101 Advanced Fire Protection - Home Perimeter Shield - Next Generation All Season Fire Retardant - 5 Pound Bag</p><p>$195.00 ($2.44 / Ounce)</p><a href="https://www.amazon.com/dp/B096R4FZ3Z?tag=eloabder-20&linkCode=osi&th=1&psc=1">View Product</a></div>
<div class="product"><a href="https://www.amazon.com/dp/B019660RPG?tag=eloabder-20&linkCode=osi&th=1&psc=1"><img src="https://m.media-amazon.com/images/I/41wsMk2hIZL._SL500_.jpg" alt="Product Image"></a><p>Vashe Wound Solution OTC | Pure Hypochlorous Acid-Preserved Wound Cleanser | Home Wound Care | Non-Cytotoxic and Skin-Neutral pH | 8.5 Fl Oz</p><p>$23.99</p><a href="https://www.amazon.com/dp/B019660RPG?tag=eloabder-20&linkCode=osi&th=1&psc=1">View Product</a></div><div class="product"><a href="https://www.amazon.com/dp/B07KLFC2Y9?tag=eloabder-20&linkCode=osi&th=1&psc=1"><img src="https://m.media-amazon.com/images/I/41GocGphpRL._SL500_.jpg" alt="Product Image"></a><p>Bioesque Botanical Disinfectant Solution, Heavy Duty Broad-Spectrum Disinfectant, Kills 99.9% of Bacteria, Viruses*, Fungi, & Molds, 1 Gallon (Pack of 1)</p><p>$29.99 ($0.23 / FL Oz)</p><a href="https://www.amazon.com/dp/B07KLFC2Y9?tag=eloabder-20&linkCode=osi&th=1&psc=1">View Product</a></div><div class="product"><a href="https://www.amazon.com/dp/B01DBP3YTO?tag=eloabder-20&linkCode=osi&th=1&psc=1"><img src="https://m.media-amazon.com/images/I/31UXo0CedPL._SL500_.jpg" alt="Product Image"></a><p>iSonic - CSGJ01x2 CSGJ01-8OZx2 Ultrasonic Jewelry/Eye Wear Cleaning Solution Concentrate (Pack of 2)</p><p>$14.29 ($0.89 / Ounce)</p><a href="https://www.amazon.com/dp/B01DBP3YTO?tag=eloabder-20&linkCode=osi&th=1&psc=1">View Product</a></div><div class="product"><a href="https://www.amazon.com/dp/B002C2O5EQ?tag=eloabder-20&linkCode=osi&th=1&psc=1"><img src="https://m.media-amazon.com/images/I/412RaKelAmL._SL500_.jpg" alt="Product Image"></a><p>Betadine Antiseptic Liquid First Aid Solution, Povidone-iodine 10%, Infection Protection, Kills Germs In Minor Cuts Scrapes And Burns, No Sting Promise, No Alcohol or Hydrogen Peroxide, 8 FL OZ</p><p>$10.99 ($1.37 / Fl Oz)</p><a href="https://www.amazon.com/dp/B002C2O5EQ?tag=eloabder-20&linkCode=osi&th=1&psc=1">View Product</a></div><div class="product"><a href="https://www.amazon.com/dp/B0CN6F2GBN?tag=eloabder-20&linkCode=osi&th=1&psc=1"><img src="https://m.media-amazon.com/images/I/314BZ1QOH0L._SL500_.jpg" alt="Product Image"></a><p>Listerine Clinical Solutions Gum Health Antiseptic Mouthwash, Antigingivitis & Antiplaque Oral Rinse Helps Prevent Buildup & Immediately Kills Germs for Healthier Gums, Icy Mint, 1 L</p><p>$11.97 ($0.35 / Fl Oz)</p><a href="https://www.amazon.com/dp/B0CN6F2GBN?tag=eloabder-20&linkCode=osi&th=1&psc=1">View Product</a></div><div class="product"><a href="https://www.amazon.com/dp/B07HMHNHPZ?tag=eloabder-20&linkCode=osi&th=1&psc=1"><img src="https://m.media-amazon.com/images/I/31yVHZbeC1L._SL500_.jpg" alt="Product Image"></a><p>Stuart Pet Supply Co. Professional Strength Deep Clean (Gal.) 3X Carpet Cleaner Solution & Deodorizer, Concentrated Encapsulating Carpet Shampoo, Pet Odor & Dirty Carpet Cleaning Solution 128 fl oz.</p><p>$32.97 ($0.26 / Fl Oz)</p><a href="https://www.amazon.com/dp/B07HMHNHPZ?tag=eloabder-20&linkCode=osi&th=1&psc=1">View Product</a></div><div class="product"><a href="https://www.amazon.com/dp/B07N2X9ZPP?tag=eloabder-20&linkCode=osi&th=1&psc=1"><img src="https://m.media-amazon.com/images/I/41sdWXmDR1L._SL500_.jpg" alt="Product Image"></a><p>Calyptus Ultrasonic Jewelry Cleaner Solution Concentrate | Professional Power for Use in All Ultrasonic Machines | Plant-Based Eyeglass and Jewelry Cleaner | USA Made, 8 Ounces</p><p>$8.99 ($1.12 / Fl Oz)</p><a href="https://www.amazon.com/dp/B07N2X9ZPP?tag=eloabder-20&linkCode=osi&th=1&psc=1">View Product</a></div><div class="product"><a href="https://www.amazon.com/dp/B002S52WX8?tag=eloabder-20&linkCode=osi&th=1&psc=1"><img src="https://m.media-amazon.com/images/I/41+tl9gd+IL._SL500_.jpg" alt="Product Image"></a><p>Bissell 74R7 Pet Stain & Odor Portable Machine Formula, 32-Ounce, Fl Oz</p><p>$7.79 ($0.24 / Fl Oz)</p><a href="https://www.amazon.com/dp/B002S52WX8?tag=eloabder-20&linkCode=osi&th=1&psc=1">View Product</a></div><div class="product"><a href="https://www.amazon.com/dp/B002A615DS?tag=eloabder-20&linkCode=osi&th=1&psc=1"><img src="https://m.media-amazon.com/images/I/31u3+BIo8TL._SL500_.jpg" alt="Product Image"></a><p>PhysiciansCare Eye Wash Solution, Sterile Isotonic Buffered Solution for Flushing & Irrigating Eyes, 32-oz Bottle</p><p>$12.99</p><a href="https://www.amazon.com/dp/B002A615DS?tag=eloabder-20&linkCode=osi&th=1&psc=1">View Product</a></div>

<div class="product"><a href="https://www.amazon.com/dp/B007OCF0C0?tag=eloabder-20&linkCode=osi&th=1&psc=1"><img src="https://m.media-amazon.com/images/I/51zhgF0vIvL._SL500_.jpg" alt="Product Image"></a><p>Tru-Ray Construction Paper, 10 Vibrant Colors, 9" x 12", 50 Sheets</p><p>$5.59</p><a href="https://www.amazon.com/dp/B007OCF0C0?tag=eloabder-20&linkCode=osi&th=1&psc=1">View Product</a></div><div class="product"><a href="https://www.amazon.com/dp/B0BM27YSBB?tag=eloabder-20&linkCode=osi&th=1&psc=1"><img src="https://m.media-amazon.com/images/I/41j2z0sRK8L._SL500_.jpg" alt="Product Image"></a><p>Gorilla Heavy Duty Construction Adhesive, 7 Ounce Squeeze Tube, White, (Pack of 1)</p><p>$9.47 ($1.35 / Fl Oz)</p><a href="https://www.amazon.com/dp/B0BM27YSBB?tag=eloabder-20&linkCode=osi&th=1&psc=1">View Product</a></div>

<div class="product"><a href="https://www.amazon.com/dp/B0B4DH2K9M?tag=eloabder-20&linkCode=osi&th=1&psc=1"><img src="https://m.media-amazon.com/images/I/41PjRlYpOIL._SL500_.jpg" alt="Product Image"></a><p>[100 Count] Clear Plastic Forks Heavy Duty, Premium Disposable Forks, Durable Plastic Cutlery for Parties, Picnics, Big Event, Daily Use - Heat Resistant & BPA Free</p><p>$6.99</p><a href="https://www.amazon.com/dp/B0B4DH2K9M?tag=eloabder-20&linkCode=osi&th=1&psc=1">View Product</a></div><div class="product"><a href="https://www.amazon.com/dp/B0BPM26K4W?tag=eloabder-20&linkCode=osi&th=1&psc=1"><img src="https://m.media-amazon.com/images/I/51lq2mIP7iL._SL500_.jpg" alt="Product Image"></a><p>360 Count Plastic Silver Ware Heavy Duty, 120 Forks, 120 Spoons, 120 Knives, Heat Resistant & BPA Free Disposable SilverWare, Disposable Cutlery set, Premium Clear Utencils for Party Supply</p><p>$19.99</p><a href="https://www.amazon.com/dp/B0BPM26K4W?tag=eloabder-20&linkCode=osi&th=1&psc=1">View Product</a></div><div class="product"><a href="https://www.amazon.com/dp/B0CZJ4G4L9?tag=eloabder-20&linkCode=osi&th=1&psc=1"><img src="https://m.media-amazon.com/images/I/41JhaO2sBzL._SL500_.jpg" alt="Product Image"></a><p>Dealusy 100 Count Clear Plastic Spoons Disposable, BPA-Free, Heat Resistant, Solid and Durable Disposable Spoons Heavy Duty Bulk, Premium Spoons plastic disposable for Party Supply</p><p>$6.99</p><a href="https://www.amazon.com/dp/B0CZJ4G4L9?tag=eloabder-20&linkCode=osi&th=1&psc=1">View Product</a></div><div class="product"><a href="https://www.amazon.com/dp/B085T6685R?tag=eloabder-20&linkCode=osi&th=1&psc=1"><img src="https://m.media-amazon.com/images/I/41RbX0YJ2PL._SL500_.jpg" alt="Product Image"></a><p>POSATE Heavy Weight Plastic Forks, Clear Disposable, 100 Count</p><p>$9.97</p><a href="https://www.amazon.com/dp/B085T6685R?tag=eloabder-20&linkCode=osi&th=1&psc=1">View Product</a></div><div class="product"><a href="https://www.amazon.com/dp/B0CBQFKXP2?tag=eloabder-20&linkCode=osi&th=1&psc=1"><img src="https://m.media-amazon.com/images/I/41VpEpWpC6L._SL500_.jpg" alt="Product Image"></a><p>Dealusy 360 Count Extra Heavy Duty Clear Plastic Forks Disposable, BPA-Free, Heat Resistant, Solid and Durable Disposable Forks Bulk, Premium Plastic Forks heavy duty for Party Supply</p><p>$19.99</p><a href="https://www.amazon.com/dp/B0CBQFKXP2?tag=eloabder-20&linkCode=osi&th=1&psc=1">View Product</a></div>
<div class="product"><a href="https://www.amazon.com/dp/B07QJ1Y527?tag=eloabder-20&linkCode=osi&th=1&psc=1"><img src="https://m.media-amazon.com/images/I/41EKsAkAC9L._SL500_.jpg" alt="Product Image"></a><p>YESWELDER True Color Solar Powered Auto Darkening Welding Helmet, Wide Shade 4/9-13 for TIG MIG ARC Weld Hood Helmet</p><p>$39.99</p><a href="https://www.amazon.com/dp/B07QJ1Y527?tag=eloabder-20&linkCode=osi&th=1&psc=1">View Product</a></div>


<div class="product"><a href="https://www.amazon.com/dp/B0B9G9KJF6?tag=eloabder-20&linkCode=osi&th=1&psc=1"><img src="https://m.media-amazon.com/images/I/41kHyu3KoNL._SL500_.jpg" alt="Product Image"></a><p>[Breath Towel] Anti-Fire Smoke Mask, Dust and Smoke Protection, Disaster Safety Supplies, Firefighting Equipment</p><p>$11.99</p><a href="https://www.amazon.com/dp/B0B9G9KJF6?tag=eloabder-20&linkCode=osi&th=1&psc=1">View Product</a></div><div class="product"><a href="https://www.amazon.com/dp/B096R4FZ3Z?tag=eloabder-20&linkCode=osi&th=1&psc=1"><img src="https://m.media-amazon.com/images/I/41Pa1hZoYaS._SL500_.jpg" alt="Product Image"></a><p>Komodo K-101 Advanced Fire Protection - Home Perimeter Shield - Next Generation All Season Fire Retardant - 5 Pound Bag</p><p>$195.00 ($2.44 / Ounce)</p><a href="https://www.amazon.com/dp/B096R4FZ3Z?tag=eloabder-20&linkCode=osi&th=1&psc=1">View Product</a></div>
<div class="product"><a href="https://www.amazon.com/dp/B019660RPG?tag=eloabder-20&linkCode=osi&th=1&psc=1"><img src="https://m.media-amazon.com/images/I/41wsMk2hIZL._SL500_.jpg" alt="Product Image"></a><p>Vashe Wound Solution OTC | Pure Hypochlorous Acid-Preserved Wound Cleanser | Home Wound Care | Non-Cytotoxic and Skin-Neutral pH | 8.5 Fl Oz</p><p>$23.99</p><a href="https://www.amazon.com/dp/B019660RPG?tag=eloabder-20&linkCode=osi&th=1&psc=1">View Product</a></div><div class="product"><a href="https://www.amazon.com/dp/B07KLFC2Y9?tag=eloabder-20&linkCode=osi&th=1&psc=1"><img src="https://m.media-amazon.com/images/I/41GocGphpRL._SL500_.jpg" alt="Product Image"></a><p>Bioesque Botanical Disinfectant Solution, Heavy Duty Broad-Spectrum Disinfectant, Kills 99.9% of Bacteria, Viruses*, Fungi, & Molds, 1 Gallon (Pack of 1)</p><p>$29.99 ($0.23 / FL Oz)</p><a href="https://www.amazon.com/dp/B07KLFC2Y9?tag=eloabder-20&linkCode=osi&th=1&psc=1">View Product</a></div><div class="product"><a href="https://www.amazon.com/dp/B01DBP3YTO?tag=eloabder-20&linkCode=osi&th=1&psc=1"><img src="https://m.media-amazon.com/images/I/31UXo0CedPL._SL500_.jpg" alt="Product Image"></a><p>iSonic - CSGJ01x2 CSGJ01-8OZx2 Ultrasonic Jewelry/Eye Wear Cleaning Solution Concentrate (Pack of 2)</p><p>$14.29 ($0.89 / Ounce)</p><a href="https://www.amazon.com/dp/B01DBP3YTO?tag=eloabder-20&linkCode=osi&th=1&psc=1">View Product</a></div><div class="product"><a href="https://www.amazon.com/dp/B002C2O5EQ?tag=eloabder-20&linkCode=osi&th=1&psc=1"><img src="https://m.media-amazon.com/images/I/412RaKelAmL._SL500_.jpg" alt="Product Image"></a><p>Betadine Antiseptic Liquid First Aid Solution, Povidone-iodine 10%, Infection Protection, Kills Germs In Minor Cuts Scrapes And Burns, No Sting Promise, No Alcohol or Hydrogen Peroxide, 8 FL OZ</p><p>$10.99 ($1.37 / Fl Oz)</p><a href="https://www.amazon.com/dp/B002C2O5EQ?tag=eloabder-20&linkCode=osi&th=1&psc=1">View Product</a></div><div class="product"><a href="https://www.amazon.com/dp/B0CN6F2GBN?tag=eloabder-20&linkCode=osi&th=1&psc=1"><img src="https://m.media-amazon.com/images/I/314BZ1QOH0L._SL500_.jpg" alt="Product Image"></a><p>Listerine Clinical Solutions Gum Health Antiseptic Mouthwash, Antigingivitis & Antiplaque Oral Rinse Helps Prevent Buildup & Immediately Kills Germs for Healthier Gums, Icy Mint, 1 L</p><p>$11.97 ($0.35 / Fl Oz)</p><a href="https://www.amazon.com/dp/B0CN6F2GBN?tag=eloabder-20&linkCode=osi&th=1&psc=1">View Product</a></div><div class="product"><a href="https://www.amazon.com/dp/B07HMHNHPZ?tag=eloabder-20&linkCode=osi&th=1&psc=1"><img src="https://m.media-amazon.com/images/I/31yVHZbeC1L._SL500_.jpg" alt="Product Image"></a><p>Stuart Pet Supply Co. Professional Strength Deep Clean (Gal.) 3X Carpet Cleaner Solution & Deodorizer, Concentrated Encapsulating Carpet Shampoo, Pet Odor & Dirty Carpet Cleaning Solution 128 fl oz.</p><p>$32.97 ($0.26 / Fl Oz)</p><a href="https://www.amazon.com/dp/B07HMHNHPZ?tag=eloabder-20&linkCode=osi&th=1&psc=1">View Product</a></div><div class="product"><a href="https://www.amazon.com/dp/B07N2X9ZPP?tag=eloabder-20&linkCode=osi&th=1&psc=1"><img src="https://m.media-amazon.com/images/I/41sdWXmDR1L._SL500_.jpg" alt="Product Image"></a><p>Calyptus Ultrasonic Jewelry Cleaner Solution Concentrate | Professional Power for Use in All Ultrasonic Machines | Plant-Based Eyeglass and Jewelry Cleaner | USA Made, 8 Ounces</p><p>$8.99 ($1.12 / Fl Oz)</p><a href="https://www.amazon.com/dp/B07N2X9ZPP?tag=eloabder-20&linkCode=osi&th=1&psc=1">View Product</a></div><div class="product"><a href="https://www.amazon.com/dp/B002S52WX8?tag=eloabder-20&linkCode=osi&th=1&psc=1"><img src="https://m.media-amazon.com/images/I/41+tl9gd+IL._SL500_.jpg" alt="Product Image"></a><p>Bissell 74R7 Pet Stain & Odor Portable Machine Formula, 32-Ounce, Fl Oz</p><p>$7.79 ($0.24 / Fl Oz)</p><a href="https://www.amazon.com/dp/B002S52WX8?tag=eloabder-20&linkCode=osi&th=1&psc=1">View Product</a></div><div class="product"><a href="https://www.amazon.com/dp/B002A615DS?tag=eloabder-20&linkCode=osi&th=1&psc=1"><img src="https://m.media-amazon.com/images/I/31u3+BIo8TL._SL500_.jpg" alt="Product Image"></a><p>PhysiciansCare Eye Wash Solution, Sterile Isotonic Buffered Solution for Flushing & Irrigating Eyes, 32-oz Bottle</p><p>$12.99</p><a href="https://www.amazon.com/dp/B002A615DS?tag=eloabder-20&linkCode=osi&th=1&psc=1">View Product</a></div>

<div class="product"><a href="https://www.amazon.com/dp/B007OCF0C0?tag=eloabder-20&linkCode=osi&th=1&psc=1"><img src="https://m.media-amazon.com/images/I/51zhgF0vIvL._SL500_.jpg" alt="Product Image"></a><p>Tru-Ray Construction Paper, 10 Vibrant Colors, 9" x 12", 50 Sheets</p><p>$5.59</p><a href="https://www.amazon.com/dp/B007OCF0C0?tag=eloabder-20&linkCode=osi&th=1&psc=1">View Product</a></div><div class="product"><a href="https://www.amazon.com/dp/B0BM27YSBB?tag=eloabder-20&linkCode=osi&th=1&psc=1"><img src="https://m.media-amazon.com/images/I/41j2z0sRK8L._SL500_.jpg" alt="Product Image"></a><p>Gorilla Heavy Duty Construction Adhesive, 7 Ounce Squeeze Tube, White, (Pack of 1)</p><p>$9.47 ($1.35 / Fl Oz)</p><a href="https://www.amazon.com/dp/B0BM27YSBB?tag=eloabder-20&linkCode=osi&th=1&psc=1">View Product</a></div>


<div class="product"><a href="https://www.amazon.com/dp/B0B4DH2K9M?tag=eloabder-20&linkCode=osi&th=1&psc=1"><img src="https://m.media-amazon.com/images/I/41PjRlYpOIL._SL500_.jpg" alt="Product Image"></a><p>[100 Count] Clear Plastic Forks Heavy Duty, Premium Disposable Forks, Durable Plastic Cutlery for Parties, Picnics, Big Event, Daily Use - Heat Resistant & BPA Free</p><p>$6.99</p><a href="https://www.amazon.com/dp/B0B4DH2K9M?tag=eloabder-20&linkCode=osi&th=1&psc=1">View Product</a></div><div class="product"><a href="https://www.amazon.com/dp/B0BPM26K4W?tag=eloabder-20&linkCode=osi&th=1&psc=1"><img src="https://m.media-amazon.com/images/I/51lq2mIP7iL._SL500_.jpg" alt="Product Image"></a><p>360 Count Plastic Silver Ware Heavy Duty, 120 Forks, 120 Spoons, 120 Knives, Heat Resistant & BPA Free Disposable SilverWare, Disposable Cutlery set, Premium Clear Utencils for Party Supply</p><p>$19.99</p><a href="https://www.amazon.com/dp/B0BPM26K4W?tag=eloabder-20&linkCode=osi&th=1&psc=1">View Product</a></div><div class="product"><a href="https://www.amazon.com/dp/B0CZJ4G4L9?tag=eloabder-20&linkCode=osi&th=1&psc=1"><img src="https://m.media-amazon.com/images/I/41JhaO2sBzL._SL500_.jpg" alt="Product Image"></a><p>Dealusy 100 Count Clear Plastic Spoons Disposable, BPA-Free, Heat Resistant, Solid and Durable Disposable Spoons Heavy Duty Bulk, Premium Spoons plastic disposable for Party Supply</p><p>$6.99</p><a href="https://www.amazon.com/dp/B0CZJ4G4L9?tag=eloabder-20&linkCode=osi&th=1&psc=1">View Product</a></div><div class="product"><a href="https://www.amazon.com/dp/B085T6685R?tag=eloabder-20&linkCode=osi&th=1&psc=1"><img src="https://m.media-amazon.com/images/I/41RbX0YJ2PL._SL500_.jpg" alt="Product Image"></a><p>POSATE Heavy Weight Plastic Forks, Clear Disposable, 100 Count</p><p>$9.97</p><a href="https://www.amazon.com/dp/B085T6685R?tag=eloabder-20&linkCode=osi&th=1&psc=1">View Product</a></div><div class="product"><a href="https://www.amazon.com/dp/B0CBQFKXP2?tag=eloabder-20&linkCode=osi&th=1&psc=1"><img src="https://m.media-amazon.com/images/I/41VpEpWpC6L._SL500_.jpg" alt="Product Image"></a><p>Dealusy 360 Count Extra Heavy Duty Clear Plastic Forks Disposable, BPA-Free, Heat Resistant, Solid and Durable Disposable Forks Bulk, Premium Plastic Forks heavy duty for Party Supply</p><p>$19.99</p><a href="https://www.amazon.com/dp/B0CBQFKXP2?tag=eloabder-20&linkCode=osi&th=1&psc=1">View Product</a></div>
<div class="product"><a href="https://www.amazon.com/dp/B07QJ1Y527?tag=eloabder-20&linkCode=osi&th=1&psc=1"><img src="https://m.media-amazon.com/images/I/41EKsAkAC9L._SL500_.jpg" alt="Product Image"></a><p>YESWELDER True Color Solar Powered Auto Darkening Welding Helmet, Wide Shade 4/9-13 for TIG MIG ARC Weld Hood Helmet</p><p>$39.99</p><a href="https://www.amazon.com/dp/B07QJ1Y527?tag=eloabder-20&linkCode=osi&th=1&psc=1">View Product</a></div>


<div class="product"><a href="https://www.amazon.com/dp/B0B9G9KJF6?tag=eloabder-20&linkCode=osi&th=1&psc=1"><img src="https://m.media-amazon.com/images/I/41kHyu3KoNL._SL500_.jpg" alt="Product Image"></a><p>[Breath Towel] Anti-Fire Smoke Mask, Dust and Smoke Protection, Disaster Safety Supplies, Firefighting Equipment</p><p>$11.99</p><a href="https://www.amazon.com/dp/B0B9G9KJF6?tag=eloabder-20&linkCode=osi&th=1&psc=1">View Product</a></div><div class="product"><a href="https://www.amazon.com/dp/B096R4FZ3Z?tag=eloabder-20&linkCode=osi&th=1&psc=1"><img src="https://m.media-amazon.com/images/I/41Pa1hZoYaS._SL500_.jpg" alt="Product Image"></a><p>Komodo K-101 Advanced Fire Protection - Home Perimeter Shield - Next Generation All Season Fire Retardant - 5 Pound Bag</p><p>$195.00 ($2.44 / Ounce)</p><a href="https://www.amazon.com/dp/B096R4FZ3Z?tag=eloabder-20&linkCode=osi&th=1&psc=1">View Product</a></div>
<div class="product"><a href="https://www.amazon.com/dp/B019660RPG?tag=eloabder-20&linkCode=osi&th=1&psc=1"><img src="https://m.media-amazon.com/images/I/41wsMk2hIZL._SL500_.jpg" alt="Product Image"></a><p>Vashe Wound Solution OTC | Pure Hypochlorous Acid-Preserved Wound Cleanser | Home Wound Care | Non-Cytotoxic and Skin-Neutral pH | 8.5 Fl Oz</p><p>$23.99</p><a href="https://www.amazon.com/dp/B019660RPG?tag=eloabder-20&linkCode=osi&th=1&psc=1">View Product</a></div><div class="product"><a href="https://www.amazon.com/dp/B07KLFC2Y9?tag=eloabder-20&linkCode=osi&th=1&psc=1"><img src="https://m.media-amazon.com/images/I/41GocGphpRL._SL500_.jpg" alt="Product Image"></a><p>Bioesque Botanical Disinfectant Solution, Heavy Duty Broad-Spectrum Disinfectant, Kills 99.9% of Bacteria, Viruses*, Fungi, & Molds, 1 Gallon (Pack of 1)</p><p>$29.99 ($0.23 / FL Oz)</p><a href="https://www.amazon.com/dp/B07KLFC2Y9?tag=eloabder-20&linkCode=osi&th=1&psc=1">View Product</a></div><div class="product"><a href="https://www.amazon.com/dp/B01DBP3YTO?tag=eloabder-20&linkCode=osi&th=1&psc=1"><img src="https://m.media-amazon.com/images/I/31UXo0CedPL._SL500_.jpg" alt="Product Image"></a><p>iSonic - CSGJ01x2 CSGJ01-8OZx2 Ultrasonic Jewelry/Eye Wear Cleaning Solution Concentrate (Pack of 2)</p><p>$14.29 ($0.89 / Ounce)</p><a href="https://www.amazon.com/dp/B01DBP3YTO?tag=eloabder-20&linkCode=osi&th=1&psc=1">View Product</a></div><div class="product"><a href="https://www.amazon.com/dp/B002C2O5EQ?tag=eloabder-20&linkCode=osi&th=1&psc=1"><img src="https://m.media-amazon.com/images/I/412RaKelAmL._SL500_.jpg" alt="Product Image"></a><p>Betadine Antiseptic Liquid First Aid Solution, Povidone-iodine 10%, Infection Protection, Kills Germs In Minor Cuts Scrapes And Burns, No Sting Promise, No Alcohol or Hydrogen Peroxide, 8 FL OZ</p><p>$10.99 ($1.37 / Fl Oz)</p><a href="https://www.amazon.com/dp/B002C2O5EQ?tag=eloabder-20&linkCode=osi&th=1&psc=1">View Product</a></div><div class="product"><a href="https://www.amazon.com/dp/B0CN6F2GBN?tag=eloabder-20&linkCode=osi&th=1&psc=1"><img src="https://m.media-amazon.com/images/I/314BZ1QOH0L._SL500_.jpg" alt="Product Image"></a><p>Listerine Clinical Solutions Gum Health Antiseptic Mouthwash, Antigingivitis & Antiplaque Oral Rinse Helps Prevent Buildup & Immediately Kills Germs for Healthier Gums, Icy Mint, 1 L</p><p>$11.97 ($0.35 / Fl Oz)</p><a href="https://www.amazon.com/dp/B0CN6F2GBN?tag=eloabder-20&linkCode=osi&th=1&psc=1">View Product</a></div><div class="product"><a href="https://www.amazon.com/dp/B07HMHNHPZ?tag=eloabder-20&linkCode=osi&th=1&psc=1"><img src="https://m.media-amazon.com/images/I/31yVHZbeC1L._SL500_.jpg" alt="Product Image"></a><p>Stuart Pet Supply Co. Professional Strength Deep Clean (Gal.) 3X Carpet Cleaner Solution & Deodorizer, Concentrated Encapsulating Carpet Shampoo, Pet Odor & Dirty Carpet Cleaning Solution 128 fl oz.</p><p>$32.97 ($0.26 / Fl Oz)</p><a href="https://www.amazon.com/dp/B07HMHNHPZ?tag=eloabder-20&linkCode=osi&th=1&psc=1">View Product</a></div><div class="product"><a href="https://www.amazon.com/dp/B07N2X9ZPP?tag=eloabder-20&linkCode=osi&th=1&psc=1"><img src="https://m.media-amazon.com/images/I/41sdWXmDR1L._SL500_.jpg" alt="Product Image"></a><p>Calyptus Ultrasonic Jewelry Cleaner Solution Concentrate | Professional Power for Use in All Ultrasonic Machines | Plant-Based Eyeglass and Jewelry Cleaner | USA Made, 8 Ounces</p><p>$8.99 ($1.12 / Fl Oz)</p><a href="https://www.amazon.com/dp/B07N2X9ZPP?tag=eloabder-20&linkCode=osi&th=1&psc=1">View Product</a></div><div class="product"><a href="https://www.amazon.com/dp/B002S52WX8?tag=eloabder-20&linkCode=osi&th=1&psc=1"><img src="https://m.media-amazon.com/images/I/41+tl9gd+IL._SL500_.jpg" alt="Product Image"></a><p>Bissell 74R7 Pet Stain & Odor Portable Machine Formula, 32-Ounce, Fl Oz</p><p>$7.79 ($0.24 / Fl Oz)</p><a href="https://www.amazon.com/dp/B002S52WX8?tag=eloabder-20&linkCode=osi&th=1&psc=1">View Product</a></div><div class="product"><a href="https://www.amazon.com/dp/B002A615DS?tag=eloabder-20&linkCode=osi&th=1&psc=1"><img src="https://m.media-amazon.com/images/I/31u3+BIo8TL._SL500_.jpg" alt="Product Image"></a><p>PhysiciansCare Eye Wash Solution, Sterile Isotonic Buffered Solution for Flushing & Irrigating Eyes, 32-oz Bottle</p><p>$12.99</p><a href="https://www.amazon.com/dp/B002A615DS?tag=eloabder-20&linkCode=osi&th=1&psc=1">View Product</a></div>

<div class="product"><a href="https://www.amazon.com/dp/B007OCF0C0?tag=eloabder-20&linkCode=osi&th=1&psc=1"><img src="https://m.media-amazon.com/images/I/51zhgF0vIvL._SL500_.jpg" alt="Product Image"></a><p>Tru-Ray Construction Paper, 10 Vibrant Colors, 9" x 12", 50 Sheets</p><p>$5.59</p><a href="https://www.amazon.com/dp/B007OCF0C0?tag=eloabder-20&linkCode=osi&th=1&psc=1">View Product</a></div><div class="product"><a href="https://www.amazon.com/dp/B0BM27YSBB?tag=eloabder-20&linkCode=osi&th=1&psc=1"><img src="https://m.media-amazon.com/images/I/41j2z0sRK8L._SL500_.jpg" alt="Product Image"></a><p>Gorilla Heavy Duty Construction Adhesive, 7 Ounce Squeeze Tube, White, (Pack of 1)</p><p>$9.47 ($1.35 / Fl Oz)</p><a href="https://www.amazon.com/dp/B0BM27YSBB?tag=eloabder-20&linkCode=osi&th=1&psc=1">View Product</a></div>

<div class="product"><a href="https://www.amazon.com/dp/B0CKS5ZWSL?tag=eloabder-20&linkCode=osi&th=1&psc=1"><img src="https://m.media-amazon.com/images/I/41+W3m7P-OL._SL500_.jpg" alt="Product Image"></a><p>Pestie Home Barrier Pest Control Kit, Expert Pest Control for Your Home, Fast-Acting, Long-Lasting Insect Killer, Professional Spray Protects Against Common Pests</p><p>$59.99</p><a href="https://www.amazon.com/dp/B0CKS5ZWSL?tag=eloabder-20&linkCode=osi&th=1&psc=1">View Product</a></div><div class="product"><a href="https://www.amazon.com/dp/B0C4DL4NFR?tag=eloabder-20&linkCode=osi&th=1&psc=1"><img src="https://m.media-amazon.com/images/I/51E0GGgePmL._SL500_.jpg" alt="Product Image"></a><p>TAFFY'S Steel Wool for Mice Control - 1 Pack of 3"×15Ft Steel Wool, Gap Filter for House & Garage - Keep Mice Away from Holes, Siding, Pipeline, Vents in Garden, House, 5.29oz</p><p>$6.21</p><a href="https://www.amazon.com/dp/B0C4DL4NFR?tag=eloabder-20&linkCode=osi&th=1&psc=1">View Product</a></div>

<div class="product"><a href="https://www.amazon.com/dp/B0B4DH2K9M?tag=eloabder-20&linkCode=osi&th=1&psc=1"><img src="https://m.media-amazon.com/images/I/41PjRlYpOIL._SL500_.jpg" alt="Product Image"></a><p>[100 Count] Clear Plastic Forks Heavy Duty, Premium Disposable Forks, Durable Plastic Cutlery for Parties, Picnics, Big Event, Daily Use - Heat Resistant & BPA Free</p><p>$6.99</p><a href="https://www.amazon.com/dp/B0B4DH2K9M?tag=eloabder-20&linkCode=osi&th=1&psc=1">View Product</a></div><div class="product"><a href="https://www.amazon.com/dp/B0BPM26K4W?tag=eloabder-20&linkCode=osi&th=1&psc=1"><img src="https://m.media-amazon.com/images/I/51lq2mIP7iL._SL500_.jpg" alt="Product Image"></a><p>360 Count Plastic Silver Ware Heavy Duty, 120 Forks, 120 Spoons, 120 Knives, Heat Resistant & BPA Free Disposable SilverWare, Disposable Cutlery set, Premium Clear Utencils for Party Supply</p><p>$19.99</p><a href="https://www.amazon.com/dp/B0BPM26K4W?tag=eloabder-20&linkCode=osi&th=1&psc=1">View Product</a></div><div class="product"><a href="https://www.amazon.com/dp/B0CZJ4G4L9?tag=eloabder-20&linkCode=osi&th=1&psc=1"><img src="https://m.media-amazon.com/images/I/41JhaO2sBzL._SL500_.jpg" alt="Product Image"></a><p>Dealusy 100 Count Clear Plastic Spoons Disposable, BPA-Free, Heat Resistant, Solid and Durable Disposable Spoons Heavy Duty Bulk, Premium Spoons plastic disposable for Party Supply</p><p>$6.99</p><a href="https://www.amazon.com/dp/B0CZJ4G4L9?tag=eloabder-20&linkCode=osi&th=1&psc=1">View Product</a></div><div class="product"><a href="https://www.amazon.com/dp/B085T6685R?tag=eloabder-20&linkCode=osi&th=1&psc=1"><img src="https://m.media-amazon.com/images/I/41RbX0YJ2PL._SL500_.jpg" alt="Product Image"></a><p>POSATE Heavy Weight Plastic Forks, Clear Disposable, 100 Count</p><p>$9.97</p><a href="https://www.amazon.com/dp/B085T6685R?tag=eloabder-20&linkCode=osi&th=1&psc=1">View Product</a></div><div class="product"><a href="https://www.amazon.com/dp/B0CBQFKXP2?tag=eloabder-20&linkCode=osi&th=1&psc=1"><img src="https://m.media-amazon.com/images/I/41VpEpWpC6L._SL500_.jpg" alt="Product Image"></a><p>Dealusy 360 Count Extra Heavy Duty Clear Plastic Forks Disposable, BPA-Free, Heat Resistant, Solid and Durable Disposable Forks Bulk, Premium Plastic Forks heavy duty for Party Supply</p><p>$19.99</p><a href="https://www.amazon.com/dp/B0CBQFKXP2?tag=eloabder-20&linkCode=osi&th=1&psc=1">View Product</a></div>
<div class="product"><a href="https://www.amazon.com/dp/B07QJ1Y527?tag=eloabder-20&linkCode=osi&th=1&psc=1"><img src="https://m.media-amazon.com/images/I/41EKsAkAC9L._SL500_.jpg" alt="Product Image"></a><p>YESWELDER True Color Solar Powered Auto Darkening Welding Helmet, Wide Shade 4/9-13 for TIG MIG ARC Weld Hood Helmet</p><p>$39.99</p><a href="https://www.amazon.com/dp/B07QJ1Y527?tag=eloabder-20&linkCode=osi&th=1&psc=1">View Product</a></div>


<div class="product"><a href="https://www.amazon.com/dp/B0B9G9KJF6?tag=eloabder-20&linkCode=osi&th=1&psc=1"><img src="https://m.media-amazon.com/images/I/41kHyu3KoNL._SL500_.jpg" alt="Product Image"></a><p>[Breath Towel] Anti-Fire Smoke Mask, Dust and Smoke Protection, Disaster Safety Supplies, Firefighting Equipment</p><p>$11.99</p><a href="https://www.amazon.com/dp/B0B9G9KJF6?tag=eloabder-20&linkCode=osi&th=1&psc=1">View Product</a></div><div class="product"><a href="https://www.amazon.com/dp/B096R4FZ3Z?tag=eloabder-20&linkCode=osi&th=1&psc=1"><img src="https://m.media-amazon.com/images/I/41Pa1hZoYaS._SL500_.jpg" alt="Product Image"></a><p>Komodo K-101 Advanced Fire Protection - Home Perimeter Shield - Next Generation All Season Fire Retardant - 5 Pound Bag</p><p>$195.00 ($2.44 / Ounce)</p><a href="https://www.amazon.com/dp/B096R4FZ3Z?tag=eloabder-20&linkCode=osi&th=1&psc=1">View Product</a></div>
<div class="product"><a href="https://www.amazon.com/dp/B019660RPG?tag=eloabder-20&linkCode=osi&th=1&psc=1"><img src="https://m.media-amazon.com/images/I/41wsMk2hIZL._SL500_.jpg" alt="Product Image"></a><p>Vashe Wound Solution OTC | Pure Hypochlorous Acid-Preserved Wound Cleanser | Home Wound Care | Non-Cytotoxic and Skin-Neutral pH | 8.5 Fl Oz</p><p>$23.99</p><a href="https://www.amazon.com/dp/B019660RPG?tag=eloabder-20&linkCode=osi&th=1&psc=1">View Product</a></div><div class="product"><a href="https://www.amazon.com/dp/B07KLFC2Y9?tag=eloabder-20&linkCode=osi&th=1&psc=1"><img src="https://m.media-amazon.com/images/I/41GocGphpRL._SL500_.jpg" alt="Product Image"></a><p>Bioesque Botanical Disinfectant Solution, Heavy Duty Broad-Spectrum Disinfectant, Kills 99.9% of Bacteria, Viruses*, Fungi, & Molds, 1 Gallon (Pack of 1)</p><p>$29.99 ($0.23 / FL Oz)</p><a href="https://www.amazon.com/dp/B07KLFC2Y9?tag=eloabder-20&linkCode=osi&th=1&psc=1">View Product</a></div><div class="product"><a href="https://www.amazon.com/dp/B01DBP3YTO?tag=eloabder-20&linkCode=osi&th=1&psc=1"><img src="https://m.media-amazon.com/images/I/31UXo0CedPL._SL500_.jpg" alt="Product Image"></a><p>iSonic - CSGJ01x2 CSGJ01-8OZx2 Ultrasonic Jewelry/Eye Wear Cleaning Solution Concentrate (Pack of 2)</p><p>$14.29 ($0.89 / Ounce)</p><a href="https://www.amazon.com/dp/B01DBP3YTO?tag=eloabder-20&linkCode=osi&th=1&psc=1">View Product</a></div><div class="product"><a href="https://www.amazon.com/dp/B002C2O5EQ?tag=eloabder-20&linkCode=osi&th=1&psc=1"><img src="https://m.media-amazon.com/images/I/412RaKelAmL._SL500_.jpg" alt="Product Image"></a><p>Betadine Antiseptic Liquid First Aid Solution, Povidone-iodine 10%, Infection Protection, Kills Germs In Minor Cuts Scrapes And Burns, No Sting Promise, No Alcohol or Hydrogen Peroxide, 8 FL OZ</p><p>$10.99 ($1.37 / Fl Oz)</p><a href="https://www.amazon.com/dp/B002C2O5EQ?tag=eloabder-20&linkCode=osi&th=1&psc=1">View Product</a></div><div class="product"><a href="https://www.amazon.com/dp/B0CN6F2GBN?tag=eloabder-20&linkCode=osi&th=1&psc=1"><img src="https://m.media-amazon.com/images/I/314BZ1QOH0L._SL500_.jpg" alt="Product Image"></a><p>Listerine Clinical Solutions Gum Health Antiseptic Mouthwash, Antigingivitis & Antiplaque Oral Rinse Helps Prevent Buildup & Immediately Kills Germs for Healthier Gums, Icy Mint, 1 L</p><p>$11.97 ($0.35 / Fl Oz)</p><a href="https://www.amazon.com/dp/B0CN6F2GBN?tag=eloabder-20&linkCode=osi&th=1&psc=1">View Product</a></div><div class="product"><a href="https://www.amazon.com/dp/B07HMHNHPZ?tag=eloabder-20&linkCode=osi&th=1&psc=1"><img src="https://m.media-amazon.com/images/I/31yVHZbeC1L._SL500_.jpg" alt="Product Image"></a><p>Stuart Pet Supply Co. Professional Strength Deep Clean (Gal.) 3X Carpet Cleaner Solution & Deodorizer, Concentrated Encapsulating Carpet Shampoo, Pet Odor & Dirty Carpet Cleaning Solution 128 fl oz.</p><p>$32.97 ($0.26 / Fl Oz)</p><a href="https://www.amazon.com/dp/B07HMHNHPZ?tag=eloabder-20&linkCode=osi&th=1&psc=1">View Product</a></div><div class="product"><a href="https://www.amazon.com/dp/B07N2X9ZPP?tag=eloabder-20&linkCode=osi&th=1&psc=1"><img src="https://m.media-amazon.com/images/I/41sdWXmDR1L._SL500_.jpg" alt="Product Image"></a><p>Calyptus Ultrasonic Jewelry Cleaner Solution Concentrate | Professional Power for Use in All Ultrasonic Machines | Plant-Based Eyeglass and Jewelry Cleaner | USA Made, 8 Ounces</p><p>$8.99 ($1.12 / Fl Oz)</p><a href="https://www.amazon.com/dp/B07N2X9ZPP?tag=eloabder-20&linkCode=osi&th=1&psc=1">View Product</a></div><div class="product"><a href="https://www.amazon.com/dp/B002S52WX8?tag=eloabder-20&linkCode=osi&th=1&psc=1"><img src="https://m.media-amazon.com/images/I/41+tl9gd+IL._SL500_.jpg" alt="Product Image"></a><p>Bissell 74R7 Pet Stain & Odor Portable Machine Formula, 32-Ounce, Fl Oz</p><p>$7.79 ($0.24 / Fl Oz)</p><a href="https://www.amazon.com/dp/B002S52WX8?tag=eloabder-20&linkCode=osi&th=1&psc=1">View Product</a></div><div class="product"><a href="https://www.amazon.com/dp/B002A615DS?tag=eloabder-20&linkCode=osi&th=1&psc=1"><img src="https://m.media-amazon.com/images/I/31u3+BIo8TL._SL500_.jpg" alt="Product Image"></a><p>PhysiciansCare Eye Wash Solution, Sterile Isotonic Buffered Solution for Flushing & Irrigating Eyes, 32-oz Bottle</p><p>$12.99</p><a href="https://www.amazon.com/dp/B002A615DS?tag=eloabder-20&linkCode=osi&th=1&psc=1">View Product</a></div>

<div class="product"><a href="https://www.amazon.com/dp/B007OCF0C0?tag=eloabder-20&linkCode=osi&th=1&psc=1"><img src="https://m.media-amazon.com/images/I/51zhgF0vIvL._SL500_.jpg" alt="Product Image"></a><p>Tru-Ray Construction Paper, 10 Vibrant Colors, 9" x 12", 50 Sheets</p><p>$5.59</p><a href="https://www.amazon.com/dp/B007OCF0C0?tag=eloabder-20&linkCode=osi&th=1&psc=1">View Product</a></div><div class="product"><a href="https://www.amazon.com/dp/B0BM27YSBB?tag=eloabder-20&linkCode=osi&th=1&psc=1"><img src="https://m.media-amazon.com/images/I/41j2z0sRK8L._SL500_.jpg" alt="Product Image"></a><p>Gorilla Heavy Duty Construction Adhesive, 7 Ounce Squeeze Tube, White, (Pack of 1)</p><p>$9.47 ($1.35 / Fl Oz)</p><a href="https://www.amazon.com/dp/B0BM27YSBB?tag=eloabder-20&linkCode=osi&th=1&psc=1">View Product</a></div>

<div class="product"><a href="https://www.amazon.com/dp/B0CKS5ZWSL?tag=eloabder-20&linkCode=osi&th=1&psc=1"><img src="https://m.media-amazon.com/images/I/41+W3m7P-OL._SL500_.jpg" alt="Product Image"></a><p>Pestie Home Barrier Pest Control Kit, Expert Pest Control for Your Home, Fast-Acting, Long-Lasting Insect Killer, Professional Spray Protects Against Common Pests</p><p>$59.99</p><a href="https://www.amazon.com/dp/B0CKS5ZWSL?tag=eloabder-20&linkCode=osi&th=1&psc=1">View Product</a></div><div class="product"><a href="https://www.amazon.com/dp/B0C4DL4NFR?tag=eloabder-20&linkCode=osi&th=1&psc=1"><img src="https://m.media-amazon.com/images/I/51E0GGgePmL._SL500_.jpg" alt="Product Image"></a><p>TAFFY'S Steel Wool for Mice Control - 1 Pack of 3"×15Ft Steel Wool, Gap Filter for House & Garage - Keep Mice Away from Holes, Siding, Pipeline, Vents in Garden, House, 5.29oz</p><p>$6.21</p><a href="https://www.amazon.com/dp/B0C4DL4NFR?tag=eloabder-20&linkCode=osi&th=1&psc=1">View Product</a></div>
<div class="product"><a href="https://www.amazon.com/dp/B004O7HM38?tag=eloabder-20&linkCode=osi&th=1&psc=1"><img src="https://m.media-amazon.com/images/I/51xQHaC+C6L._SL500_.jpg" alt="Product Image"></a><p>Bestine Solvent and Thinner for Rubber Cement – Cleans Ink, Adhesive and Parts, 16 Ounce Can</p><p>$20.73 ($20.73 / Count)</p><a href="https://www.amazon.com/dp/B004O7HM38?tag=eloabder-20&linkCode=osi&th=1&psc=1">View Product</a></div><div class="product"><a href="https://www.amazon.com/dp/B007QZ0CKK?tag=eloabder-20&linkCode=osi&th=1&psc=1"><img src="https://m.media-amazon.com/images/I/41vJCgRq7GL._SL500_.jpg" alt="Product Image"></a><p>C 22 Adhesive Solvent. Oil base 12 oz. spray glue wig cleaner</p><p>$19.80 ($1.65 / Fl Oz )</p><a href="https://www.amazon.com/dp/B007QZ0CKK?tag=eloabder-20&linkCode=osi&th=1&psc=1">View Product</a></div><div class="product"><a href="https://www.amazon.com/dp/B018Q169MM?tag=eloabder-20&linkCode=osi&th=1&psc=1"><img src="https://m.media-amazon.com/images/I/41cNPsqQnOL._SL500_.jpg" alt="Product Image"></a><p>Diversey-990222 Beer Clean Mineral Solvent, (0.5 Ounce, 100-Pack)</p><p>$33.90 ($0.34 / Count)</p><a href="https://www.amazon.com/dp/B018Q169MM?tag=eloabder-20&linkCode=osi&th=1&psc=1">View Product</a></div>

<div class="product"><a href="https://www.amazon.com/dp/B0B4DH2K9M?tag=eloabder-20&linkCode=osi&th=1&psc=1"><img src="https://m.media-amazon.com/images/I/41PjRlYpOIL._SL500_.jpg" alt="Product Image"></a><p>[100 Count] Clear Plastic Forks Heavy Duty, Premium Disposable Forks, Durable Plastic Cutlery for Parties, Picnics, Big Event, Daily Use - Heat Resistant & BPA Free</p><p>$6.99</p><a href="https://www.amazon.com/dp/B0B4DH2K9M?tag=eloabder-20&linkCode=osi&th=1&psc=1">View Product</a></div><div class="product"><a href="https://www.amazon.com/dp/B0BPM26K4W?tag=eloabder-20&linkCode=osi&th=1&psc=1"><img src="https://m.media-amazon.com/images/I/51lq2mIP7iL._SL500_.jpg" alt="Product Image"></a><p>360 Count Plastic Silver Ware Heavy Duty, 120 Forks, 120 Spoons, 120 Knives, Heat Resistant & BPA Free Disposable SilverWare, Disposable Cutlery set, Premium Clear Utencils for Party Supply</p><p>$19.99</p><a href="https://www.amazon.com/dp/B0BPM26K4W?tag=eloabder-20&linkCode=osi&th=1&psc=1">View Product</a></div><div class="product"><a href="https://www.amazon.com/dp/B0CZJ4G4L9?tag=eloabder-20&linkCode=osi&th=1&psc=1"><img src="https://m.media-amazon.com/images/I/41JhaO2sBzL._SL500_.jpg" alt="Product Image"></a><p>Dealusy 100 Count Clear Plastic Spoons Disposable, BPA-Free, Heat Resistant, Solid and Durable Disposable Spoons Heavy Duty Bulk, Premium Spoons plastic disposable for Party Supply</p><p>$6.99</p><a href="https://www.amazon.com/dp/B0CZJ4G4L9?tag=eloabder-20&linkCode=osi&th=1&psc=1">View Product</a></div><div class="product"><a href="https://www.amazon.com/dp/B085T6685R?tag=eloabder-20&linkCode=osi&th=1&psc=1"><img src="https://m.media-amazon.com/images/I/41RbX0YJ2PL._SL500_.jpg" alt="Product Image"></a><p>POSATE Heavy Weight Plastic Forks, Clear Disposable, 100 Count</p><p>$9.97</p><a href="https://www.amazon.com/dp/B085T6685R?tag=eloabder-20&linkCode=osi&th=1&psc=1">View Product</a></div><div class="product"><a href="https://www.amazon.com/dp/B0CBQFKXP2?tag=eloabder-20&linkCode=osi&th=1&psc=1"><img src="https://m.media-amazon.com/images/I/41VpEpWpC6L._SL500_.jpg" alt="Product Image"></a><p>Dealusy 360 Count Extra Heavy Duty Clear Plastic Forks Disposable, BPA-Free, Heat Resistant, Solid and Durable Disposable Forks Bulk, Premium Plastic Forks heavy duty for Party Supply</p><p>$19.99</p><a href="https://www.amazon.com/dp/B0CBQFKXP2?tag=eloabder-20&linkCode=osi&th=1&psc=1">View Product</a></div>
<div class="product"><a href="https://www.amazon.com/dp/B07QJ1Y527?tag=eloabder-20&linkCode=osi&th=1&psc=1"><img src="https://m.media-amazon.com/images/I/41EKsAkAC9L._SL500_.jpg" alt="Product Image"></a><p>YESWELDER True Color Solar Powered Auto Darkening Welding Helmet, Wide Shade 4/9-13 for TIG MIG ARC Weld Hood Helmet</p><p>$39.99</p><a href="https://www.amazon.com/dp/B07QJ1Y527?tag=eloabder-20&linkCode=osi&th=1&psc=1">View Product</a></div>


<div class="product"><a href="https://www.amazon.com/dp/B0B9G9KJF6?tag=eloabder-20&linkCode=osi&th=1&psc=1"><img src="https://m.media-amazon.com/images/I/41kHyu3KoNL._SL500_.jpg" alt="Product Image"></a><p>[Breath Towel] Anti-Fire Smoke Mask, Dust and Smoke Protection, Disaster Safety Supplies, Firefighting Equipment</p><p>$11.99</p><a href="https://www.amazon.com/dp/B0B9G9KJF6?tag=eloabder-20&linkCode=osi&th=1&psc=1">View Product</a></div><div class="product"><a href="https://www.amazon.com/dp/B096R4FZ3Z?tag=eloabder-20&linkCode=osi&th=1&psc=1"><img src="https://m.media-amazon.com/images/I/41Pa1hZoYaS._SL500_.jpg" alt="Product Image"></a><p>Komodo K-101 Advanced Fire Protection - Home Perimeter Shield - Next Generation All Season Fire Retardant - 5 Pound Bag</p><p>$195.00 ($2.44 / Ounce)</p><a href="https://www.amazon.com/dp/B096R4FZ3Z?tag=eloabder-20&linkCode=osi&th=1&psc=1">View Product</a></div>
<div class="product"><a href="https://www.amazon.com/dp/B019660RPG?tag=eloabder-20&linkCode=osi&th=1&psc=1"><img src="https://m.media-amazon.com/images/I/41wsMk2hIZL._SL500_.jpg" alt="Product Image"></a><p>Vashe Wound Solution OTC | Pure Hypochlorous Acid-Preserved Wound Cleanser | Home Wound Care | Non-Cytotoxic and Skin-Neutral pH | 8.5 Fl Oz</p><p>$23.99</p><a href="https://www.amazon.com/dp/B019660RPG?tag=eloabder-20&linkCode=osi&th=1&psc=1">View Product</a></div><div class="product"><a href="https://www.amazon.com/dp/B07KLFC2Y9?tag=eloabder-20&linkCode=osi&th=1&psc=1"><img src="https://m.media-amazon.com/images/I/41GocGphpRL._SL500_.jpg" alt="Product Image"></a><p>Bioesque Botanical Disinfectant Solution, Heavy Duty Broad-Spectrum Disinfectant, Kills 99.9% of Bacteria, Viruses*, Fungi, & Molds, 1 Gallon (Pack of 1)</p><p>$29.99 ($0.23 / FL Oz)</p><a href="https://www.amazon.com/dp/B07KLFC2Y9?tag=eloabder-20&linkCode=osi&th=1&psc=1">View Product</a></div><div class="product"><a href="https://www.amazon.com/dp/B01DBP3YTO?tag=eloabder-20&linkCode=osi&th=1&psc=1"><img src="https://m.media-amazon.com/images/I/31UXo0CedPL._SL500_.jpg" alt="Product Image"></a><p>iSonic - CSGJ01x2 CSGJ01-8OZx2 Ultrasonic Jewelry/Eye Wear Cleaning Solution Concentrate (Pack of 2)</p><p>$14.29 ($0.89 / Ounce)</p><a href="https://www.amazon.com/dp/B01DBP3YTO?tag=eloabder-20&linkCode=osi&th=1&psc=1">View Product</a></div><div class="product"><a href="https://www.amazon.com/dp/B002C2O5EQ?tag=eloabder-20&linkCode=osi&th=1&psc=1"><img src="https://m.media-amazon.com/images/I/412RaKelAmL._SL500_.jpg" alt="Product Image"></a><p>Betadine Antiseptic Liquid First Aid Solution, Povidone-iodine 10%, Infection Protection, Kills Germs In Minor Cuts Scrapes And Burns, No Sting Promise, No Alcohol or Hydrogen Peroxide, 8 FL OZ</p><p>$10.99 ($1.37 / Fl Oz)</p><a href="https://www.amazon.com/dp/B002C2O5EQ?tag=eloabder-20&linkCode=osi&th=1&psc=1">View Product</a></div><div class="product"><a href="https://www.amazon.com/dp/B0CN6F2GBN?tag=eloabder-20&linkCode=osi&th=1&psc=1"><img src="https://m.media-amazon.com/images/I/314BZ1QOH0L._SL500_.jpg" alt="Product Image"></a><p>Listerine Clinical Solutions Gum Health Antiseptic Mouthwash, Antigingivitis & Antiplaque Oral Rinse Helps Prevent Buildup & Immediately Kills Germs for Healthier Gums, Icy Mint, 1 L</p><p>$11.97 ($0.35 / Fl Oz)</p><a href="https://www.amazon.com/dp/B0CN6F2GBN?tag=eloabder-20&linkCode=osi&th=1&psc=1">View Product</a></div><div class="product"><a href="https://www.amazon.com/dp/B07HMHNHPZ?tag=eloabder-20&linkCode=osi&th=1&psc=1"><img src="https://m.media-amazon.com/images/I/31yVHZbeC1L._SL500_.jpg" alt="Product Image"></a><p>Stuart Pet Supply Co. Professional Strength Deep Clean (Gal.) 3X Carpet Cleaner Solution & Deodorizer, Concentrated Encapsulating Carpet Shampoo, Pet Odor & Dirty Carpet Cleaning Solution 128 fl oz.</p><p>$32.97 ($0.26 / Fl Oz)</p><a href="https://www.amazon.com/dp/B07HMHNHPZ?tag=eloabder-20&linkCode=osi&th=1&psc=1">View Product</a></div><div class="product"><a href="https://www.amazon.com/dp/B07N2X9ZPP?tag=eloabder-20&linkCode=osi&th=1&psc=1"><img src="https://m.media-amazon.com/images/I/41sdWXmDR1L._SL500_.jpg" alt="Product Image"></a><p>Calyptus Ultrasonic Jewelry Cleaner Solution Concentrate | Professional Power for Use in All Ultrasonic Machines | Plant-Based Eyeglass and Jewelry Cleaner | USA Made, 8 Ounces</p><p>$8.99 ($1.12 / Fl Oz)</p><a href="https://www.amazon.com/dp/B07N2X9ZPP?tag=eloabder-20&linkCode=osi&th=1&psc=1">View Product</a></div><div class="product"><a href="https://www.amazon.com/dp/B002S52WX8?tag=eloabder-20&linkCode=osi&th=1&psc=1"><img src="https://m.media-amazon.com/images/I/41+tl9gd+IL._SL500_.jpg" alt="Product Image"></a><p>Bissell 74R7 Pet Stain & Odor Portable Machine Formula, 32-Ounce, Fl Oz</p><p>$7.79 ($0.24 / Fl Oz)</p><a href="https://www.amazon.com/dp/B002S52WX8?tag=eloabder-20&linkCode=osi&th=1&psc=1">View Product</a></div><div class="product"><a href="https://www.amazon.com/dp/B002A615DS?tag=eloabder-20&linkCode=osi&th=1&psc=1"><img src="https://m.media-amazon.com/images/I/31u3+BIo8TL._SL500_.jpg" alt="Product Image"></a><p>PhysiciansCare Eye Wash Solution, Sterile Isotonic Buffered Solution for Flushing & Irrigating Eyes, 32-oz Bottle</p><p>$12.99</p><a href="https://www.amazon.com/dp/B002A615DS?tag=eloabder-20&linkCode=osi&th=1&psc=1">View Product</a></div>

<div class="product"><a href="https://www.amazon.com/dp/B007OCF0C0?tag=eloabder-20&linkCode=osi&th=1&psc=1"><img src="https://m.media-amazon.com/images/I/51zhgF0vIvL._SL500_.jpg" alt="Product Image"></a><p>Tru-Ray Construction Paper, 10 Vibrant Colors, 9" x 12", 50 Sheets</p><p>$5.59</p><a href="https://www.amazon.com/dp/B007OCF0C0?tag=eloabder-20&linkCode=osi&th=1&psc=1">View Product</a></div><div class="product"><a href="https://www.amazon.com/dp/B0BM27YSBB?tag=eloabder-20&linkCode=osi&th=1&psc=1"><img src="https://m.media-amazon.com/images/I/41j2z0sRK8L._SL500_.jpg" alt="Product Image"></a><p>Gorilla Heavy Duty Construction Adhesive, 7 Ounce Squeeze Tube, White, (Pack of 1)</p><p>$9.47 ($1.35 / Fl Oz)</p><a href="https://www.amazon.com/dp/B0BM27YSBB?tag=eloabder-20&linkCode=osi&th=1&psc=1">View Product</a></div>

<div class="product"><a href="https://www.amazon.com/dp/B0CKS5ZWSL?tag=eloabder-20&linkCode=osi&th=1&psc=1"><img src="https://m.media-amazon.com/images/I/41+W3m7P-OL._SL500_.jpg" alt="Product Image"></a><p>Pestie Home Barrier Pest Control Kit, Expert Pest Control for Your Home, Fast-Acting, Long-Lasting Insect Killer, Professional Spray Protects Against Common Pests</p><p>$59.99</p><a href="https://www.amazon.com/dp/B0CKS5ZWSL?tag=eloabder-20&linkCode=osi&th=1&psc=1">View Product</a></div><div class="product"><a href="https://www.amazon.com/dp/B0C4DL4NFR?tag=eloabder-20&linkCode=osi&th=1&psc=1"><img src="https://m.media-amazon.com/images/I/51E0GGgePmL._SL500_.jpg" alt="Product Image"></a><p>TAFFY'S Steel Wool for Mice Control - 1 Pack of 3"×15Ft Steel Wool, Gap Filter for House & Garage - Keep Mice Away from Holes, Siding, Pipeline, Vents in Garden, House, 5.29oz</p><p>$6.21</p><a href="https://www.amazon.com/dp/B0C4DL4NFR?tag=eloabder-20&linkCode=osi&th=1&psc=1">View Product</a></div>
<div class="product"><a href="https://www.amazon.com/dp/B004O7HM38?tag=eloabder-20&linkCode=osi&th=1&psc=1"><img src="https://m.media-amazon.com/images/I/51xQHaC+C6L._SL500_.jpg" alt="Product Image"></a><p>Bestine Solvent and Thinner for Rubber Cement – Cleans Ink, Adhesive and Parts, 16 Ounce Can</p><p>$20.73 ($20.73 / Count)</p><a href="https://www.amazon.com/dp/B004O7HM38?tag=eloabder-20&linkCode=osi&th=1&psc=1">View Product</a></div><div class="product"><a href="https://www.amazon.com/dp/B007QZ0CKK?tag=eloabder-20&linkCode=osi&th=1&psc=1"><img src="https://m.media-amazon.com/images/I/41vJCgRq7GL._SL500_.jpg" alt="Product Image"></a><p>C 22 Adhesive Solvent. Oil base 12 oz. spray glue wig cleaner</p><p>$19.80 ($1.65 / Fl Oz )</p><a href="https://www.amazon.com/dp/B007QZ0CKK?tag=eloabder-20&linkCode=osi&th=1&psc=1">View Product</a></div><div class="product"><a href="https://www.amazon.com/dp/B018Q169MM?tag=eloabder-20&linkCode=osi&th=1&psc=1"><img src="https://m.media-amazon.com/images/I/41cNPsqQnOL._SL500_.jpg" alt="Product Image"></a><p>Diversey-990222 Beer Clean Mineral Solvent, (0.5 Ounce, 100-Pack)</p><p>$33.90 ($0.34 / Count)</p><a href="https://www.amazon.com/dp/B018Q169MM?tag=eloabder-20&linkCode=osi&th=1&psc=1">View Product</a></div>


<div class="product"><a href="https://www.amazon.com/dp/B0B4DH2K9M?tag=eloabder-20&linkCode=osi&th=1&psc=1"><img src="https://m.media-amazon.com/images/I/41PjRlYpOIL._SL500_.jpg" alt="Product Image"></a><p>[100 Count] Clear Plastic Forks Heavy Duty, Premium Disposable Forks, Durable Plastic Cutlery for Parties, Picnics, Big Event, Daily Use - Heat Resistant & BPA Free</p><p>$6.99</p><a href="https://www.amazon.com/dp/B0B4DH2K9M?tag=eloabder-20&linkCode=osi&th=1&psc=1">View Product</a></div><div class="product"><a href="https://www.amazon.com/dp/B0BPM26K4W?tag=eloabder-20&linkCode=osi&th=1&psc=1"><img src="https://m.media-amazon.com/images/I/51lq2mIP7iL._SL500_.jpg" alt="Product Image"></a><p>360 Count Plastic Silver Ware Heavy Duty, 120 Forks, 120 Spoons, 120 Knives, Heat Resistant & BPA Free Disposable SilverWare, Disposable Cutlery set, Premium Clear Utencils for Party Supply</p><p>$19.99</p><a href="https://www.amazon.com/dp/B0BPM26K4W?tag=eloabder-20&linkCode=osi&th=1&psc=1">View Product</a></div><div class="product"><a href="https://www.amazon.com/dp/B0CZJ4G4L9?tag=eloabder-20&linkCode=osi&th=1&psc=1"><img src="https://m.media-amazon.com/images/I/41JhaO2sBzL._SL500_.jpg" alt="Product Image"></a><p>Dealusy 100 Count Clear Plastic Spoons Disposable, BPA-Free, Heat Resistant, Solid and Durable Disposable Spoons Heavy Duty Bulk, Premium Spoons plastic disposable for Party Supply</p><p>$6.99</p><a href="https://www.amazon.com/dp/B0CZJ4G4L9?tag=eloabder-20&linkCode=osi&th=1&psc=1">View Product</a></div><div class="product"><a href="https://www.amazon.com/dp/B085T6685R?tag=eloabder-20&linkCode=osi&th=1&psc=1"><img src="https://m.media-amazon.com/images/I/41RbX0YJ2PL._SL500_.jpg" alt="Product Image"></a><p>POSATE Heavy Weight Plastic Forks, Clear Disposable, 100 Count</p><p>$9.97</p><a href="https://www.amazon.com/dp/B085T6685R?tag=eloabder-20&linkCode=osi&th=1&psc=1">View Product</a></div><div class="product"><a href="https://www.amazon.com/dp/B0CBQFKXP2?tag=eloabder-20&linkCode=osi&th=1&psc=1"><img src="https://m.media-amazon.com/images/I/41VpEpWpC6L._SL500_.jpg" alt="Product Image"></a><p>Dealusy 360 Count Extra Heavy Duty Clear Plastic Forks Disposable, BPA-Free, Heat Resistant, Solid and Durable Disposable Forks Bulk, Premium Plastic Forks heavy duty for Party Supply</p><p>$19.99</p><a href="https://www.amazon.com/dp/B0CBQFKXP2?tag=eloabder-20&linkCode=osi&th=1&psc=1">View Product</a></div>
<div class="product"><a href="https://www.amazon.com/dp/B07QJ1Y527?tag=eloabder-20&linkCode=osi&th=1&psc=1"><img src="https://m.media-amazon.com/images/I/41EKsAkAC9L._SL500_.jpg" alt="Product Image"></a><p>YESWELDER True Color Solar Powered Auto Darkening Welding Helmet, Wide Shade 4/9-13 for TIG MIG ARC Weld Hood Helmet</p><p>$39.99</p><a href="https://www.amazon.com/dp/B07QJ1Y527?tag=eloabder-20&linkCode=osi&th=1&psc=1">View Product</a></div>


<div class="product"><a href="https://www.amazon.com/dp/B0B9G9KJF6?tag=eloabder-20&linkCode=osi&th=1&psc=1"><img src="https://m.media-amazon.com/images/I/41kHyu3KoNL._SL500_.jpg" alt="Product Image"></a><p>[Breath Towel] Anti-Fire Smoke Mask, Dust and Smoke Protection, Disaster Safety Supplies, Firefighting Equipment</p><p>$11.99</p><a href="https://www.amazon.com/dp/B0B9G9KJF6?tag=eloabder-20&linkCode=osi&th=1&psc=1">View Product</a></div><div class="product"><a href="https://www.amazon.com/dp/B096R4FZ3Z?tag=eloabder-20&linkCode=osi&th=1&psc=1"><img src="https://m.media-amazon.com/images/I/41Pa1hZoYaS._SL500_.jpg" alt="Product Image"></a><p>Komodo K-101 Advanced Fire Protection - Home Perimeter Shield - Next Generation All Season Fire Retardant - 5 Pound Bag</p><p>$195.00 ($2.44 / Ounce)</p><a href="https://www.amazon.com/dp/B096R4FZ3Z?tag=eloabder-20&linkCode=osi&th=1&psc=1">View Product</a></div>
<div class="product"><a href="https://www.amazon.com/dp/B019660RPG?tag=eloabder-20&linkCode=osi&th=1&psc=1"><img src="https://m.media-amazon.com/images/I/41wsMk2hIZL._SL500_.jpg" alt="Product Image"></a><p>Vashe Wound Solution OTC | Pure Hypochlorous Acid-Preserved Wound Cleanser | Home Wound Care | Non-Cytotoxic and Skin-Neutral pH | 8.5 Fl Oz</p><p>$23.99</p><a href="https://www.amazon.com/dp/B019660RPG?tag=eloabder-20&linkCode=osi&th=1&psc=1">View Product</a></div><div class="product"><a href="https://www.amazon.com/dp/B07KLFC2Y9?tag=eloabder-20&linkCode=osi&th=1&psc=1"><img src="https://m.media-amazon.com/images/I/41GocGphpRL._SL500_.jpg" alt="Product Image"></a><p>Bioesque Botanical Disinfectant Solution, Heavy Duty Broad-Spectrum Disinfectant, Kills 99.9% of Bacteria, Viruses*, Fungi, & Molds, 1 Gallon (Pack of 1)</p><p>$29.99 ($0.23 / FL Oz)</p><a href="https://www.amazon.com/dp/B07KLFC2Y9?tag=eloabder-20&linkCode=osi&th=1&psc=1">View Product</a></div><div class="product"><a href="https://www.amazon.com/dp/B01DBP3YTO?tag=eloabder-20&linkCode=osi&th=1&psc=1"><img src="https://m.media-amazon.com/images/I/31UXo0CedPL._SL500_.jpg" alt="Product Image"></a><p>iSonic - CSGJ01x2 CSGJ01-8OZx2 Ultrasonic Jewelry/Eye Wear Cleaning Solution Concentrate (Pack of 2)</p><p>$14.29 ($0.89 / Ounce)</p><a href="https://www.amazon.com/dp/B01DBP3YTO?tag=eloabder-20&linkCode=osi&th=1&psc=1">View Product</a></div><div class="product"><a href="https://www.amazon.com/dp/B002C2O5EQ?tag=eloabder-20&linkCode=osi&th=1&psc=1"><img src="https://m.media-amazon.com/images/I/412RaKelAmL._SL500_.jpg" alt="Product Image"></a><p>Betadine Antiseptic Liquid First Aid Solution, Povidone-iodine 10%, Infection Protection, Kills Germs In Minor Cuts Scrapes And Burns, No Sting Promise, No Alcohol or Hydrogen Peroxide, 8 FL OZ</p><p>$10.99 ($1.37 / Fl Oz)</p><a href="https://www.amazon.com/dp/B002C2O5EQ?tag=eloabder-20&linkCode=osi&th=1&psc=1">View Product</a></div><div class="product"><a href="https://www.amazon.com/dp/B0CN6F2GBN?tag=eloabder-20&linkCode=osi&th=1&psc=1"><img src="https://m.media-amazon.com/images/I/314BZ1QOH0L._SL500_.jpg" alt="Product Image"></a><p>Listerine Clinical Solutions Gum Health Antiseptic Mouthwash, Antigingivitis & Antiplaque Oral Rinse Helps Prevent Buildup & Immediately Kills Germs for Healthier Gums, Icy Mint, 1 L</p><p>$11.97 ($0.35 / Fl Oz)</p><a href="https://www.amazon.com/dp/B0CN6F2GBN?tag=eloabder-20&linkCode=osi&th=1&psc=1">View Product</a></div><div class="product"><a href="https://www.amazon.com/dp/B07HMHNHPZ?tag=eloabder-20&linkCode=osi&th=1&psc=1"><img src="https://m.media-amazon.com/images/I/31yVHZbeC1L._SL500_.jpg" alt="Product Image"></a><p>Stuart Pet Supply Co. Professional Strength Deep Clean (Gal.) 3X Carpet Cleaner Solution & Deodorizer, Concentrated Encapsulating Carpet Shampoo, Pet Odor & Dirty Carpet Cleaning Solution 128 fl oz.</p><p>$32.97 ($0.26 / Fl Oz)</p><a href="https://www.amazon.com/dp/B07HMHNHPZ?tag=eloabder-20&linkCode=osi&th=1&psc=1">View Product</a></div><div class="product"><a href="https://www.amazon.com/dp/B07N2X9ZPP?tag=eloabder-20&linkCode=osi&th=1&psc=1"><img src="https://m.media-amazon.com/images/I/41sdWXmDR1L._SL500_.jpg" alt="Product Image"></a><p>Calyptus Ultrasonic Jewelry Cleaner Solution Concentrate | Professional Power for Use in All Ultrasonic Machines | Plant-Based Eyeglass and Jewelry Cleaner | USA Made, 8 Ounces</p><p>$8.99 ($1.12 / Fl Oz)</p><a href="https://www.amazon.com/dp/B07N2X9ZPP?tag=eloabder-20&linkCode=osi&th=1&psc=1">View Product</a></div><div class="product"><a href="https://www.amazon.com/dp/B002S52WX8?tag=eloabder-20&linkCode=osi&th=1&psc=1"><img src="https://m.media-amazon.com/images/I/41+tl9gd+IL._SL500_.jpg" alt="Product Image"></a><p>Bissell 74R7 Pet Stain & Odor Portable Machine Formula, 32-Ounce, Fl Oz</p><p>$7.79 ($0.24 / Fl Oz)</p><a href="https://www.amazon.com/dp/B002S52WX8?tag=eloabder-20&linkCode=osi&th=1&psc=1">View Product</a></div><div class="product"><a href="https://www.amazon.com/dp/B002A615DS?tag=eloabder-20&linkCode=osi&th=1&psc=1"><img src="https://m.media-amazon.com/images/I/31u3+BIo8TL._SL500_.jpg" alt="Product Image"></a><p>PhysiciansCare Eye Wash Solution, Sterile Isotonic Buffered Solution for Flushing & Irrigating Eyes, 32-oz Bottle</p><p>$12.99</p><a href="https://www.amazon.com/dp/B002A615DS?tag=eloabder-20&linkCode=osi&th=1&psc=1">View Product</a></div>

<div class="product"><a href="https://www.amazon.com/dp/B007OCF0C0?tag=eloabder-20&linkCode=osi&th=1&psc=1"><img src="https://m.media-amazon.com/images/I/51zhgF0vIvL._SL500_.jpg" alt="Product Image"></a><p>Tru-Ray Construction Paper, 10 Vibrant Colors, 9" x 12", 50 Sheets</p><p>$5.59</p><a href="https://www.amazon.com/dp/B007OCF0C0?tag=eloabder-20&linkCode=osi&th=1&psc=1">View Product</a></div><div class="product"><a href="https://www.amazon.com/dp/B0BM27YSBB?tag=eloabder-20&linkCode=osi&th=1&psc=1"><img src="https://m.media-amazon.com/images/I/41j2z0sRK8L._SL500_.jpg" alt="Product Image"></a><p>Gorilla Heavy Duty Construction Adhesive, 7 Ounce Squeeze Tube, White, (Pack of 1)</p><p>$9.47 ($1.35 / Fl Oz)</p><a href="https://www.amazon.com/dp/B0BM27YSBB?tag=eloabder-20&linkCode=osi&th=1&psc=1">View Product</a></div>

<div class="product"><a href="https://www.amazon.com/dp/B0CKS5ZWSL?tag=eloabder-20&linkCode=osi&th=1&psc=1"><img src="https://m.media-amazon.com/images/I/41+W3m7P-OL._SL500_.jpg" alt="Product Image"></a><p>Pestie Home Barrier Pest Control Kit, Expert Pest Control for Your Home, Fast-Acting, Long-Lasting Insect Killer, Professional Spray Protects Against Common Pests</p><p>$59.99</p><a href="https://www.amazon.com/dp/B0CKS5ZWSL?tag=eloabder-20&linkCode=osi&th=1&psc=1">View Product</a></div><div class="product"><a href="https://www.amazon.com/dp/B0C4DL4NFR?tag=eloabder-20&linkCode=osi&th=1&psc=1"><img src="https://m.media-amazon.com/images/I/51E0GGgePmL._SL500_.jpg" alt="Product Image"></a><p>TAFFY'S Steel Wool for Mice Control - 1 Pack of 3"×15Ft Steel Wool, Gap Filter for House & Garage - Keep Mice Away from Holes, Siding, Pipeline, Vents in Garden, House, 5.29oz</p><p>$6.21</p><a href="https://www.amazon.com/dp/B0C4DL4NFR?tag=eloabder-20&linkCode=osi&th=1&psc=1">View Product</a></div>
<div class="product"><a href="https://www.amazon.com/dp/B004O7HM38?tag=eloabder-20&linkCode=osi&th=1&psc=1"><img src="https://m.media-amazon.com/images/I/51xQHaC+C6L._SL500_.jpg" alt="Product Image"></a><p>Bestine Solvent and Thinner for Rubber Cement – Cleans Ink, Adhesive and Parts, 16 Ounce Can</p><p>$20.73 ($20.73 / Count)</p><a href="https://www.amazon.com/dp/B004O7HM38?tag=eloabder-20&linkCode=osi&th=1&psc=1">View Product</a></div><div class="product"><a href="https://www.amazon.com/dp/B007QZ0CKK?tag=eloabder-20&linkCode=osi&th=1&psc=1"><img src="https://m.media-amazon.com/images/I/41vJCgRq7GL._SL500_.jpg" alt="Product Image"></a><p>C 22 Adhesive Solvent. Oil base 12 oz. spray glue wig cleaner</p><p>$19.80 ($1.65 / Fl Oz )</p><a href="https://www.amazon.com/dp/B007QZ0CKK?tag=eloabder-20&linkCode=osi&th=1&psc=1">View Product</a></div><div class="product"><a href="https://www.amazon.com/dp/B018Q169MM?tag=eloabder-20&linkCode=osi&th=1&psc=1"><img src="https://m.media-amazon.com/images/I/41cNPsqQnOL._SL500_.jpg" alt="Product Image"></a><p>Diversey-990222 Beer Clean Mineral Solvent, (0.5 Ounce, 100-Pack)</p><p>$33.90 ($0.34 / Count)</p><a href="https://www.amazon.com/dp/B018Q169MM?tag=eloabder-20&linkCode=osi&th=1&psc=1">View Product</a></div>

<div class="product"><a href="https://www.amazon.com/dp/B08FM67ZCK?tag=eloabder-20&linkCode=osi&th=1&psc=1"><img src="https://m.media-amazon.com/images/I/41Hlpw7evvL._SL500_.jpg" alt="Product Image"></a><p>Banded Earplugs for Shooting Range Band Ear Plugs Lightweight Silicone Earplugs for Hearing Protection, Noise Reduction, Work, Construction, Sleeping, Concerts, Motor Sports Racing (4 Pieces)</p><p>$5.26 ($1.32 / Count)</p><a href="https://www.amazon.com/dp/B08FM67ZCK?tag=eloabder-20&linkCode=osi&th=1&psc=1">View Product</a></div><div class="product"><a href="https://www.amazon.com/dp/B000DZF7T6?tag=eloabder-20&linkCode=osi&th=1&psc=1"><img src="https://m.media-amazon.com/images/I/415SapNl3yL._SL500_.jpg" alt="Product Image"></a><p>Peltor Sport Tri-Flange Corded Reusable Earplugs, 3 Pair, Noise Reduction Rating (NRR) 26 dB, Comfortable Fit, Ideal For Range, Shooting & Hunting, Washable and Corded, Neon Yellow (97317-10C)</p><p>$9.56 ($3.19 / Count)</p><a href="https://www.amazon.com/dp/B000DZF7T6?tag=eloabder-20&linkCode=osi&th=1&psc=1">View Product</a></div>

<div class="product"><a href="https://www.amazon.com/dp/B0B4DH2K9M?tag=eloabder-20&linkCode=osi&th=1&psc=1"><img src="https://m.media-amazon.com/images/I/41PjRlYpOIL._SL500_.jpg" alt="Product Image"></a><p>[100 Count] Clear Plastic Forks Heavy Duty, Premium Disposable Forks, Durable Plastic Cutlery for Parties, Picnics, Big Event, Daily Use - Heat Resistant & BPA Free</p><p>$6.99</p><a href="https://www.amazon.com/dp/B0B4DH2K9M?tag=eloabder-20&linkCode=osi&th=1&psc=1">View Product</a></div><div class="product"><a href="https://www.amazon.com/dp/B0BPM26K4W?tag=eloabder-20&linkCode=osi&th=1&psc=1"><img src="https://m.media-amazon.com/images/I/51lq2mIP7iL._SL500_.jpg" alt="Product Image"></a><p>360 Count Plastic Silver Ware Heavy Duty, 120 Forks, 120 Spoons, 120 Knives, Heat Resistant & BPA Free Disposable SilverWare, Disposable Cutlery set, Premium Clear Utencils for Party Supply</p><p>$19.99</p><a href="https://www.amazon.com/dp/B0BPM26K4W?tag=eloabder-20&linkCode=osi&th=1&psc=1">View Product</a></div><div class="product"><a href="https://www.amazon.com/dp/B0CZJ4G4L9?tag=eloabder-20&linkCode=osi&th=1&psc=1"><img src="https://m.media-amazon.com/images/I/41JhaO2sBzL._SL500_.jpg" alt="Product Image"></a><p>Dealusy 100 Count Clear Plastic Spoons Disposable, BPA-Free, Heat Resistant, Solid and Durable Disposable Spoons Heavy Duty Bulk, Premium Spoons plastic disposable for Party Supply</p><p>$6.99</p><a href="https://www.amazon.com/dp/B0CZJ4G4L9?tag=eloabder-20&linkCode=osi&th=1&psc=1">View Product</a></div><div class="product"><a href="https://www.amazon.com/dp/B085T6685R?tag=eloabder-20&linkCode=osi&th=1&psc=1"><img src="https://m.media-amazon.com/images/I/41RbX0YJ2PL._SL500_.jpg" alt="Product Image"></a><p>POSATE Heavy Weight Plastic Forks, Clear Disposable, 100 Count</p><p>$9.97</p><a href="https://www.amazon.com/dp/B085T6685R?tag=eloabder-20&linkCode=osi&th=1&psc=1">View Product</a></div><div class="product"><a href="https://www.amazon.com/dp/B0CBQFKXP2?tag=eloabder-20&linkCode=osi&th=1&psc=1"><img src="https://m.media-amazon.com/images/I/41VpEpWpC6L._SL500_.jpg" alt="Product Image"></a><p>Dealusy 360 Count Extra Heavy Duty Clear Plastic Forks Disposable, BPA-Free, Heat Resistant, Solid and Durable Disposable Forks Bulk, Premium Plastic Forks heavy duty for Party Supply</p><p>$19.99</p><a href="https://www.amazon.com/dp/B0CBQFKXP2?tag=eloabder-20&linkCode=osi&th=1&psc=1">View Product</a></div>
<div class="product"><a href="https://www.amazon.com/dp/B07QJ1Y527?tag=eloabder-20&linkCode=osi&th=1&psc=1"><img src="https://m.media-amazon.com/images/I/41EKsAkAC9L._SL500_.jpg" alt="Product Image"></a><p>YESWELDER True Color Solar Powered Auto Darkening Welding Helmet, Wide Shade 4/9-13 for TIG MIG ARC Weld Hood Helmet</p><p>$39.99</p><a href="https://www.amazon.com/dp/B07QJ1Y527?tag=eloabder-20&linkCode=osi&th=1&psc=1">View Product</a></div>


<div class="product"><a href="https://www.amazon.com/dp/B0B9G9KJF6?tag=eloabder-20&linkCode=osi&th=1&psc=1"><img src="https://m.media-amazon.com/images/I/41kHyu3KoNL._SL500_.jpg" alt="Product Image"></a><p>[Breath Towel] Anti-Fire Smoke Mask, Dust and Smoke Protection, Disaster Safety Supplies, Firefighting Equipment</p><p>$11.99</p><a href="https://www.amazon.com/dp/B0B9G9KJF6?tag=eloabder-20&linkCode=osi&th=1&psc=1">View Product</a></div><div class="product"><a href="https://www.amazon.com/dp/B096R4FZ3Z?tag=eloabder-20&linkCode=osi&th=1&psc=1"><img src="https://m.media-amazon.com/images/I/41Pa1hZoYaS._SL500_.jpg" alt="Product Image"></a><p>Komodo K-101 Advanced Fire Protection - Home Perimeter Shield - Next Generation All Season Fire Retardant - 5 Pound Bag</p><p>$195.00 ($2.44 / Ounce)</p><a href="https://www.amazon.com/dp/B096R4FZ3Z?tag=eloabder-20&linkCode=osi&th=1&psc=1">View Product</a></div>
<div class="product"><a href="https://www.amazon.com/dp/B019660RPG?tag=eloabder-20&linkCode=osi&th=1&psc=1"><img src="https://m.media-amazon.com/images/I/41wsMk2hIZL._SL500_.jpg" alt="Product Image"></a><p>Vashe Wound Solution OTC | Pure Hypochlorous Acid-Preserved Wound Cleanser | Home Wound Care | Non-Cytotoxic and Skin-Neutral pH | 8.5 Fl Oz</p><p>$23.99</p><a href="https://www.amazon.com/dp/B019660RPG?tag=eloabder-20&linkCode=osi&th=1&psc=1">View Product</a></div><div class="product"><a href="https://www.amazon.com/dp/B07KLFC2Y9?tag=eloabder-20&linkCode=osi&th=1&psc=1"><img src="https://m.media-amazon.com/images/I/41GocGphpRL._SL500_.jpg" alt="Product Image"></a><p>Bioesque Botanical Disinfectant Solution, Heavy Duty Broad-Spectrum Disinfectant, Kills 99.9% of Bacteria, Viruses*, Fungi, & Molds, 1 Gallon (Pack of 1)</p><p>$29.99 ($0.23 / FL Oz)</p><a href="https://www.amazon.com/dp/B07KLFC2Y9?tag=eloabder-20&linkCode=osi&th=1&psc=1">View Product</a></div><div class="product"><a href="https://www.amazon.com/dp/B01DBP3YTO?tag=eloabder-20&linkCode=osi&th=1&psc=1"><img src="https://m.media-amazon.com/images/I/31UXo0CedPL._SL500_.jpg" alt="Product Image"></a><p>iSonic - CSGJ01x2 CSGJ01-8OZx2 Ultrasonic Jewelry/Eye Wear Cleaning Solution Concentrate (Pack of 2)</p><p>$14.29 ($0.89 / Ounce)</p><a href="https://www.amazon.com/dp/B01DBP3YTO?tag=eloabder-20&linkCode=osi&th=1&psc=1">View Product</a></div><div class="product"><a href="https://www.amazon.com/dp/B002C2O5EQ?tag=eloabder-20&linkCode=osi&th=1&psc=1"><img src="https://m.media-amazon.com/images/I/412RaKelAmL._SL500_.jpg" alt="Product Image"></a><p>Betadine Antiseptic Liquid First Aid Solution, Povidone-iodine 10%, Infection Protection, Kills Germs In Minor Cuts Scrapes And Burns, No Sting Promise, No Alcohol or Hydrogen Peroxide, 8 FL OZ</p><p>$10.99 ($1.37 / Fl Oz)</p><a href="https://www.amazon.com/dp/B002C2O5EQ?tag=eloabder-20&linkCode=osi&th=1&psc=1">View Product</a></div><div class="product"><a href="https://www.amazon.com/dp/B0CN6F2GBN?tag=eloabder-20&linkCode=osi&th=1&psc=1"><img src="https://m.media-amazon.com/images/I/314BZ1QOH0L._SL500_.jpg" alt="Product Image"></a><p>Listerine Clinical Solutions Gum Health Antiseptic Mouthwash, Antigingivitis & Antiplaque Oral Rinse Helps Prevent Buildup & Immediately Kills Germs for Healthier Gums, Icy Mint, 1 L</p><p>$11.97 ($0.35 / Fl Oz)</p><a href="https://www.amazon.com/dp/B0CN6F2GBN?tag=eloabder-20&linkCode=osi&th=1&psc=1">View Product</a></div><div class="product"><a href="https://www.amazon.com/dp/B07HMHNHPZ?tag=eloabder-20&linkCode=osi&th=1&psc=1"><img src="https://m.media-amazon.com/images/I/31yVHZbeC1L._SL500_.jpg" alt="Product Image"></a><p>Stuart Pet Supply Co. Professional Strength Deep Clean (Gal.) 3X Carpet Cleaner Solution & Deodorizer, Concentrated Encapsulating Carpet Shampoo, Pet Odor & Dirty Carpet Cleaning Solution 128 fl oz.</p><p>$32.97 ($0.26 / Fl Oz)</p><a href="https://www.amazon.com/dp/B07HMHNHPZ?tag=eloabder-20&linkCode=osi&th=1&psc=1">View Product</a></div><div class="product"><a href="https://www.amazon.com/dp/B07N2X9ZPP?tag=eloabder-20&linkCode=osi&th=1&psc=1"><img src="https://m.media-amazon.com/images/I/41sdWXmDR1L._SL500_.jpg" alt="Product Image"></a><p>Calyptus Ultrasonic Jewelry Cleaner Solution Concentrate | Professional Power for Use in All Ultrasonic Machines | Plant-Based Eyeglass and Jewelry Cleaner | USA Made, 8 Ounces</p><p>$8.99 ($1.12 / Fl Oz)</p><a href="https://www.amazon.com/dp/B07N2X9ZPP?tag=eloabder-20&linkCode=osi&th=1&psc=1">View Product</a></div><div class="product"><a href="https://www.amazon.com/dp/B002S52WX8?tag=eloabder-20&linkCode=osi&th=1&psc=1"><img src="https://m.media-amazon.com/images/I/41+tl9gd+IL._SL500_.jpg" alt="Product Image"></a><p>Bissell 74R7 Pet Stain & Odor Portable Machine Formula, 32-Ounce, Fl Oz</p><p>$7.79 ($0.24 / Fl Oz)</p><a href="https://www.amazon.com/dp/B002S52WX8?tag=eloabder-20&linkCode=osi&th=1&psc=1">View Product</a></div><div class="product"><a href="https://www.amazon.com/dp/B002A615DS?tag=eloabder-20&linkCode=osi&th=1&psc=1"><img src="https://m.media-amazon.com/images/I/31u3+BIo8TL._SL500_.jpg" alt="Product Image"></a><p>PhysiciansCare Eye Wash Solution, Sterile Isotonic Buffered Solution for Flushing & Irrigating Eyes, 32-oz Bottle</p><p>$12.99</p><a href="https://www.amazon.com/dp/B002A615DS?tag=eloabder-20&linkCode=osi&th=1&psc=1">View Product</a></div>

<div class="product"><a href="https://www.amazon.com/dp/B007OCF0C0?tag=eloabder-20&linkCode=osi&th=1&psc=1"><img src="https://m.media-amazon.com/images/I/51zhgF0vIvL._SL500_.jpg" alt="Product Image"></a><p>Tru-Ray Construction Paper, 10 Vibrant Colors, 9" x 12", 50 Sheets</p><p>$5.59</p><a href="https://www.amazon.com/dp/B007OCF0C0?tag=eloabder-20&linkCode=osi&th=1&psc=1">View Product</a></div><div class="product"><a href="https://www.amazon.com/dp/B0BM27YSBB?tag=eloabder-20&linkCode=osi&th=1&psc=1"><img src="https://m.media-amazon.com/images/I/41j2z0sRK8L._SL500_.jpg" alt="Product Image"></a><p>Gorilla Heavy Duty Construction Adhesive, 7 Ounce Squeeze Tube, White, (Pack of 1)</p><p>$9.47 ($1.35 / Fl Oz)</p><a href="https://www.amazon.com/dp/B0BM27YSBB?tag=eloabder-20&linkCode=osi&th=1&psc=1">View Product</a></div>

<div class="product"><a href="https://www.amazon.com/dp/B0CKS5ZWSL?tag=eloabder-20&linkCode=osi&th=1&psc=1"><img src="https://m.media-amazon.com/images/I/41+W3m7P-OL._SL500_.jpg" alt="Product Image"></a><p>Pestie Home Barrier Pest Control Kit, Expert Pest Control for Your Home, Fast-Acting, Long-Lasting Insect Killer, Professional Spray Protects Against Common Pests</p><p>$59.99</p><a href="https://www.amazon.com/dp/B0CKS5ZWSL?tag=eloabder-20&linkCode=osi&th=1&psc=1">View Product</a></div><div class="product"><a href="https://www.amazon.com/dp/B0C4DL4NFR?tag=eloabder-20&linkCode=osi&th=1&psc=1"><img src="https://m.media-amazon.com/images/I/51E0GGgePmL._SL500_.jpg" alt="Product Image"></a><p>TAFFY'S Steel Wool for Mice Control - 1 Pack of 3"×15Ft Steel Wool, Gap Filter for House & Garage - Keep Mice Away from Holes, Siding, Pipeline, Vents in Garden, House, 5.29oz</p><p>$6.21</p><a href="https://www.amazon.com/dp/B0C4DL4NFR?tag=eloabder-20&linkCode=osi&th=1&psc=1">View Product</a></div>
<div class="product"><a href="https://www.amazon.com/dp/B004O7HM38?tag=eloabder-20&linkCode=osi&th=1&psc=1"><img src="https://m.media-amazon.com/images/I/51xQHaC+C6L._SL500_.jpg" alt="Product Image"></a><p>Bestine Solvent and Thinner for Rubber Cement – Cleans Ink, Adhesive and Parts, 16 Ounce Can</p><p>$20.73 ($20.73 / Count)</p><a href="https://www.amazon.com/dp/B004O7HM38?tag=eloabder-20&linkCode=osi&th=1&psc=1">View Product</a></div><div class="product"><a href="https://www.amazon.com/dp/B007QZ0CKK?tag=eloabder-20&linkCode=osi&th=1&psc=1"><img src="https://m.media-amazon.com/images/I/41vJCgRq7GL._SL500_.jpg" alt="Product Image"></a><p>C 22 Adhesive Solvent. Oil base 12 oz. spray glue wig cleaner</p><p>$19.80 ($1.65 / Fl Oz )</p><a href="https://www.amazon.com/dp/B007QZ0CKK?tag=eloabder-20&linkCode=osi&th=1&psc=1">View Product</a></div><div class="product"><a href="https://www.amazon.com/dp/B018Q169MM?tag=eloabder-20&linkCode=osi&th=1&psc=1"><img src="https://m.media-amazon.com/images/I/41cNPsqQnOL._SL500_.jpg" alt="Product Image"></a><p>Diversey-990222 Beer Clean Mineral Solvent, (0.5 Ounce, 100-Pack)</p><p>$33.90 ($0.34 / Count)</p><a href="https://www.amazon.com/dp/B018Q169MM?tag=eloabder-20&linkCode=osi&th=1&psc=1">View Product</a></div>

<div class="product"><a href="https://www.amazon.com/dp/B08FM67ZCK?tag=eloabder-20&linkCode=osi&th=1&psc=1"><img src="https://m.media-amazon.com/images/I/41Hlpw7evvL._SL500_.jpg" alt="Product Image"></a><p>Banded Earplugs for Shooting Range Band Ear Plugs Lightweight Silicone Earplugs for Hearing Protection, Noise Reduction, Work, Construction, Sleeping, Concerts, Motor Sports Racing (4 Pieces)</p><p>$5.26 ($1.32 / Count)</p><a href="https://www.amazon.com/dp/B08FM67ZCK?tag=eloabder-20&linkCode=osi&th=1&psc=1">View Product</a></div><div class="product"><a href="https://www.amazon.com/dp/B000DZF7T6?tag=eloabder-20&linkCode=osi&th=1&psc=1"><img src="https://m.media-amazon.com/images/I/415SapNl3yL._SL500_.jpg" alt="Product Image"></a><p>Peltor Sport Tri-Flange Corded Reusable Earplugs, 3 Pair, Noise Reduction Rating (NRR) 26 dB, Comfortable Fit, Ideal For Range, Shooting & Hunting, Washable and Corded, Neon Yellow (97317-10C)</p><p>$9.56 ($3.19 / Count)</p><a href="https://www.amazon.com/dp/B000DZF7T6?tag=eloabder-20&linkCode=osi&th=1&psc=1">View Product</a></div>


<div class="product"><a href="https://www.amazon.com/dp/B0B4DH2K9M?tag=eloabder-20&linkCode=osi&th=1&psc=1"><img src="https://m.media-amazon.com/images/I/41PjRlYpOIL._SL500_.jpg" alt="Product Image"></a><p>[100 Count] Clear Plastic Forks Heavy Duty, Premium Disposable Forks, Durable Plastic Cutlery for Parties, Picnics, Big Event, Daily Use - Heat Resistant & BPA Free</p><p>$6.99</p><a href="https://www.amazon.com/dp/B0B4DH2K9M?tag=eloabder-20&linkCode=osi&th=1&psc=1">View Product</a></div><div class="product"><a href="https://www.amazon.com/dp/B0BPM26K4W?tag=eloabder-20&linkCode=osi&th=1&psc=1"><img src="https://m.media-amazon.com/images/I/51lq2mIP7iL._SL500_.jpg" alt="Product Image"></a><p>360 Count Plastic Silver Ware Heavy Duty, 120 Forks, 120 Spoons, 120 Knives, Heat Resistant & BPA Free Disposable SilverWare, Disposable Cutlery set, Premium Clear Utencils for Party Supply</p><p>$19.99</p><a href="https://www.amazon.com/dp/B0BPM26K4W?tag=eloabder-20&linkCode=osi&th=1&psc=1">View Product</a></div><div class="product"><a href="https://www.amazon.com/dp/B0CZJ4G4L9?tag=eloabder-20&linkCode=osi&th=1&psc=1"><img src="https://m.media-amazon.com/images/I/41JhaO2sBzL._SL500_.jpg" alt="Product Image"></a><p>Dealusy 100 Count Clear Plastic Spoons Disposable, BPA-Free, Heat Resistant, Solid and Durable Disposable Spoons Heavy Duty Bulk, Premium Spoons plastic disposable for Party Supply</p><p>$6.99</p><a href="https://www.amazon.com/dp/B0CZJ4G4L9?tag=eloabder-20&linkCode=osi&th=1&psc=1">View Product</a></div><div class="product"><a href="https://www.amazon.com/dp/B085T6685R?tag=eloabder-20&linkCode=osi&th=1&psc=1"><img src="https://m.media-amazon.com/images/I/41RbX0YJ2PL._SL500_.jpg" alt="Product Image"></a><p>POSATE Heavy Weight Plastic Forks, Clear Disposable, 100 Count</p><p>$9.97</p><a href="https://www.amazon.com/dp/B085T6685R?tag=eloabder-20&linkCode=osi&th=1&psc=1">View Product</a></div><div class="product"><a href="https://www.amazon.com/dp/B0CBQFKXP2?tag=eloabder-20&linkCode=osi&th=1&psc=1"><img src="https://m.media-amazon.com/images/I/41VpEpWpC6L._SL500_.jpg" alt="Product Image"></a><p>Dealusy 360 Count Extra Heavy Duty Clear Plastic Forks Disposable, BPA-Free, Heat Resistant, Solid and Durable Disposable Forks Bulk, Premium Plastic Forks heavy duty for Party Supply</p><p>$19.99</p><a href="https://www.amazon.com/dp/B0CBQFKXP2?tag=eloabder-20&linkCode=osi&th=1&psc=1">View Product</a></div>
<div class="product"><a href="https://www.amazon.com/dp/B07QJ1Y527?tag=eloabder-20&linkCode=osi&th=1&psc=1"><img src="https://m.media-amazon.com/images/I/41EKsAkAC9L._SL500_.jpg" alt="Product Image"></a><p>YESWELDER True Color Solar Powered Auto Darkening Welding Helmet, Wide Shade 4/9-13 for TIG MIG ARC Weld Hood Helmet</p><p>$39.99</p><a href="https://www.amazon.com/dp/B07QJ1Y527?tag=eloabder-20&linkCode=osi&th=1&psc=1">View Product</a></div>


<div class="product"><a href="https://www.amazon.com/dp/B0B9G9KJF6?tag=eloabder-20&linkCode=osi&th=1&psc=1"><img src="https://m.media-amazon.com/images/I/41kHyu3KoNL._SL500_.jpg" alt="Product Image"></a><p>[Breath Towel] Anti-Fire Smoke Mask, Dust and Smoke Protection, Disaster Safety Supplies, Firefighting Equipment</p><p>$11.99</p><a href="https://www.amazon.com/dp/B0B9G9KJF6?tag=eloabder-20&linkCode=osi&th=1&psc=1">View Product</a></div><div class="product"><a href="https://www.amazon.com/dp/B096R4FZ3Z?tag=eloabder-20&linkCode=osi&th=1&psc=1"><img src="https://m.media-amazon.com/images/I/41Pa1hZoYaS._SL500_.jpg" alt="Product Image"></a><p>Komodo K-101 Advanced Fire Protection - Home Perimeter Shield - Next Generation All Season Fire Retardant - 5 Pound Bag</p><p>$195.00 ($2.44 / Ounce)</p><a href="https://www.amazon.com/dp/B096R4FZ3Z?tag=eloabder-20&linkCode=osi&th=1&psc=1">View Product</a></div>
<div class="product"><a href="https://www.amazon.com/dp/B019660RPG?tag=eloabder-20&linkCode=osi&th=1&psc=1"><img src="https://m.media-amazon.com/images/I/41wsMk2hIZL._SL500_.jpg" alt="Product Image"></a><p>Vashe Wound Solution OTC | Pure Hypochlorous Acid-Preserved Wound Cleanser | Home Wound Care | Non-Cytotoxic and Skin-Neutral pH | 8.5 Fl Oz</p><p>$23.99</p><a href="https://www.amazon.com/dp/B019660RPG?tag=eloabder-20&linkCode=osi&th=1&psc=1">View Product</a></div><div class="product"><a href="https://www.amazon.com/dp/B07KLFC2Y9?tag=eloabder-20&linkCode=osi&th=1&psc=1"><img src="https://m.media-amazon.com/images/I/41GocGphpRL._SL500_.jpg" alt="Product Image"></a><p>Bioesque Botanical Disinfectant Solution, Heavy Duty Broad-Spectrum Disinfectant, Kills 99.9% of Bacteria, Viruses*, Fungi, & Molds, 1 Gallon (Pack of 1)</p><p>$29.99 ($0.23 / FL Oz)</p><a href="https://www.amazon.com/dp/B07KLFC2Y9?tag=eloabder-20&linkCode=osi&th=1&psc=1">View Product</a></div><div class="product"><a href="https://www.amazon.com/dp/B01DBP3YTO?tag=eloabder-20&linkCode=osi&th=1&psc=1"><img src="https://m.media-amazon.com/images/I/31UXo0CedPL._SL500_.jpg" alt="Product Image"></a><p>iSonic - CSGJ01x2 CSGJ01-8OZx2 Ultrasonic Jewelry/Eye Wear Cleaning Solution Concentrate (Pack of 2)</p><p>$14.29 ($0.89 / Ounce)</p><a href="https://www.amazon.com/dp/B01DBP3YTO?tag=eloabder-20&linkCode=osi&th=1&psc=1">View Product</a></div><div class="product"><a href="https://www.amazon.com/dp/B002C2O5EQ?tag=eloabder-20&linkCode=osi&th=1&psc=1"><img src="https://m.media-amazon.com/images/I/412RaKelAmL._SL500_.jpg" alt="Product Image"></a><p>Betadine Antiseptic Liquid First Aid Solution, Povidone-iodine 10%, Infection Protection, Kills Germs In Minor Cuts Scrapes And Burns, No Sting Promise, No Alcohol or Hydrogen Peroxide, 8 FL OZ</p><p>$10.99 ($1.37 / Fl Oz)</p><a href="https://www.amazon.com/dp/B002C2O5EQ?tag=eloabder-20&linkCode=osi&th=1&psc=1">View Product</a></div><div class="product"><a href="https://www.amazon.com/dp/B0CN6F2GBN?tag=eloabder-20&linkCode=osi&th=1&psc=1"><img src="https://m.media-amazon.com/images/I/314BZ1QOH0L._SL500_.jpg" alt="Product Image"></a><p>Listerine Clinical Solutions Gum Health Antiseptic Mouthwash, Antigingivitis & Antiplaque Oral Rinse Helps Prevent Buildup & Immediately Kills Germs for Healthier Gums, Icy Mint, 1 L</p><p>$11.97 ($0.35 / Fl Oz)</p><a href="https://www.amazon.com/dp/B0CN6F2GBN?tag=eloabder-20&linkCode=osi&th=1&psc=1">View Product</a></div><div class="product"><a href="https://www.amazon.com/dp/B07HMHNHPZ?tag=eloabder-20&linkCode=osi&th=1&psc=1"><img src="https://m.media-amazon.com/images/I/31yVHZbeC1L._SL500_.jpg" alt="Product Image"></a><p>Stuart Pet Supply Co. Professional Strength Deep Clean (Gal.) 3X Carpet Cleaner Solution & Deodorizer, Concentrated Encapsulating Carpet Shampoo, Pet Odor & Dirty Carpet Cleaning Solution 128 fl oz.</p><p>$32.97 ($0.26 / Fl Oz)</p><a href="https://www.amazon.com/dp/B07HMHNHPZ?tag=eloabder-20&linkCode=osi&th=1&psc=1">View Product</a></div><div class="product"><a href="https://www.amazon.com/dp/B07N2X9ZPP?tag=eloabder-20&linkCode=osi&th=1&psc=1"><img src="https://m.media-amazon.com/images/I/41sdWXmDR1L._SL500_.jpg" alt="Product Image"></a><p>Calyptus Ultrasonic Jewelry Cleaner Solution Concentrate | Professional Power for Use in All Ultrasonic Machines | Plant-Based Eyeglass and Jewelry Cleaner | USA Made, 8 Ounces</p><p>$8.99 ($1.12 / Fl Oz)</p><a href="https://www.amazon.com/dp/B07N2X9ZPP?tag=eloabder-20&linkCode=osi&th=1&psc=1">View Product</a></div><div class="product"><a href="https://www.amazon.com/dp/B002S52WX8?tag=eloabder-20&linkCode=osi&th=1&psc=1"><img src="https://m.media-amazon.com/images/I/41+tl9gd+IL._SL500_.jpg" alt="Product Image"></a><p>Bissell 74R7 Pet Stain & Odor Portable Machine Formula, 32-Ounce, Fl Oz</p><p>$7.79 ($0.24 / Fl Oz)</p><a href="https://www.amazon.com/dp/B002S52WX8?tag=eloabder-20&linkCode=osi&th=1&psc=1">View Product</a></div><div class="product"><a href="https://www.amazon.com/dp/B002A615DS?tag=eloabder-20&linkCode=osi&th=1&psc=1"><img src="https://m.media-amazon.com/images/I/31u3+BIo8TL._SL500_.jpg" alt="Product Image"></a><p>PhysiciansCare Eye Wash Solution, Sterile Isotonic Buffered Solution for Flushing & Irrigating Eyes, 32-oz Bottle</p><p>$12.99</p><a href="https://www.amazon.com/dp/B002A615DS?tag=eloabder-20&linkCode=osi&th=1&psc=1">View Product</a></div>

<div class="product"><a href="https://www.amazon.com/dp/B007OCF0C0?tag=eloabder-20&linkCode=osi&th=1&psc=1"><img src="https://m.media-amazon.com/images/I/51zhgF0vIvL._SL500_.jpg" alt="Product Image"></a><p>Tru-Ray Construction Paper, 10 Vibrant Colors, 9" x 12", 50 Sheets</p><p>$5.59</p><a href="https://www.amazon.com/dp/B007OCF0C0?tag=eloabder-20&linkCode=osi&th=1&psc=1">View Product</a></div><div class="product"><a href="https://www.amazon.com/dp/B0BM27YSBB?tag=eloabder-20&linkCode=osi&th=1&psc=1"><img src="https://m.media-amazon.com/images/I/41j2z0sRK8L._SL500_.jpg" alt="Product Image"></a><p>Gorilla Heavy Duty Construction Adhesive, 7 Ounce Squeeze Tube, White, (Pack of 1)</p><p>$9.47 ($1.35 / Fl Oz)</p><a href="https://www.amazon.com/dp/B0BM27YSBB?tag=eloabder-20&linkCode=osi&th=1&psc=1">View Product</a></div>

<div class="product"><a href="https://www.amazon.com/dp/B0CKS5ZWSL?tag=eloabder-20&linkCode=osi&th=1&psc=1"><img src="https://m.media-amazon.com/images/I/41+W3m7P-OL._SL500_.jpg" alt="Product Image"></a><p>Pestie Home Barrier Pest Control Kit, Expert Pest Control for Your Home, Fast-Acting, Long-Lasting Insect Killer, Professional Spray Protects Against Common Pests</p><p>$59.99</p><a href="https://www.amazon.com/dp/B0CKS5ZWSL?tag=eloabder-20&linkCode=osi&th=1&psc=1">View Product</a></div><div class="product"><a href="https://www.amazon.com/dp/B0C4DL4NFR?tag=eloabder-20&linkCode=osi&th=1&psc=1"><img src="https://m.media-amazon.com/images/I/51E0GGgePmL._SL500_.jpg" alt="Product Image"></a><p>TAFFY'S Steel Wool for Mice Control - 1 Pack of 3"×15Ft Steel Wool, Gap Filter for House & Garage - Keep Mice Away from Holes, Siding, Pipeline, Vents in Garden, House, 5.29oz</p><p>$6.21</p><a href="https://www.amazon.com/dp/B0C4DL4NFR?tag=eloabder-20&linkCode=osi&th=1&psc=1">View Product</a></div>
<div class="product"><a href="https://www.amazon.com/dp/B004O7HM38?tag=eloabder-20&linkCode=osi&th=1&psc=1"><img src="https://m.media-amazon.com/images/I/51xQHaC+C6L._SL500_.jpg" alt="Product Image"></a><p>Bestine Solvent and Thinner for Rubber Cement – Cleans Ink, Adhesive and Parts, 16 Ounce Can</p><p>$20.73 ($20.73 / Count)</p><a href="https://www.amazon.com/dp/B004O7HM38?tag=eloabder-20&linkCode=osi&th=1&psc=1">View Product</a></div><div class="product"><a href="https://www.amazon.com/dp/B007QZ0CKK?tag=eloabder-20&linkCode=osi&th=1&psc=1"><img src="https://m.media-amazon.com/images/I/41vJCgRq7GL._SL500_.jpg" alt="Product Image"></a><p>C 22 Adhesive Solvent. Oil base 12 oz. spray glue wig cleaner</p><p>$19.80 ($1.65 / Fl Oz )</p><a href="https://www.amazon.com/dp/B007QZ0CKK?tag=eloabder-20&linkCode=osi&th=1&psc=1">View Product</a></div><div class="product"><a href="https://www.amazon.com/dp/B018Q169MM?tag=eloabder-20&linkCode=osi&th=1&psc=1"><img src="https://m.media-amazon.com/images/I/41cNPsqQnOL._SL500_.jpg" alt="Product Image"></a><p>Diversey-990222 Beer Clean Mineral Solvent, (0.5 Ounce, 100-Pack)</p><p>$33.90 ($0.34 / Count)</p><a href="https://www.amazon.com/dp/B018Q169MM?tag=eloabder-20&linkCode=osi&th=1&psc=1">View Product</a></div>

<div class="product"><a href="https://www.amazon.com/dp/B08FM67ZCK?tag=eloabder-20&linkCode=osi&th=1&psc=1"><img src="https://m.media-amazon.com/images/I/41Hlpw7evvL._SL500_.jpg" alt="Product Image"></a><p>Banded Earplugs for Shooting Range Band Ear Plugs Lightweight Silicone Earplugs for Hearing Protection, Noise Reduction, Work, Construction, Sleeping, Concerts, Motor Sports Racing (4 Pieces)</p><p>$5.26 ($1.32 / Count)</p><a href="https://www.amazon.com/dp/B08FM67ZCK?tag=eloabder-20&linkCode=osi&th=1&psc=1">View Product</a></div><div class="product"><a href="https://www.amazon.com/dp/B000DZF7T6?tag=eloabder-20&linkCode=osi&th=1&psc=1"><img src="https://m.media-amazon.com/images/I/415SapNl3yL._SL500_.jpg" alt="Product Image"></a><p>Peltor Sport Tri-Flange Corded Reusable Earplugs, 3 Pair, Noise Reduction Rating (NRR) 26 dB, Comfortable Fit, Ideal For Range, Shooting & Hunting, Washable and Corded, Neon Yellow (97317-10C)</p><p>$9.56 ($3.19 / Count)</p><a href="https://www.amazon.com/dp/B000DZF7T6?tag=eloabder-20&linkCode=osi&th=1&psc=1">View Product</a></div>



<div class="product"><a href="https://www.amazon.com/dp/B0B4DH2K9M?tag=eloabder-20&linkCode=osi&th=1&psc=1"><img src="https://m.media-amazon.com/images/I/41PjRlYpOIL._SL500_.jpg" alt="Product Image"></a><p>[100 Count] Clear Plastic Forks Heavy Duty, Premium Disposable Forks, Durable Plastic Cutlery for Parties, Picnics, Big Event, Daily Use - Heat Resistant & BPA Free</p><p>$6.99</p><a href="https://www.amazon.com/dp/B0B4DH2K9M?tag=eloabder-20&linkCode=osi&th=1&psc=1">View Product</a></div><div class="product"><a href="https://www.amazon.com/dp/B0BPM26K4W?tag=eloabder-20&linkCode=osi&th=1&psc=1"><img src="https://m.media-amazon.com/images/I/51lq2mIP7iL._SL500_.jpg" alt="Product Image"></a><p>360 Count Plastic Silver Ware Heavy Duty, 120 Forks, 120 Spoons, 120 Knives, Heat Resistant & BPA Free Disposable SilverWare, Disposable Cutlery set, Premium Clear Utencils for Party Supply</p><p>$19.99</p><a href="https://www.amazon.com/dp/B0BPM26K4W?tag=eloabder-20&linkCode=osi&th=1&psc=1">View Product</a></div><div class="product"><a href="https://www.amazon.com/dp/B0CZJ4G4L9?tag=eloabder-20&linkCode=osi&th=1&psc=1"><img src="https://m.media-amazon.com/images/I/41JhaO2sBzL._SL500_.jpg" alt="Product Image"></a><p>Dealusy 100 Count Clear Plastic Spoons Disposable, BPA-Free, Heat Resistant, Solid and Durable Disposable Spoons Heavy Duty Bulk, Premium Spoons plastic disposable for Party Supply</p><p>$6.99</p><a href="https://www.amazon.com/dp/B0CZJ4G4L9?tag=eloabder-20&linkCode=osi&th=1&psc=1">View Product</a></div><div class="product"><a href="https://www.amazon.com/dp/B085T6685R?tag=eloabder-20&linkCode=osi&th=1&psc=1"><img src="https://m.media-amazon.com/images/I/41RbX0YJ2PL._SL500_.jpg" alt="Product Image"></a><p>POSATE Heavy Weight Plastic Forks, Clear Disposable, 100 Count</p><p>$9.97</p><a href="https://www.amazon.com/dp/B085T6685R?tag=eloabder-20&linkCode=osi&th=1&psc=1">View Product</a></div><div class="product"><a href="https://www.amazon.com/dp/B0CBQFKXP2?tag=eloabder-20&linkCode=osi&th=1&psc=1"><img src="https://m.media-amazon.com/images/I/41VpEpWpC6L._SL500_.jpg" alt="Product Image"></a><p>Dealusy 360 Count Extra Heavy Duty Clear Plastic Forks Disposable, BPA-Free, Heat Resistant, Solid and Durable Disposable Forks Bulk, Premium Plastic Forks heavy duty for Party Supply</p><p>$19.99</p><a href="https://www.amazon.com/dp/B0CBQFKXP2?tag=eloabder-20&linkCode=osi&th=1&psc=1">View Product</a></div>
<div class="product"><a href="https://www.amazon.com/dp/B07QJ1Y527?tag=eloabder-20&linkCode=osi&th=1&psc=1"><img src="https://m.media-amazon.com/images/I/41EKsAkAC9L._SL500_.jpg" alt="Product Image"></a><p>YESWELDER True Color Solar Powered Auto Darkening Welding Helmet, Wide Shade 4/9-13 for TIG MIG ARC Weld Hood Helmet</p><p>$39.99</p><a href="https://www.amazon.com/dp/B07QJ1Y527?tag=eloabder-20&linkCode=osi&th=1&psc=1">View Product</a></div>


<div class="product"><a href="https://www.amazon.com/dp/B0B9G9KJF6?tag=eloabder-20&linkCode=osi&th=1&psc=1"><img src="https://m.media-amazon.com/images/I/41kHyu3KoNL._SL500_.jpg" alt="Product Image"></a><p>[Breath Towel] Anti-Fire Smoke Mask, Dust and Smoke Protection, Disaster Safety Supplies, Firefighting Equipment</p><p>$11.99</p><a href="https://www.amazon.com/dp/B0B9G9KJF6?tag=eloabder-20&linkCode=osi&th=1&psc=1">View Product</a></div><div class="product"><a href="https://www.amazon.com/dp/B096R4FZ3Z?tag=eloabder-20&linkCode=osi&th=1&psc=1"><img src="https://m.media-amazon.com/images/I/41Pa1hZoYaS._SL500_.jpg" alt="Product Image"></a><p>Komodo K-101 Advanced Fire Protection - Home Perimeter Shield - Next Generation All Season Fire Retardant - 5 Pound Bag</p><p>$195.00 ($2.44 / Ounce)</p><a href="https://www.amazon.com/dp/B096R4FZ3Z?tag=eloabder-20&linkCode=osi&th=1&psc=1">View Product</a></div>
<div class="product"><a href="https://www.amazon.com/dp/B019660RPG?tag=eloabder-20&linkCode=osi&th=1&psc=1"><img src="https://m.media-amazon.com/images/I/41wsMk2hIZL._SL500_.jpg" alt="Product Image"></a><p>Vashe Wound Solution OTC | Pure Hypochlorous Acid-Preserved Wound Cleanser | Home Wound Care | Non-Cytotoxic and Skin-Neutral pH | 8.5 Fl Oz</p><p>$23.99</p><a href="https://www.amazon.com/dp/B019660RPG?tag=eloabder-20&linkCode=osi&th=1&psc=1">View Product</a></div><div class="product"><a href="https://www.amazon.com/dp/B07KLFC2Y9?tag=eloabder-20&linkCode=osi&th=1&psc=1"><img src="https://m.media-amazon.com/images/I/41GocGphpRL._SL500_.jpg" alt="Product Image"></a><p>Bioesque Botanical Disinfectant Solution, Heavy Duty Broad-Spectrum Disinfectant, Kills 99.9% of Bacteria, Viruses*, Fungi, & Molds, 1 Gallon (Pack of 1)</p><p>$29.99 ($0.23 / FL Oz)</p><a href="https://www.amazon.com/dp/B07KLFC2Y9?tag=eloabder-20&linkCode=osi&th=1&psc=1">View Product</a></div><div class="product"><a href="https://www.amazon.com/dp/B01DBP3YTO?tag=eloabder-20&linkCode=osi&th=1&psc=1"><img src="https://m.media-amazon.com/images/I/31UXo0CedPL._SL500_.jpg" alt="Product Image"></a><p>iSonic - CSGJ01x2 CSGJ01-8OZx2 Ultrasonic Jewelry/Eye Wear Cleaning Solution Concentrate (Pack of 2)</p><p>$14.29 ($0.89 / Ounce)</p><a href="https://www.amazon.com/dp/B01DBP3YTO?tag=eloabder-20&linkCode=osi&th=1&psc=1">View Product</a></div><div class="product"><a href="https://www.amazon.com/dp/B002C2O5EQ?tag=eloabder-20&linkCode=osi&th=1&psc=1"><img src="https://m.media-amazon.com/images/I/412RaKelAmL._SL500_.jpg" alt="Product Image"></a><p>Betadine Antiseptic Liquid First Aid Solution, Povidone-iodine 10%, Infection Protection, Kills Germs In Minor Cuts Scrapes And Burns, No Sting Promise, No Alcohol or Hydrogen Peroxide, 8 FL OZ</p><p>$10.99 ($1.37 / Fl Oz)</p><a href="https://www.amazon.com/dp/B002C2O5EQ?tag=eloabder-20&linkCode=osi&th=1&psc=1">View Product</a></div><div class="product"><a href="https://www.amazon.com/dp/B0CN6F2GBN?tag=eloabder-20&linkCode=osi&th=1&psc=1"><img src="https://m.media-amazon.com/images/I/314BZ1QOH0L._SL500_.jpg" alt="Product Image"></a><p>Listerine Clinical Solutions Gum Health Antiseptic Mouthwash, Antigingivitis & Antiplaque Oral Rinse Helps Prevent Buildup & Immediately Kills Germs for Healthier Gums, Icy Mint, 1 L</p><p>$11.97 ($0.35 / Fl Oz)</p><a href="https://www.amazon.com/dp/B0CN6F2GBN?tag=eloabder-20&linkCode=osi&th=1&psc=1">View Product</a></div><div class="product"><a href="https://www.amazon.com/dp/B07HMHNHPZ?tag=eloabder-20&linkCode=osi&th=1&psc=1"><img src="https://m.media-amazon.com/images/I/31yVHZbeC1L._SL500_.jpg" alt="Product Image"></a><p>Stuart Pet Supply Co. Professional Strength Deep Clean (Gal.) 3X Carpet Cleaner Solution & Deodorizer, Concentrated Encapsulating Carpet Shampoo, Pet Odor & Dirty Carpet Cleaning Solution 128 fl oz.</p><p>$32.97 ($0.26 / Fl Oz)</p><a href="https://www.amazon.com/dp/B07HMHNHPZ?tag=eloabder-20&linkCode=osi&th=1&psc=1">View Product</a></div><div class="product"><a href="https://www.amazon.com/dp/B07N2X9ZPP?tag=eloabder-20&linkCode=osi&th=1&psc=1"><img src="https://m.media-amazon.com/images/I/41sdWXmDR1L._SL500_.jpg" alt="Product Image"></a><p>Calyptus Ultrasonic Jewelry Cleaner Solution Concentrate | Professional Power for Use in All Ultrasonic Machines | Plant-Based Eyeglass and Jewelry Cleaner | USA Made, 8 Ounces</p><p>$8.99 ($1.12 / Fl Oz)</p><a href="https://www.amazon.com/dp/B07N2X9ZPP?tag=eloabder-20&linkCode=osi&th=1&psc=1">View Product</a></div><div class="product"><a href="https://www.amazon.com/dp/B002S52WX8?tag=eloabder-20&linkCode=osi&th=1&psc=1"><img src="https://m.media-amazon.com/images/I/41+tl9gd+IL._SL500_.jpg" alt="Product Image"></a><p>Bissell 74R7 Pet Stain & Odor Portable Machine Formula, 32-Ounce, Fl Oz</p><p>$7.79 ($0.24 / Fl Oz)</p><a href="https://www.amazon.com/dp/B002S52WX8?tag=eloabder-20&linkCode=osi&th=1&psc=1">View Product</a></div><div class="product"><a href="https://www.amazon.com/dp/B002A615DS?tag=eloabder-20&linkCode=osi&th=1&psc=1"><img src="https://m.media-amazon.com/images/I/31u3+BIo8TL._SL500_.jpg" alt="Product Image"></a><p>PhysiciansCare Eye Wash Solution, Sterile Isotonic Buffered Solution for Flushing & Irrigating Eyes, 32-oz Bottle</p><p>$12.99</p><a href="https://www.amazon.com/dp/B002A615DS?tag=eloabder-20&linkCode=osi&th=1&psc=1">View Product</a></div>

<div class="product"><a href="https://www.amazon.com/dp/B007OCF0C0?tag=eloabder-20&linkCode=osi&th=1&psc=1"><img src="https://m.media-amazon.com/images/I/51zhgF0vIvL._SL500_.jpg" alt="Product Image"></a><p>Tru-Ray Construction Paper, 10 Vibrant Colors, 9" x 12", 50 Sheets</p><p>$5.59</p><a href="https://www.amazon.com/dp/B007OCF0C0?tag=eloabder-20&linkCode=osi&th=1&psc=1">View Product</a></div><div class="product"><a href="https://www.amazon.com/dp/B0BM27YSBB?tag=eloabder-20&linkCode=osi&th=1&psc=1"><img src="https://m.media-amazon.com/images/I/41j2z0sRK8L._SL500_.jpg" alt="Product Image"></a><p>Gorilla Heavy Duty Construction Adhesive, 7 Ounce Squeeze Tube, White, (Pack of 1)</p><p>$9.47 ($1.35 / Fl Oz)</p><a href="https://www.amazon.com/dp/B0BM27YSBB?tag=eloabder-20&linkCode=osi&th=1&psc=1">View Product</a></div>

<div class="product"><a href="https://www.amazon.com/dp/B0CKS5ZWSL?tag=eloabder-20&linkCode=osi&th=1&psc=1"><img src="https://m.media-amazon.com/images/I/41+W3m7P-OL._SL500_.jpg" alt="Product Image"></a><p>Pestie Home Barrier Pest Control Kit, Expert Pest Control for Your Home, Fast-Acting, Long-Lasting Insect Killer, Professional Spray Protects Against Common Pests</p><p>$59.99</p><a href="https://www.amazon.com/dp/B0CKS5ZWSL?tag=eloabder-20&linkCode=osi&th=1&psc=1">View Product</a></div><div class="product"><a href="https://www.amazon.com/dp/B0C4DL4NFR?tag=eloabder-20&linkCode=osi&th=1&psc=1"><img src="https://m.media-amazon.com/images/I/51E0GGgePmL._SL500_.jpg" alt="Product Image"></a><p>TAFFY'S Steel Wool for Mice Control - 1 Pack of 3"×15Ft Steel Wool, Gap Filter for House & Garage - Keep Mice Away from Holes, Siding, Pipeline, Vents in Garden, House, 5.29oz</p><p>$6.21</p><a href="https://www.amazon.com/dp/B0C4DL4NFR?tag=eloabder-20&linkCode=osi&th=1&psc=1">View Product</a></div>
<div class="product"><a href="https://www.amazon.com/dp/B004O7HM38?tag=eloabder-20&linkCode=osi&th=1&psc=1"><img src="https://m.media-amazon.com/images/I/51xQHaC+C6L._SL500_.jpg" alt="Product Image"></a><p>Bestine Solvent and Thinner for Rubber Cement – Cleans Ink, Adhesive and Parts, 16 Ounce Can</p><p>$20.73 ($20.73 / Count)</p><a href="https://www.amazon.com/dp/B004O7HM38?tag=eloabder-20&linkCode=osi&th=1&psc=1">View Product</a></div><div class="product"><a href="https://www.amazon.com/dp/B007QZ0CKK?tag=eloabder-20&linkCode=osi&th=1&psc=1"><img src="https://m.media-amazon.com/images/I/41vJCgRq7GL._SL500_.jpg" alt="Product Image"></a><p>C 22 Adhesive Solvent. Oil base 12 oz. spray glue wig cleaner</p><p>$19.80 ($1.65 / Fl Oz )</p><a href="https://www.amazon.com/dp/B007QZ0CKK?tag=eloabder-20&linkCode=osi&th=1&psc=1">View Product</a></div><div class="product"><a href="https://www.amazon.com/dp/B018Q169MM?tag=eloabder-20&linkCode=osi&th=1&psc=1"><img src="https://m.media-amazon.com/images/I/41cNPsqQnOL._SL500_.jpg" alt="Product Image"></a><p>Diversey-990222 Beer Clean Mineral Solvent, (0.5 Ounce, 100-Pack)</p><p>$33.90 ($0.34 / Count)</p><a href="https://www.amazon.com/dp/B018Q169MM?tag=eloabder-20&linkCode=osi&th=1&psc=1">View Product</a></div>

<div class="product"><a href="https://www.amazon.com/dp/B08FM67ZCK?tag=eloabder-20&linkCode=osi&th=1&psc=1"><img src="https://m.media-amazon.com/images/I/41Hlpw7evvL._SL500_.jpg" alt="Product Image"></a><p>Banded Earplugs for Shooting Range Band Ear Plugs Lightweight Silicone Earplugs for Hearing Protection, Noise Reduction, Work, Construction, Sleeping, Concerts, Motor Sports Racing (4 Pieces)</p><p>$5.26 ($1.32 / Count)</p><a href="https://www.amazon.com/dp/B08FM67ZCK?tag=eloabder-20&linkCode=osi&th=1&psc=1">View Product</a></div><div class="product"><a href="https://www.amazon.com/dp/B000DZF7T6?tag=eloabder-20&linkCode=osi&th=1&psc=1"><img src="https://m.media-amazon.com/images/I/415SapNl3yL._SL500_.jpg" alt="Product Image"></a><p>Peltor Sport Tri-Flange Corded Reusable Earplugs, 3 Pair, Noise Reduction Rating (NRR) 26 dB, Comfortable Fit, Ideal For Range, Shooting & Hunting, Washable and Corded, Neon Yellow (97317-10C)</p><p>$9.56 ($3.19 / Count)</p><a href="https://www.amazon.com/dp/B000DZF7T6?tag=eloabder-20&linkCode=osi&th=1&psc=1">View Product</a></div>


2